Quarters,Year,Quarter,FillingDate,Date,NetIncome,Revenue,OperatingIncome,EPSDiluted,GrossProfit,GrossProfitRatio,TotalAssets,CommonStockEquity,CurrentAssets,CurrentLiability,TotalLiability,Inventory,RetainedEarnings,MarketCap,EnterpriseValue,bookValuePerShare,currentRatio,debtToAssets,debtToEquity,roic,shareholdersEquityPerShare,roe,priceToSalesRatio,peRatio,pbRatio,payoutRatio,inventoryTurnover,dividendYield,assetTurnover,quickRatio,returnOnAssets,priceToFreeCashFlowsRatio,grossProfitMargin,epsdilutedGrowth,fiveYNetIncomeGrowthPerShare,fiveYRevenueGrowthPerShare,fiveYShareholdersEquityGrowthPerShare,grossProfitGrowth,netIncomeGrowth,operatingIncomeGrowth,threeYNetIncomeGrowthPerShare,threeYRevenueGrowthPerShare,threeYShareholdersEquityGrowthPerShare,Industry,Sector,Symbol
2023Q1,2023,Q1,2023-04-28,2023-03-31,153532000.0,412421000.0,143055000.0,2.38,280577000.0,0.6803169577,12279774000.0,5618781000.0,304746000.0,457000.0,6452709000.0,0.0,-1074930000.0,13480858009.9,19378777009.9,87.16892185030268,666.8402625820569,0.4865787432244274,1.0634116189970744,0.012335857777205837,87.16892185030268,0.02732478806346074,32.68712798305615,21.95121865458015,2.3992495898843536,0.9257288382877836,0.0,0.01054302329240647,0.03358539008942673,666.8402625820569,0.012502835964244945,52.69356425000488,0.6803169576718935,-0.16783216783216784,0.7302231416390174,0.21687325449523018,-0.09606038833576402,-0.023757415493815347,-0.17083682121351226,-0.004419235854965551,-0.5006191226391753,0.0769613650649153,-0.07565558344494773,REIT—Residential,Real Estate,ESS
2022Q4,2022,Q4,2023-02-23,2022-12-31,185165000.0,415183000.0,143690000.0,2.86,287405000.0,0.6922369172,12372905000.0,5716372000.0,258469000.0,52073000.0,6450639000.0,-9386000.0,-1080176000.0,13717016409.359999,19701215409.36,88.31465371823677,4.963589576171913,0.4871030691660528,1.0543190681082337,0.012315270513170598,88.31465371823677,0.03239204866303313,33.03848281206118,18.519990831636647,2.399601777029207,0.769481273458807,-13.613679948860005,0.010387171360586554,0.033555822177572685,4.963589576171913,0.014965361812767496,123.77074341183476,0.6922369172148185,1.0,0.823214154886069,0.22753234126587882,-0.07096238536934273,0.02820539422798287,0.9944098576075483,0.117271087335158,0.46757125947452965,0.1292826034537395,-0.06175310426571664,REIT—Residential,Real Estate,ESS
2022Q3,2022,Q3,2022-10-27,2022-09-30,92842000.0,409748000.0,128608000.0,1.43,279521000.0,0.6821778264,12624330000.0,5703432000.0,464977000.0,219481000.0,6713895000.0,-10858000.0,-1123215000.0,15759405801.939999,21940880801.94,87.664620780939,2.1185296221540817,0.49389108174453616,1.0932091414432574,0.010524378694188126,87.664620780939,0.016278268944032295,38.46121470254888,42.436089813715775,2.763144331683099,1.5434393916546392,-11.9936452385338,0.009092728609244908,0.03245700959971737,1.7897266733794726,0.007354212065115535,61.88386051236742,0.6821778263713306,0.6436781609195402,0.18129752428164742,0.20695542816100326,-0.0766243485256888,0.011723528858195612,0.6272653976934133,-0.00015548714121342165,-0.05400352743404387,0.13026057748550443,-0.07266369782234458,REIT—Residential,Real Estate,ESS
2022Q2,2022,Q2,2022-07-27,2022-06-30,57054000.0,399978000.0,128628000.0,0.87,276282000.0,0.6907429909,12558011000.0,5827847000.0,446072000.0,63175000.0,6518213000.0,-10707000.0,-1073577000.0,17066800820.67,23097511820.67,89.29853257115413,7.060894341115948,0.48408732879753014,1.0431251884272186,0.012085202521926111,89.29853257115413,0.009789893248741775,42.669348865862624,74.7835419982385,2.9284915717022084,2.519630525467101,-11.552815914822078,0.008423078320917354,0.031850425995008286,5.9884606252473285,0.004543235389744443,108.88397453583254,0.6907429908644975,-0.27499999999999997,-0.1879213258045056,0.18809366342518452,-0.07080563834400887,0.08077595615589536,-0.27203827751196175,0.17094219390077378,-0.37737308713523193,0.11375968489878051,-0.04651801592967058,REIT—Residential,Real Estate,ESS
2022Q1,2022,Q1,2022-04-27,2022-03-31,78375000.0,381905000.0,109850000.0,1.2,255633000.0,0.6693627996,12770301000.0,5956983000.0,540266000.0,98000000.0,6592356000.0,-10446000.0,-987333000.0,22551474747.0,28557341747.0,91.25870968211407,5.512918367346939,0.4787999906971652,1.0264289825906838,0.00937720569580524,91.25870968211407,0.013156827877467503,59.04995940613503,71.9345286985646,3.7857208501350437,1.7402488038277513,-12.088071989278193,0.006048030185615425,0.029905716396191443,4.935459183673469,0.006137286818846322,77.70315115461743,0.6693627996491274,-0.45701357466063347,-0.5602264388888718,0.14341621617852324,-0.04502853196558866,0.020197787462286287,-0.4562012142237641,-0.4441830224097714,-0.33628612384794376,0.07910858912594121,-0.03154534605856474,REIT—Residential,Real Estate,ESS
2021Q4,2021,Q4,2022-02-25,2021-12-31,144125000.0,371596000.0,197637000.0,2.21,250572000.0,0.6743129635,12997873000.0,5993603000.0,656464000.0,694357000.0,6786699000.0,-10218000.0,-916833000.0,22952782995.93,29252229995.93,91.97694175317852,0.9454272081940558,0.4891634962120341,1.0608118355520044,0.014850820056824494,91.97694175317852,0.024046470879035532,61.768111055904804,39.81402080820469,3.829546767767235,0.9439167389418908,-11.844196515952241,0.005927037258363094,0.0285889852901317,0.8518672671262766,0.011088352686628035,138.89732524012103,0.67431296354105,0.21428571428571422,-0.2590150124996781,0.13552075770763253,-0.026771888421431345,0.05080139898850112,0.21737477827519217,0.43245319668626014,0.23933871768952175,0.0660355737577869,-0.03106881197722126,REIT—Residential,Real Estate,ESS
2021Q3,2021,Q3,2021-10-27,2021-09-30,118390000.0,362857000.0,137971000.0,1.82,238458000.0,0.6571679752629824,12788641000.0,5949232000.0,521167000.0,438903000.0,6624044000.0,0.0,-917315000.0,20798602913.64,26897470913.64,91.4584237979036,1.18743093576485,0.481663376116352,1.0353975101324002,0.011058118752358232,91.4584237979036,0.019900047602783015,57.31900697420747,43.9196784222485,3.496014765206669,1.147740518624884,0.0,0.006533179202670744,0.02837338228510754,1.0436861903427408,0.00925743399943747,86.73782529344793,0.6571679752629824,0.8200000000000001,0.8185464750703645,0.11011735410246878,-0.015995394453258132,0.017399095485962968,0.8257101440335565,0.47750613079748555,0.484614005866028,0.04997893743364845,-0.043682288649732115,REIT—Residential,Real Estate,ESS
2021Q2,2021,Q2,2021-07-30,2021-06-30,64846000.0,350978000.0,93381000.0,1.0,234380000.0,0.6677911436044425,12747199000.0,5953455000.0,526297000.0,419891000.0,6575470000.0,0.0,-899663000.0,19501153116.77,25645488116.77,91.58925238190393,1.2534133858549004,0.48657834556438634,1.041833859498392,0.007439597742109357,91.58925238190393,0.010892162618177176,55.562323327302565,75.18255989872159,3.2756026738708868,2.095318138358573,0.0,0.0069674341402486675,0.027533735058188076,1.126037471629542,0.005087078345603611,97.27182684029908,0.6677911436044425,-0.6138996138996139,-0.09329764595410762,0.09892945512842365,-0.02019039224206873,-0.005596120475691454,-0.6150293272541616,-0.5268997522557896,-0.3439907538309416,0.022663546190097392,-0.047987407417922484,REIT—Residential,Real Estate,ESS
2021Q1,2021,Q1,2021-04-28,2021-03-31,168444000.0,355125000.0,197381000.0,2.59,235699000.0,0.6637071453713481,12790204000.0,6025176000.0,632965000.0,336347000.0,6542951000.0,0.0,-828625000.0,17666778300.8,23723328300.8,92.70982042978555,1.8818809146506434,0.48239340044928136,1.0240215389558744,0.016042660581394096,92.70982042978555,0.0279566937131795,49.74805575726857,26.220551490109468,2.9321597079985713,0.8018332502196576,0.0,0.007645083766850911,0.027765389824900368,1.6218994074571795,0.013169766486914517,98.94804868661296,0.6637071453713481,0.7619047619047619,1.0714881214341971,0.13747954753313923,-0.01273944390798861,-0.029238296855822535,0.7592981356728811,0.7634167478178521,0.8827609760951066,0.03925531628645381,-0.03860140405682435,REIT—Residential,Real Estate,ESS
2020Q4,2020,Q4,2021-02-19,2020-12-31,95745000.0,362073000.0,111931000.0,1.47,242798000.0,0.6705774802318869,12936177000.0,6000410000.0,532191000.0,356034000.0,6720746000.0,57938000.0,-861193000.0,15463903451.039999,21705434451.04,92.12533864495835,1.494775779841251,0.4889831052868247,1.0541899636858147,0.009036013615497393,92.12533864495835,0.0159564096453409,42.70935267484734,40.3778355293749,2.5771411371956248,1.4155830591675806,2.0586661603783356,0.00876460464391252,0.027989181038571134,1.1990793014150334,0.007401336577259263,124.85489847838197,0.6705774802318869,0.30088495575221247,0.18664137439159365,0.16881680002428187,-0.03503847654367844,-0.02801875122599551,0.29980586741966575,-0.13189387065000738,-0.0631268946171963,0.06383776914128181,-0.030875384114426876,REIT—Residential,Real Estate,ESS
2020Q3,2020,Q3,2020-10-30,2020-09-30,73661000.0,370811000.0,128937000.0,1.13,249797000.0,0.6736504580500579,13401042000.0,6082997000.0,859040000.0,378177000.0,7102841000.0,32878000.0,-821841000.0,13098101341.23,19214054341.23,93.25053576927829,2.2715289401523626,0.4988438958701868,1.0989694717916185,0.010039579162568738,93.25053576927829,0.012109327030738302,35.3228500266443,44.45398970021449,2.1532315964038777,1.8425761257653304,3.6806983393150436,0.010362265221812248,0.027670311010143837,2.061145971330885,0.0054966621252287694,64.50010755464837,0.6736504580500579,-0.1240310077519381,0.6856083160917705,0.21551292572298605,-0.02359840733981709,-0.007619728661382913,-0.12783868905254683,0.07684405692523552,-0.0652444343195797,0.08936305315338029,-0.017787638282833442,REIT—Residential,Real Estate,ESS
2020Q2,2020,Q2,2020-08-05,2020-06-30,84458000.0,370497000.0,119736000.0,1.29,251715000.0,0.6793982137507186,13177411000.0,6166074000.0,533045000.0,355778000.0,6791289000.0,24495000.0,-760028000.0,14990561312.189999,21129124312.19,94.26459417706491,1.4982517187684454,0.48530306901712333,1.0371328660668035,0.009306206653545432,94.26459417706491,0.013697208304668416,40.46068203572498,44.3728282465545,2.431135486241326,1.6097705368348765,4.849234537660747,0.009069573658288694,0.028116069233933737,1.2807312425164006,0.006409301493290298,109.96435874026201,0.6793982137507186,-0.7289915966386554,0.7854491908773406,0.23947703808893245,-0.02001046938637907,-0.08952308610493191,-0.7318844720418024,-0.08484602979279561,0.1993791366198417,0.09800156709599367,-0.019131368778921035,REIT—Residential,Real Estate,ESS
2020Q1,2020,Q1,2020-05-07,2020-03-31,315006000.0,392367000.0,130837000.0,4.76,276465000.0,0.7046081857036907,13450841000.0,6228165000.0,515293000.0,736902000.0,7000249000.0,0.0,-708697000.0,14545493339.44,20835203339.440002,94.3035088318847,0.6992693736751969,0.4885982222226848,1.0552156212945547,0.010160813076281545,94.3035088318847,0.05057765810636038,37.071143443357876,11.543822450556497,2.335438020579095,0.40913188955131014,0.0,0.008860407618526456,0.029170443691959484,0.6314991681390469,0.02341905610214261,58.23438430363327,0.7046081857036907,1.4410256410256408,4.045440541633098,0.3480479625134562,-0.021625943741793885,0.040809411764705886,1.4453570153239454,0.12000719067267031,0.7469889895232287,0.16107762573404558,-0.013166408075661853,REIT—Residential,Real Estate,ESS
2019Q4,2019,Q4,2020-02-20,2019-12-31,128818000.0,375365000.0,116818000.0,1.95,265625000.0,0.707644559295619,12705405000.0,6220427000.0,400587000.0,397313000.0,6264491000.0,0.0,-887619000.0,19882409518.440002,25686928518.440002,94.12730712966618,1.0082403545819039,0.4632369452213448,0.9461750776916118,0.009588780229143102,94.12730712966618,0.020708867735285696,52.96820299825504,38.58624089498362,3.196309436384351,1.1613361486748746,0.0,0.007524289239754975,0.029543725682101438,0.9052107532348551,0.01013883461408747,110.57393328795236,0.707644559295619,0.2913907284768212,1.9541691775970935,0.29135425332260123,-0.009716423243776631,0.036763385713059024,0.296803744903609,-0.058215561234772936,-0.34694300535178857,0.13105120579296786,-0.004018402659977475,REIT—Residential,Real Estate,ESS
2019Q3,2019,Q3,2019-10-24,2019-09-30,99335000.0,366932000.0,124039000.0,1.51,256206000.0,0.6982383656917358,12997892000.0,6225100000.0,566697000.0,602047000.0,6543811000.0,0.0,-887521000.0,21510073664.6,27543983664.6,94.53379596493416,0.9412836539339952,0.471279188963872,0.9840221040625854,0.009844720267021828,94.53379596493416,0.015957173378740905,58.621416678294615,54.13518312930991,3.455378012337151,1.2903004983137867,0.0,0.005958696469316973,0.028230116083438762,0.8722923625564117,0.007642393089587142,86.15298275984988,0.6982383656917358,0.07857142857142865,0.7260933758104868,0.29566389434420454,-0.006320214584544082,-0.006861103358451949,0.07651043077756706,-0.004182723185613359,0.5072650800970775,0.10891161395758796,0.01709264982372723,REIT—Residential,Real Estate,ESS
2019Q2,2019,Q2,2019-07-25,2019-06-30,92275000.0,361635000.0,124560000.0,1.4,257976000.0,0.7133601559583558,12671145000.0,6154907000.0,390354000.0,451348000.0,6289199000.0,0.0,-857994000.0,19323300528.179996,25187806528.179996,93.65518600566176,0.8648625893988674,0.46716196523676434,0.9617492189565171,0.010249650075169038,93.65518600566176,0.01499210304883567,53.433159202455506,52.35248043397453,3.139495126113197,1.3889027363858033,0.0,0.006632459077738677,0.028540041172285535,0.7639803433271002,0.007282293746934472,129.49364388749646,0.7133601559583558,-0.22651933701657465,12.785807755730767,0.31253910738896634,-0.01068547152445559,0.032920393667368694,-0.22365343519157313,0.07662388175807079,0.2761464069724248,0.11994133030637562,0.0019106901546691473,REIT—Residential,Real Estate,ESS
2019Q1,2019,Q1,2019-04-26,2019-03-31,118858000.0,356223000.0,115695000.0,1.81,249754000.0,0.7011169969373118,12578001000.0,6191257000.0,453193000.0,374997000.0,6223637000.0,0.0,-822087000.0,18940142696.76,24630827696.76,94.23126762900837,1.2085243348613455,0.46230009045157494,0.9391971614164942,0.009573376357190248,94.23126762900837,0.019197717038720894,53.16934250949545,39.83775323655118,3.0591756563747876,1.0308519409715795,0.0,0.0064690642494979606,0.028321113983056607,1.0835020013493442,0.009449673282741829,79.35237676911731,0.7011169969373118,0.016853932584269676,1.928404088419235,0.2639946726868868,0.750745411146792,0.011317668114950255,0.008810049227635376,0.057425145322268126,0.4458242961852423,0.12861158957837793,0.003462343572626282,REIT—Residential,Real Estate,ESS
2018Q4,2018,Q4,2019-02-21,2018-12-31,117820000.0,353158000.0,109412000.0,1.78,246959000.0,0.6992875710022143,12383596000.0,6267073000.0,472274000.0,314960000.0,5954277000.0,0.0,-812796000.0,16188883617.27,21643430617.27,94.92618556418707,1.499472948945898,0.4526909631095846,0.8945072125376551,0.009215182495768767,94.92618556418707,0.018799844839847885,45.840342331959064,34.35088189031998,2.583164998599825,1.0428789679171617,0.0,0.007589899520243782,0.02851821070390216,1.374253873507747,0.00951419926812858,136.47339569282516,0.6992875710022143,0.459016393442623,1.0131252574294358,0.2838050071015444,0.8844259539932872,0.006430815751830826,0.4550169805495523,-0.03937768334547881,0.44060695426089,0.12471492643703375,-0.005701167721804197,REIT—Residential,Real Estate,ESS
2018Q3,2018,Q3,2018-10-31,2018-09-30,80975000.0,350917000.0,113897000.0,1.22,245381000.0,0.69925651934788,12518143000.0,6316961000.0,505312000.0,378162000.0,6045450000.0,0.0,-808085000.0,16215792514.0,21674838514.0,95.63602421288356,1.3362315621347465,0.4500405531395511,0.8918326391440441,0.009530624863134865,95.63602421288356,0.012818663911333314,46.20976616692836,50.06419423896264,2.5670243197638865,1.517209015128126,0.0,0.0075763179563337136,0.028032672258177592,1.2015696976428092,0.0064686111989613795,69.38691967086149,0.69925651934788,-0.1973684210526316,-0.34784980274551003,0.27178650988318537,0.8939227216009888,-0.005729451569116068,-0.1937972919155715,-0.020426241915508462,0.8299937047021536,0.13603304600510374,0.0013794085664804326,REIT—Residential,Real Estate,ESS
2018Q2,2018,Q2,2018-08-03,2018-06-30,100440000.0,348723000.0,116272000.0,1.52,246795000.0,0.7077107044846482,12555654000.0,6354185000.0,509491000.0,322794000.0,6044714000.0,0.0,-766193000.0,15790035831.57,21303552831.57,96.20592531606412,1.5783781606845233,0.45326933985278667,0.8956448387952192,0.009652911290216797,96.20592531606412,0.015806905212863646,45.27959392288435,39.30216007459678,2.484982075839781,1.2231282357626443,0.0,0.007780286334396807,0.027774180460850544,1.4038457963902675,0.007999583295302658,113.48715874201315,0.7077107044846482,0.10144927536231894,1.1517307042314961,0.2814804693632286,0.923227783414835,0.009295687095639656,0.1047317362898436,0.05178792730693732,1.1028849035204,0.155410948145124,0.00017191412974637264,REIT—Residential,Real Estate,ESS
2018Q1,2018,Q1,2018-05-04,2018-03-31,90918000.0,347255000.0,110547000.0,1.38,244522000.0,0.7041568875898115,12642667000.0,6368773000.0,467395000.0,356902000.0,6109349000.0,0.0,-743773000.0,15895475214.960001,21475367214.96,96.43224030177932,1.3095891869476775,0.4523547128149464,0.8979704567897144,0.009145379745416493,96.43224030177932,0.014275591232408503,45.774647492361524,43.70827343034383,2.4958457798637195,1.2715083921775665,0.0,0.007272698578473478,0.027466910265057206,1.141344122476198,0.0071913623921281795,62.726066409745435,0.7041568875898115,-0.12101910828025488,0.920223516548424,0.3048973658820839,0.9063708633930182,0.012777660424872741,-0.1225232355013367,-0.016266963292547273,0.45622634660049144,0.19305405761727193,0.00045908436249565633,REIT—Residential,Real Estate,ESS
2017Q4,2017,Q4,2018-02-22,2017-12-31,103613000.0,345064000.0,112375000.0,1.57,241437000.0,0.6996875941854265,12495706000.0,6277406000.0,404453000.0,479691000.0,6059675000.0,0.0,-833726000.0,15939108837.26,21567108837.260002,95.06036389425053,0.8431531965369373,0.4552864800116136,0.9062861315645347,0.009390774202584341,95.06036389425053,0.016505703151907015,46.19174656660793,38.458274630741315,2.5391234591581298,1.1148697557256328,0.0,0.007247268412520453,0.02761460616951135,0.7339224625852893,0.008291888429513306,132.45833509727174,0.6996875941854265,0.29752066115702486,0.24713889402586156,0.29532939037795797,0.9287633723213058,0.005015984548270006,0.2996625816890985,-0.002609413414515084,1.3779180131134516,0.1879963110946206,9.997136396802072e-05,REIT—Residential,Real Estate,ESS
2017Q3,2017,Q3,2017-11-03,2017-09-30,79723000.0,344369000.0,112669000.0,1.21,240232000.0,0.6976005389567586,12512523000.0,6265508000.0,420857000.0,405994000.0,6088585000.0,0.0,-821732000.0,16764683430.88,22316632430.879997,94.93928136503162,1.0366089154026907,0.4487681661004739,0.8962117676651279,0.009483339828444886,94.93928136503162,0.01272410792548665,48.68232457300163,52.571665111950125,2.6757101628279782,1.448666006045934,0.0,0.006889005717058009,0.027521947412204557,0.9098755154017054,0.006371456819699752,73.50545625928426,0.6976005389567586,0.12037037037037027,1.608046528061129,0.434239819145168,1.1641372176243767,-0.002346374747193694,0.1266835314235645,0.0037595659572193466,0.3822751773133062,0.2133321473850216,-0.0020580071777093487,REIT—Residential,Real Estate,ESS
2017Q2,2017,Q2,2017-07-31,2017-06-30,70759000.0,339062000.0,112247000.0,1.08,240797000.0,0.7101857477393515,12524951000.0,6316773000.0,459526000.0,308435000.0,6041843000.0,3015000.0,-785939000.0,16910118867.98,22373637867.98,96.10317954578213,1.4898633423573848,0.4521690344337475,0.8965645908124291,0.00936940116365647,96.10317954578213,0.011201763938643987,49.87323518406663,59.745470074407486,2.6770186087073258,1.6218572902386976,32.592039800995025,0.006786528284984716,0.027070924269484167,1.3180443205213417,0.005649443259298979,125.84742775902359,0.7101857477393515,-0.6029411764705882,-0.03198499565795163,0.345286895638001,1.0853056589949928,0.02079774132968193,-0.6046188060168526,0.02761120927209309,9.569683944478893,0.23041910555136647,0.015173593820937557,REIT—Residential,Real Estate,ESS
2017Q1,2017,Q1,2017-05-01,2017-03-31,178964000.0,335404000.0,109231000.0,2.72,235891000.0,0.7033040750855685,12447427000.0,6264021000.0,343800000.0,517174000.0,6013009000.0,0.0,-741204000.0,15176672030.52,20678927030.52,95.56171334621033,0.6647665969286932,0.4500935815891911,0.8943946707713784,0.009204967114222458,95.56171334621033,0.028570146875305815,45.24892974001503,21.20073315096891,2.422832239949387,0.5859111329652891,0.0,0.006909090463912942,0.026945649088763485,0.5609021335179263,0.014377589842463024,71.45729528278434,0.7033040750855685,-0.08724832214765094,2.8435395618198287,0.3565601483923928,1.2233345107590954,0.025430249390326072,-0.08490609452418328,0.03516868840030326,3.4195981758283036,0.19290551297629221,0.7754640824835891,REIT—Residential,Real Estate,ESS
2016Q4,2016,Q4,2017-02-24,2016-12-31,195569000.0,329038000.0,105520000.0,2.98,230041000.0,0.6991320151471866,12217408000.0,6192178000.0,500868000.0,409305000.0,5880487000.0,101957000.0,-805409000.0,15233583210.0,20626541210.0,94.50707460966434,1.2237035951185546,0.45535517844701595,0.8984334752650844,0.008970525314769277,94.50707460966434,0.03158323291094022,46.29733711607778,19.473412465677075,2.460133285897143,0.5361279139331898,0.9709681532410722,0.006882819265474705,0.02693189913932644,0.8562343484687458,0.01600740517137514,135.12376669800776,0.6991320151471866,1.98,5.518459769655743,0.3428397692897416,1.1972392735981505,0.0010051781906792567,1.983008190845167,-0.03557196651189998,2.367064268747957,0.20524596142256457,0.8761059782604428,REIT—Residential,Real Estate,ESS
2016Q3,2016,Q3,2016-10-31,2016-09-30,65561000.0,329171000.0,109412000.0,1.0,229810000.0,0.6981477712192143,12177196000.0,6088618000.0,439399000.0,330326000.0,5949185000.0,0.0,-896120000.0,14588557886.3,19978077886.3,92.94511761668699,1.3301980467780314,0.45861847013056206,0.9172339273050141,0.009372838283588068,92.94511761668699,0.010767796567299837,44.319086086866704,55.629710827702446,2.3960376371616676,1.5984502981955735,0.0,0.007183437925582289,0.027031756736115607,1.1255880554361448,0.005383915968832234,68.91277060643564,0.6981477712192143,-0.09090909090909098,2.6943835048990956,0.39883780138725405,1.237531576023521,0.01906337163153904,-0.089594934247983,0.033426841593229624,-0.46760155429360317,0.20288998577923012,0.8406335014960391,REIT—Residential,Real Estate,ESS
2016Q2,2016,Q2,2016-08-01,2016-06-30,72013000.0,321590000.0,105873000.0,1.1,225511000.0,0.7012376006716626,12206691000.0,6118146000.0,435193000.0,293853000.0,5947084000.0,0.0,-856815000.0,14928743679.9,20331653679.9,93.47658122222832,1.4809887937165862,0.460262818154404,0.9182987787476794,0.0090208847118102,93.47658122222832,0.011770395802911535,46.421666345035604,51.82655798223932,2.4400764022140042,1.4721230888867287,0.0,0.007101200360398318,0.02634538713235225,1.3206841515996093,0.005899469397562369,112.11637412244468,0.7012376006716626,-0.07563025210084022,1.5640561774206616,0.3432909218303802,1.2572578389266875,0.0263936425866589,-0.12003274842367662,0.05878293914695735,0.5568011166432637,0.19254548602412228,0.8686661711802534,REIT—Residential,Real Estate,ESS
2016Q1,2016,Q1,2016-05-03,2016-03-31,81836000.0,314202000.0,99995000.0,1.19,219712000.0,0.6992698964360506,12067484000.0,6141992000.0,277214000.0,482957000.0,5780041000.0,0.0,-824046000.0,15295766244.44,20600404244.440002,93.9061323352871,0.573993129823152,0.44357233040458144,0.8715091130043804,0.008290938342102544,93.9061323352871,0.0133240160521212,48.68131407323951,46.726887446967105,2.4903591936362015,1.1666748130407156,0.0,0.006241988696362659,0.02603707616268644,0.4243835372507283,0.0067815296046798154,78.47121538071639,0.6992698964360506,-0.024590163934426253,3.353291853426895,0.3164355538462616,1.5144989799453972,0.005063928089476453,0.011094912154982827,0.0844974187670817,0.7452776411937216,0.19221618326428536,0.8564321851041462,REIT—Residential,Real Estate,ESS
2015Q4,2015,Q4,2016-02-26,2015-12-31,80938000.0,310746000.0,92204000.0,1.22,218605000.0,0.7034845179020808,12005091000.0,6237733000.0,342284000.0,284341000.0,5622616000.0,26879000.0,-797329000.0,15642276823.93,20834685823.93,95.47047877617096,1.203779968418202,0.4427674892260292,0.8521467654995813,0.007980821239350459,95.47047877617096,0.012975547366326837,50.33782196369382,48.315614494829376,2.507686177643384,1.1769131928142529,3.4279921128018156,0.0060897145007863,0.02588451849302933,0.984117661540193,0.006741973051266333,135.9795958058487,0.7034845179020808,0.8769230769230768,5.913638447691658,0.2939552602615456,1.4649900021394069,0.038469029533459695,0.8548021174691203,0.11506971906783248,-0.015363096463121718,0.17898744177376244,0.9370845540450784,REIT—Residential,Real Estate,ESS
2015Q3,2015,Q3,2015-11-04,2015-09-30,43637000.0,304626000.0,82689000.0,0.65,210507000.0,0.6910342518366784,12012717000.0,6221041000.0,274875000.0,306174000.0,5656305000.0,8742000.0,-782801000.0,14553325888.56,19798439888.559998,95.50428478431648,0.8977738148895726,0.44264923580568827,0.8547476218208496,0.007166380334431083,95.50428478431648,0.007014420898367331,47.77440497055405,83.3772136521759,2.3393714795578426,2.1766161743474575,10.766300617707618,0.006526411950594892,0.025358626195888908,0.7447791125307831,0.0036325670537314747,79.64649355618309,0.6910342518366784,-0.07142857142857134,1.8742999855501956,0.3251582066273484,1.730141045419894,0.02145716573258607,-0.06893829478535461,0.021280537509571918,0.44629448276043604,0.28538976038351327,1.1770164485410095,REIT—Residential,Real Estate,ESS
2015Q2,2015,Q2,2015-08-06,2015-06-30,46868000.0,296162000.0,80966000.0,0.7,206085000.0,0.6958522700413963,12045004000.0,6234052000.0,243076000.0,301296000.0,5676534000.0,0.0,-731181000.0,13772164100.0,19076343100.0,96.18938900096319,0.8067680951622325,0.4457724547040416,0.8612906982489078,0.0069777925972106586,96.18938900096319,0.007518063692763551,46.50213092834327,73.46251226849876,2.2091833850599896,1.9918921225569686,0.0,0.006778600612230579,0.024587953644515187,0.7038659656948648,0.003891073842731808,118.7030399407009,0.6958522700413963,-0.2391304347826088,1.115680501538542,0.3317846696732755,1.7670035227579817,0.053055155287120216,-0.22758211513423537,0.07503153422293037,-0.3497339459028159,0.19173415417337145,1.0871762845621968,REIT—Residential,Real Estate,ESS
2015Q1,2015,Q1,2015-05-11,2015-03-31,60677000.0,282873000.0,75315000.0,0.92,195702000.0,0.6918369727757686,12085159000.0,6186707000.0,471471000.0,289727000.0,5759387000.0,0.0,-684436000.0,14756236104.5,19937059104.5,96.38799008279992,1.627293969840574,0.4498122862926338,0.8786666315375854,0.006479958288736927,96.38799008279992,0.00980764080147969,52.16558704613024,60.798309509781305,2.3851519240364865,1.3788255846531634,0.0,0.005669670734970585,0.02340664280875411,1.4243960694032658,0.005020786238724703,100.8263315716111,0.6918369727757686,0.46031746031746035,1.0033972367934998,0.2617094800222571,1.6742765583222574,0.02650420406086578,0.45129039202085675,0.16639048489259883,0.3308295360711557,0.16840919615658084,1.2425586280291725,REIT—Residential,Real Estate,ESS
2014Q4,2014,Q4,2015-03-02,2014-12-31,41809000.0,278700000.0,64571000.0,0.63,190649000.0,0.6840653031933979,11562874000.0,6022672000.0,356640000.0,507639000.0,5403550000.0,56300000.0,-650797000.0,13090718118.4,18105115118.4,95.05086152997704,0.702546494654666,0.4419158247335394,0.8484302316314087,0.005800230298902608,95.05086152997704,0.006941935406743054,46.970642692500896,78.27691476954723,2.1735731446773126,1.9893802769738573,1.5639609236234457,0.006353662132797177,0.024103004149314437,0.4680156567954787,0.0036157965571535244,100.44825639679873,0.6840653031933979,-0.2588235294117647,1.8536382807961502,0.3162199210914599,1.7140798465399982,0.04287488170843111,-0.23933847609344297,-0.010254445125689762,0.4409891549844189,0.17614553584661247,1.2098820305844922,REIT—Residential,Real Estate,ESS
2014Q3,2014,Q3,2014-11-06,2014-09-30,54964000.0,270479000.0,65240000.0,0.85,182811000.0,0.6758787188654203,11666562000.0,5983292000.0,357952000.0,515850000.0,5551677000.0,107772000.0,-608498000.0,11242052428.75,16450300428.75,95.13507002198875,0.6939071435494815,0.4479575902480954,0.8734531090911157,0.00582010643372443,95.13507002198875,0.009186247303323989,41.56349449957298,51.133707648415324,1.8789075359768503,1.499872643912379,0.8134580410496233,0.007333091579360866,0.023184122280411317,0.28883784045749733,0.004711242266573477,80.73229225463372,0.6758787188654203,9.625,22.210064755340746,0.26975602143674554,1.7968362490617047,0.03734324462350338,7.7202919244804065,0.5483197265995823,2.226022026071683,0.19721440936374285,1.2902518025668852,REIT—Residential,Real Estate,ESS
2014Q2,2014,Q2,2014-08-11,2014-06-30,6303000.0,259450000.0,42136000.0,0.08,176230000.0,0.6792445557910965,11348363000.0,5858448000.0,360036000.0,320715000.0,5352615000.0,107772000.0,-575772000.0,11443148508.33,16491181508.33,94.66674481165965,1.122604181282447,0.44640614686012425,0.8647305566252359,0.003857044401504994,94.66674481165965,0.0010758822131731818,44.105409552245135,453.8770628403141,1.9532730355087218,0.22640012692368713,0.7721857254203318,0.00012470344144893518,0.022862328249457654,0.5950017928690582,0.0005554105028187766,154.19539304061337,0.6792445557910965,-0.8620689655172413,-0.7897703069611033,0.08353237684271315,1.683089456366866,0.6288183372614261,-0.7292525773195876,0.24758690116657783,-0.7626464015697151,0.14618072216980266,1.285997722828327,REIT—Residential,Real Estate,ESS
2014Q1,2014,Q1,2014-05-12,2014-03-31,23280000.0,161645000.0,33774000.0,0.58,108195000.0,0.6693371276562838,6633042000.0,2028343000.0,268345000.0,228505000.0,3071289000.0,0.0,-498368000.0,6408346663.650001,9313972663.650002,53.82351256159169,1.1743506706636617,0.44539096842745757,1.456507602511015,0.006778334376956794,53.82351256159169,0.011477348752158782,39.64457090321384,68.81815575225515,3.159399896196058,4.140378006872853,0.0,0.015041009024486874,0.024369663270638116,0.8101529507012976,0.0035097018833892503,91.11436542803521,0.6693371276562838,-0.31764705882352945,-0.11934700423327724,0.062423544151651064,0.641209223738749,0.03792137526141095,-0.2996811262860237,-0.23557104703272827,1.1493260287952503,0.1754356684476043,0.44121756553639035,REIT—Residential,Real Estate,ESS
2013Q4,2013,Q4,2014-02-26,2013-12-31,33242000.0,156246000.0,44182000.0,0.85,104242000.0,0.6671658794465138,5186839000.0,1888968000.0,270405000.0,345278000.0,3184252000.0,0.0,-474426000.0,5381456232.24,8361214232.24,50.374059730513146,0.7831515474487225,0.5848502334466136,1.605916034575493,0.008975535155770695,50.374059730513146,0.01759796883801102,34.44220160669713,40.47181451356717,2.848886922510069,1.3994946152457735,0.0,0.008644871944008266,0.030123549236828057,0.6143020985988102,0.006408913020049398,79.91826532574959,0.6671658794465138,-0.5380434782608696,0.06231813185491401,-0.027332056360690443,0.47571566288049416,0.00497464473709581,-0.526170249159017,-0.10222908581065979,3.9474495390852153,0.13360735260223647,0.3006277458187517,REIT—Residential,Real Estate,ESS
2013Q3,2013,Q3,2013-11-04,2013-09-30,70156000.0,155902000.0,49213000.0,1.84,103726000.0,0.6653282190093777,5085602000.0,1884549000.0,284903000.0,156618000.0,3087549000.0,0.0,-461005000.0,5512247007.4,8377009007.4,50.49626530275723,1.8190948677674341,0.5743186352372837,1.5498434904053968,0.01024138946435242,50.49626530275723,0.03722694395316863,35.35712824338366,19.642821025286505,2.9249687895618526,0.6634927875021381,0.0,0.008444469186070749,0.030655564473979678,1.3633235004916422,0.013795023676646343,87.8109887437474,0.6653282190093777,1.7462686567164176,2.168278986140607,-0.007864308622893494,0.43697645642376465,0.00769425068490489,1.6661092954320893,0.010969822716160973,7.065551311839513,0.1837077231239083,0.44351561665335193,REIT—Residential,Real Estate,ESS
2013Q2,2013,Q2,2013-08-05,2013-06-30,26314000.0,153404000.0,48679000.0,0.67,102934000.0,0.6709994524262731,5058998000.0,1862504000.0,295560000.0,138999000.0,3084605000.0,0.0,-484615000.0,5925605849.400001,8805837849.400002,50.02315697896341,2.12634623270671,0.5782994972522226,1.5707971633886424,0.01016662071961438,50.02315697896341,0.014128291805010889,38.62745332194728,56.29708377099643,3.1815265091511216,1.7650680246256745,0.0,0.007838185863256988,0.030323000720696075,1.7601709364815574,0.0052014252624729244,111.09747172506891,0.6709994524262731,-0.014705882352941188,0.458873431324645,-0.026176594233446288,0.6458182122568933,0.02039116944397633,-0.009672199013962591,0.033370836606024586,1.0676530657896002,0.20076632043947862,0.4389763051606582,REIT—Residential,Real Estate,ESS
2013Q1,2013,Q1,2013-05-06,2013-03-31,26571000.0,149342000.0,47107000.0,0.68,100877000.0,0.6754764232432939,4936459000.0,1874814000.0,196538000.0,247925000.0,2947895000.0,0.0,-464391000.0,5615080102.5,8332984102.5,50.58419752080464,0.7927316728849451,0.5618476725928444,1.4793670198750384,0.010134129256992586,50.58419752080464,0.014172605922507513,37.598800755982914,52.83090683922322,2.9950064926440705,1.5487561627338076,0.0,0.007328835786630703,0.030252859387670392,0.594635474437834,0.00538260319796032,69.66514190270593,0.6754764232432939,-0.44262295081967207,-0.015097570121186775,-0.029065187753731504,0.65157680191307,0.09535805418318041,-0.4116383605323177,0.044408478183753104,0.5193022134055023,0.15356782382435766,0.40345424295313986,REIT—Residential,Real Estate,ESS
2012Q4,2012,Q4,2013-02-25,2012-12-31,45161000.0,144805000.0,45104000.0,1.22,92095000.0,0.635993232277891,4847223000.0,1769153000.0,256872000.0,256302000.0,2962758000.0,0.0,-444466000.0,5264134028.3,8040691028.3,49.28565383313115,1.0022239389470233,0.5815047089849178,1.5932386854048237,0.009831214542106562,49.28565383313115,0.025526904682636267,36.35326147784952,29.140929276920353,2.9755108960615617,0.9035672372179535,0.0,0.007751702327605419,0.029873806094747445,0.7842389056659722,0.009316881026517657,21.25299883442543,0.635993232277891,1.711111111111111,-0.4092824204738571,0.05732948981987088,0.5693519337168119,-0.007949759245096033,1.56786262580315,0.052012874935858565,4.441028183244644,0.2071558187911206,0.407301287320382,REIT—Residential,Real Estate,ESS
2012Q3,2012,Q3,2012-11-05,2012-09-30,17587000.0,138142000.0,42874000.0,0.45,92833000.0,0.6720114085506218,4534672000.0,1665693000.0,276684000.0,125471000.0,2753581000.0,0.0,-448142000.0,5551886691.54,9144590691.54,43.86934460156304,2.205162946019399,0.7982012811510953,2.1730180771606773,0.008111973002724173,43.86934460156304,0.010558368198701682,40.18970835473643,78.9203202868596,3.3330791997925187,2.2751464149655996,0.0,0.007207099536266124,0.03046350430637541,1.7435582724294858,0.0038783400431166796,-270.09908496910725,0.6720114085506218,-0.5794392523364487,-0.05295163325561394,-0.09577367879526505,0.33915116108429616,0.02983004969826056,-0.5425531914893617,0.046524116383518846,12.241419853928372,0.07418283858772926,0.2896965669534075,REIT—Residential,Real Estate,ESS
2012Q2,2012,Q2,2012-08-06,2012-06-30,38446000.0,132561000.0,40968000.0,1.07,90144000.0,0.6800190101160974,4339116000.0,1593225000.0,238281000.0,109919000.0,2628761000.0,0.0,-425058000.0,5321133226.24,8653172226.24,46.08589591230419,2.167787188748078,0.7743164736780487,2.1088352241522696,0.008271227120773886,46.08589591230419,0.02413092940419589,40.14101603216632,34.601344913905216,3.339850445630717,1.013681527337044,0.0,0.007324003805771699,0.030550231890550977,1.7546647986244417,0.008860330076448751,-439.6904004495125,0.6800190101160974,0.5970149253731343,1.2351245237344681,-0.04221765568327882,0.33355478688197254,0.027235225744695397,0.5959319219593192,0.024712356178089045,1.2954824059532724,-0.008985412499324974,0.3061881620154167,REIT—Residential,Real Estate,ESS
2012Q1,2012,Q1,2012-05-07,2012-03-31,24090000.0,127918000.0,39980000.0,0.67,87754000.0,0.6860176050282212,4051378000.0,1457642000.0,215202000.0,107525000.0,2477928000.0,0.0,-422919000.0,5138224233.83,8051342233.83,42.98125760373478,2.001413624738433,0.7309732639116864,2.031671013870347,0.00904710946210431,42.98125760373478,0.016526691739123873,40.16810952195938,53.32320707586135,3.5250248235369175,1.5134495641344956,0.0,0.007095642062476455,0.031573948419525405,1.6403999069983726,0.005946124997469997,357.914755769713,0.6860176050282212,0.46318381664924213,-0.5566788065328865,-0.05160538898795936,0.5942250081007252,0.033421263366150075,0.5740982749607946,0.03849550626006546,0.012642724506132703,-0.06574662064470328,0.310602617144664,REIT—Residential,Real Estate,ESS
2011Q4,2011,Q4,2012-02-27,2011-12-31,15304000.0,124989000.0,38498000.0,0.4579055566198994,84916000.0,0.679387786125179,4036964000.0,1437527000.0,216234000.0,94440000.0,2483236000.0,0.0,-408066000.0,4696088546.889999,7044057546.889999,43.01173556528582,2.2896442185514614,0.5848102683105423,1.6423051532249482,0.010135360159646797,43.01173556528582,0.010646060908769017,37.572014712414685,76.7134171930541,3.266782847828249,2.3413486670151595,0.0,0.0076301798064965926,0.03096113812260897,1.6257200338839475,0.0037909676677820264,-489.9925445419448,0.679387786125179,0.9908937244343451,-0.39226778201886736,0.043247507996924776,0.6259057674258907,0.07886010494352615,0.69030262867241,0.11569002492320177,-0.45126708605878724,-0.12699628229172363,0.26003526817034855,REIT—Residential,Real Estate,ESS
2011Q3,2011,Q3,2011-11-07,2011-09-30,9054000.0,120058000.0,34506000.0,0.23,78709000.0,0.6555914641256726,3905165000.0,1388310000.0,199956000.0,112610000.0,2398942000.0,0.0,-386752000.0,4011945549.5600004,6748917549.56,41.53913116250474,1.775650475091022,0.7093142031130567,1.9952236892336725,0.008298104585552891,41.53913116250474,0.006521598202130648,33.416728161055495,110.77826235807379,2.889805266518285,3.898718798321184,0.0,0.008798474347158407,0.030743387283251798,1.4229642127697362,0.002318467977665476,127.22602744846833,0.6555914641256726,-0.28125,-0.49753086921221146,-0.09186632840277312,0.3015396276840477,0.02315151830282862,-0.3414793803185686,0.04414924198868279,-0.5434185959447193,-0.14684169493551938,0.18208253903400573,REIT—Residential,Real Estate,ESS
2011Q2,2011,Q2,2011-08-08,2011-06-30,13749000.0,117198000.0,33047000.0,0.32,76928000.0,0.656393453813205,3825855000.0,1326864000.0,199713000.0,98616000.0,2379103000.0,0.0,-359662000.0,4334813902.16,7031427902.16,41.411565666187194,2.025158189340472,0.7134251036696373,2.0570766860808645,0.008147029638897277,41.411565666187194,0.010362026552834353,36.987097921124935,78.82053062331806,3.2669617249092595,2.508982471452469,0.0,0.007957896412302946,0.03063315258942119,1.6070008923501258,0.0035937065048204913,-272.492701921046,0.656393453813205,0.18518518518518512,-0.5625401337503396,-0.04046057369845818,0.5819424597079984,0.02981218457584236,0.5343153665885504,0.04728252257962288,-0.11422541872225696,-0.13546001997162016,0.3624871577006873,REIT—Residential,Real Estate,ESS
2011Q1,2011,Q1,2011-05-09,2011-03-31,8961000.0,113773000.0,31555000.0,0.27,74701000.0,0.6565793290147927,3866686000.0,1164361000.0,283198000.0,101607000.0,2499245000.0,0.0,-338273000.0,3866044472.0,6674478472.0,37.345862171447884,2.7871898589664097,0.7575531087861802,2.5157318048268533,0.007708409825040717,37.345862171447884,0.007696066769670231,33.980333400718976,107.85750675147862,3.320314294278149,3.6820667336234796,0.0,0.008534562972300956,0.029423904604614907,2.40770813034535,0.0023174884125579374,-180.44548294049008,0.6565793290147927,0.5068694924812032,-0.3631343770322811,-0.03047989246859855,0.4795896248275103,0.05608335453954251,0.6843984962406015,0.2255796791859246,-0.6051429016247265,-0.12068297405627763,0.21934443230888795,REIT—Residential,Real Estate,ESS
2010Q4,2010,Q4,2011-02-25,2010-12-31,5320000.0,109132000.0,25747000.0,0.179179418886117,70734000.0,0.6481508631748708,3732887000.0,1149946000.0,218508000.0,90178000.0,2377873000.0,0.0,-313308000.0,3391295740.2,5636287740.2,38.73057444180727,2.4230743640355743,0.6050933232106945,1.9642183198167567,,38.73057444180727,0.004626304191675088,31.0751726368068,159.36540132518797,2.9490912966347986,5.954699248120301,0.0,0.009341267299245257,0.02923528089652861,1.7244449865820932,0.0014251703842093264,-10.704408405589417,0.6481508631748708,-0.14676467197087142,-0.2057890646706377,0.019183218868387645,0.5404157047633621,0.05740425150237689,-0.23121387283236994,-0.06258647054540159,-0.9158703000207336,-0.036614148419074684,0.23325749314405836,REIT—Residential,Real Estate,ESS
2010Q3,2010,Q3,2010-11-09,2010-09-30,6920000.0,104781000.0,27466000.0,0.21,66894000.0,0.6384172703066395,3503753000.0,1038631000.0,225088000.0,543187000.0,2258778000.0,0.0,-285699000.0,3249373190.4,5272293190.4,34.98144718366665,0.41438399667149617,0.5877246483984458,1.9826502386314293,,34.98144718366665,0.006662616463402306,31.01109161393764,117.39064994219653,3.128515507817502,4.496242774566474,0.0,0.009575385213346284,0.02990536147953352,0.34584774672442453,0.001975025065979251,-787.9178444228904,0.6384172703066395,-0.34375000000000006,-0.3843145036916201,-0.0033675607263918316,0.3069368329413701,0.019135257015753068,-0.30972568578553616,-0.02457560906314369,-0.5234628136883566,-0.12290981670487514,0.06784010652274709,REIT—Residential,Real Estate,ESS
2010Q2,2010,Q2,2010-08-06,2010-06-30,10025000.0,100636000.0,28158000.0,0.32,65638000.0,0.6522318057156484,3324182000.0,1019574000.0,215163000.0,371716000.0,2091409000.0,0.0,-260966000.0,2860777288.42,4767925288.42,34.763016457994034,0.5788370691603267,0.573719489486436,1.8705341642686062,,34.763016457994034,0.009832537903085014,28.426977308517827,71.34107951172071,2.805855473383982,3.0734164588528676,0.0,0.01077014982072122,0.030273914003505223,0.3973974754920423,0.00301577952109722,-341.62613905182707,0.6522318057156484,-0.2888888888888889,-0.7971758760761498,0.0033155058909314127,0.2837387664429937,-0.0201089796223035,-0.2665886312093057,1.8034647550776584,-0.313022167852038,-0.14293807551749363,0.005912678625778838,REIT—Residential,Real Estate,ESS
2010Q1,2010,Q1,2010-05-06,2010-03-31,13669000.0,101184000.0,10044000.0,0.45,66985000.0,0.662011780518659,3308431000.0,1044078000.0,226580000.0,367521000.0,2042140000.0,0.0,-239904000.0,2605658557.25,4493310557.25,36.04264105851124,0.6165089886020119,0.5705580681598015,1.8079607079164584,,36.04264105851124,0.013091933744413732,25.751685614820524,47.656349353464044,2.4956550729447415,2.196576194308289,0.0,0.011522998635588021,0.03058368150945267,0.40765289602498905,0.004131565687783726,139.931182925192,0.662011780518659,0.9461432762836185,-0.595425138345689,0.04101580667855511,0.3695933179160376,0.046526161201118625,0.965913993959442,0.862759643916914,-0.7055077608189981,-0.12173681609155856,0.3368636223544029,REIT—Residential,Real Estate,ESS
2009Q4,2009,Q4,2010-02-26,2009-12-31,6953000.0,100487000.0,5392000.0,0.23122655227076913,64007000.0,0.6369679660055529,3254637000.0,1053096000.0,245423000.0,338149000.0,1981096000.0,0.0,-222952000.0,2515361857.4,4362803857.4,35.0213946915199,0.7257836042691239,0.5676338098534491,1.7542959046468698,,35.0213946915199,0.006602437004793485,25.03171412620538,90.44160281173595,2.3885399407081596,4.291241190852869,0.0,0.011861911602190299,0.03087502538685574,0.5061348695397591,0.002136336556119776,-42.15384118583567,0.6369679660055529,-0.6875316861205822,-0.8368519056064699,0.030228887968965133,0.35876326694229993,-0.02548682267322361,6.611783696529459,2.6,-0.6931161383911932,-0.06777668408467648,0.3238593342928801,REIT—Residential,Real Estate,ESS
2009Q3,2009,Q3,2009-11-05,2009-09-30,-1239000.0,101847000.0,-3370000.0,0.74,65681000.0,0.6448987206299646,3265022000.0,1022841000.0,308614000.0,261483000.0,2020051000.0,0.0,-199600000.0,2392976648.08,4150696648.08,34.01524492322534,1.1802449872458247,0.5686914207622491,1.8153261357337065,,34.01524492322534,-0.0012113319665519862,23.495799071941246,-482.84435998385794,2.3395392324711266,-23.93543179983858,0.0,0.012392933304967449,0.031193357962059673,1.05621015515349,-0.000379476769222382,94.74508643465178,0.6448987206299646,0.7209302325581396,-1.0269834818798158,0.07271556926317396,0.348970231125131,-0.05961772496241678,-1.0953150242326333,-1.2497961604032317,-1.0764248719671794,-0.14374832730906412,0.06579478130535998,REIT—Residential,Real Estate,ESS
2009Q2,2009,Q2,2009-08-07,2009-06-30,12999000.0,103817000.0,13491000.0,0.43,69845000.0,0.6727703555294412,3238981000.0,946682000.0,277116000.0,272114000.0,2055291000.0,0.0,-168226000.0,1669712234.61,3499135234.6099997,35.282738928819235,1.0183820016610685,0.564814365999677,1.9324577841344823,,35.282738928819235,0.013731115622775123,16.083225624030746,32.112320844103394,1.7637519617041413,2.187860604661897,0.0,0.017032875132907452,0.032052364617143475,0.599259869025482,0.00401329924442286,-737.8313011975254,0.6727703555294412,-0.7189542483660131,0.9425776265325236,0.21922721602739487,0.44616363631801337,-0.03663397746237983,-0.29337899543379,0.21125875381576584,-0.5060989153231703,0.015018670501941478,0.34781822199649326,REIT—Residential,Real Estate,ESS
2009Q1,2009,Q1,2009-05-07,2009-03-31,18396000.0,105879000.0,11138000.0,1.53,72501000.0,0.6847533505227665,3161915000.0,860048000.0,188971000.0,296943000.0,2066319000.0,0.0,-151615000.0,1503738403.64,3315554403.6400003,32.7950341632734,0.6363881283613353,0.5730122409995209,2.106645210499879,,32.7950341632734,0.02138950384164605,14.20242355556815,20.43567084746684,1.7484354403940245,1.5856164383561644,0.0,0.01939765582191193,0.03348571988810579,0.25689778846445277,0.005817993209811143,84.3801359991022,0.6847533505227665,0.8334814814814815,1.4843176710538342,0.3211755264343833,0.3138430543121612,0.012583798882681563,-0.10936819172113289,-0.17053917187965445,0.5543373688267245,0.0726499068500477,0.29929233046172965,REIT—Residential,Real Estate,ESS
2008Q4,2008,Q4,2009-02-27,2008-12-31,20655000.0,106032000.0,13428000.0,0.834478021978022,71600000.0,0.6752678436698355,3164823000.0,844918000.0,176442000.0,225396000.0,2085084000.0,0.0,-130697000.0,1899716000.0,3660363000.0,34.13534259857789,0.7828089229622531,0.5563176834849848,2.0838081328602303,,34.13534259857789,0.02444615927226074,17.916440319903426,22.993415637860082,2.2484028035856736,1.3969014766400387,0.0,0.015188059688921923,0.03350329544495853,0.41237200305240557,0.006526431335970448,-84.9073031196925,0.6752678436698355,0.7030163713837184,1.2584388659716534,0.539875323862011,0.22290968597816793,0.024774935951566504,0.4064415089200599,-0.1228116017768487,2.6988152683327606,0.18781912996451505,0.35765137966989413,REIT—Residential,Real Estate,ESS
2008Q3,2008,Q3,2008-11-03,2008-09-30,14686000.0,104218000.0,15308000.0,0.49,69869000.0,0.6704120209560729,3159326000.0,869801000.0,186140000.0,286557000.0,2009595000.0,0.0,-122044000.0,2928904160.0,4613074160.0,35.140635100193926,0.6495740812473609,0.5476250314149284,1.989105554029025,,35.140635100193926,0.016884321816139553,28.10363046690591,49.85877979027645,3.36732673335625,1.8777747514639793,0.0,0.009415466841359535,0.03298741567030436,0.5280589900089685,0.004648459829723175,-33.85116281220022,0.6704120209560729,0.28947368421052627,0.3536432559761736,0.5274092855702117,0.46645340689175024,-0.005324373958971001,0.22393532794399534,0.05195162177020341,0.5673629071661027,0.18907275056954126,0.31288422986798525,REIT—Residential,Real Estate,ESS
2008Q2,2008,Q2,2008-08-06,2008-06-30,11999000.0,104793000.0,14552000.0,0.38,70243000.0,0.6703024056950369,3063909000.0,752820000.0,112725000.0,273962000.0,2030096000.0,0.0,-107983000.0,2637858669.0,4403080669.0,30.394096144049332,0.4114621735861178,0.5761339517590112,2.344812837065965,,30.394096144049332,0.01593873701548843,25.172088488734936,54.959968934911245,3.5039699649318563,2.2992749395782983,0.0,0.010458862077875787,0.03420238655913083,0.1719727553456319,0.003916239026681275,-104.72264357457621,0.6703024056950369,-0.3968253968253968,-0.04311836379889091,0.5227647802053026,0.3205400023738037,0.007458084132926007,-0.3339069612523593,0.00643198008161007,-0.7125385159242675,0.2371313537080166,0.12240200841774536,REIT—Residential,Real Estate,ESS
2008Q1,2008,Q1,2008-05-08,2008-03-31,18014000.0,102704000.0,14459000.0,0.63,69723000.0,0.6788732668639975,3001276000.0,757975000.0,107933000.0,281724000.0,1964936000.0,0.0,-92345000.0,2820768491.5,4506251491.5,30.627820312207994,0.3831160994448467,0.5615888042286015,2.223665688182328,,30.627820312207994,0.02376595534153501,27.46503049053591,39.14689257660708,3.7214532029420497,1.4139558121461087,0.0,0.009029808747776846,0.03422011171248496,0.18557169428234727,0.006002113767610843,176.99494832779067,0.6788732668639975,-0.7041975506091759,0.49378448248789814,0.47695758256562437,0.3161416176122717,0.0,-0.6638990988301584,2.075074436410038,-0.375906217557762,0.23683106582478422,0.1638341922234772,REIT—Residential,Real Estate,ESS
2007Q4,2007,Q4,2008-02-29,2007-12-31,53597000.0,96013000.0,4702000.0,2.1297998082754983,0.0,0.0,2980323000.0,790318000.0,0.0,0.0,1908045000.0,0.0,-82805000.0,2453362757.24,4045915757.24,31.40509963014115,0.0,0.5376964174688448,2.0276762012253298,0.0017337905258437457,31.40509963014115,0.06781700530672463,25.552401833501712,11.443563805996604,3.1042729094364545,0.480605257756964,0.0,0.010499466466580966,0.03221563568780968,0.0,0.017983621238369128,-57.71667624720634,0.0,4.461025149424354,3.0679429120131925,0.37421281157048525,0.17266637160979306,0.0,3.3546473838154047,-0.6775034293552812,0.502737366221499,0.1762149914217491,0.21845792116416335,REIT—Residential,Real Estate,ESS
2007Q3,2007,Q3,2007-11-07,2007-09-30,12308000.0,101255000.0,14580000.0,0.39,0.0,0.0,2954400000.0,824391000.0,0.0,0.0,1873979000.0,0.0,-110912000.0,3000959163.0,4559143163.0,32.75906848786399,0.0,0.5308769970213918,1.9025231959106783,0.006093244188641491,32.75906848786399,0.014929808792187202,29.637639257320625,60.9554591119597,3.640213397526174,2.0881540461488464,0.0,0.008564261825644843,0.03427261034389385,0.0,0.004165989710262659,-8.636549601118938,0.0,0.0,-0.15464302264497426,0.5127699637248428,-0.033773857253702,0.0,0.009928612455895627,0.06867990911089936,-0.6797073311317495,0.2743409787641715,0.2991530206311881,REIT—Residential,Real Estate,ESS
2007Q2,2007,Q2,2007-08-07,2007-06-30,12187000.0,98061000.0,13643000.0,0.39,0.0,0.0,2793475000.0,846474000.0,0.0,0.0,1695036000.0,0.0,-97500000.0,2848630800.7999997,4075165800.7999997,34.558682077141434,0.0,0.4435772648761847,1.463863036549262,0.006541535369266147,34.558682077141434,0.014397370740270818,29.049579351628065,58.435849692295065,3.3652903701708494,2.0068925904652497,0.0,0.008585879220687811,0.035103589615085154,0.0,0.004362666571206114,101.29905767220225,0.0,-0.732876712328767,-0.5666169097956604,0.4608534940023998,-0.0016541369654668892,0.0,-0.6754114952325148,-0.12801994119902851,0.9950354964802938,0.2615308308099607,0.4164861021663759,REIT—Residential,Real Estate,ESS
2007Q1,2007,Q1,2007-05-08,2007-03-31,37546000.0,93194000.0,15646000.0,1.46,0.0,0.0,2576331000.0,631752000.0,0.0,0.0,1714320000.0,0.0,-83985000.0,3034029612.12,4269772612.12,26.960596769799995,0.0,0.4854892480818653,1.979860768149527,0.00831114248727645,26.960596769799995,0.05943154908888298,32.55606167907805,20.20208285915943,4.80256431656726,0.5785170191232089,0.0,0.007159125907417447,0.03617314700634352,0.0,0.014573437962746247,-764.0467419088391,0.0,0.9377118827780007,1.6241964440941572,0.4733779229928323,-0.21460303808912232,0.0,1.1532373688134427,0.19617737003058103,4.674725801579136,0.30147586875856375,0.08010232981495409,REIT—Residential,Real Estate,ESS
