Quarters,Year,Quarter,FillingDate,Date,NetIncome,Revenue,OperatingIncome,EPSDiluted,GrossProfit,GrossProfitRatio,TotalAssets,CommonStockEquity,CurrentAssets,CurrentLiability,TotalLiability,Inventory,RetainedEarnings,MarketCap,EnterpriseValue,bookValuePerShare,currentRatio,debtToAssets,debtToEquity,roic,shareholdersEquityPerShare,roe,priceToSalesRatio,peRatio,pbRatio,payoutRatio,inventoryTurnover,dividendYield,assetTurnover,quickRatio,returnOnAssets,priceToFreeCashFlowsRatio,grossProfitMargin,epsdilutedGrowth,fiveYNetIncomeGrowthPerShare,fiveYRevenueGrowthPerShare,fiveYShareholdersEquityGrowthPerShare,grossProfitGrowth,netIncomeGrowth,operatingIncomeGrowth,threeYNetIncomeGrowthPerShare,threeYRevenueGrowthPerShare,threeYShareholdersEquityGrowthPerShare,Industry,Sector,Symbol
2023Q1,2023,Q1,2023-05-15,2023-03-31,-2032757.0,0.0,-1042665.0,-0.0589,0.0,0.0,289761872.0,268528985.0,1227432.0,1567887.0,21232887.0,0.0,-19906145.0,359490000.0,358544680.0,7.78344884057971,0.782857438067922,0.000517666451299017,0.0005585989162398986,-0.005130052866667187,7.78344884057971,-0.007569972381193784,0.0,-44.21212176369335,1.3387381626605412,0.0,0.0,0.0,0.0,0.698596263633795,-0.00701526735028824,-2561.2727635441306,0.0,-1.6213080168776373,0.0,0.0,0.0,0.0,-1.6214692702809541,-3.489311317302103,0.0,0.0,0.0,Shell Companies,Financial Services,KCGI
2022Q4,2022,Q4,2022-12-31,2022-12-31,3270889.0,0.0,-232255.0,0.0948,0.0,0.0,284420630.0,267858696.0,1378344.0,676134.0,16561934.0,0.0,-15084280.0,351727500.0,350641824.0,7.764020173913043,2.0385663196940254,0.0005273879043162235,0.0005599967529148279,-0.0018656647051731711,7.764020173913043,0.01221124812763219,0.0,26.883173045615425,1.3131083860723343,0.0,0.0,0.0,0.0,1.8275608089520716,0.011500181966406587,-1870.8511521031467,0.0,-0.40750000000000003,1.1752705823374745,0.0,7.669324031597258,0.0,-0.38970645582246516,-0.07161312945822991,1.1752705823374745,0.0,7.669324031597258,Shell Companies,Financial Services,KCGI
2022Q3,2022,Q3,2022-11-14,2022-09-30,5359534.0,0.0,-216734.0,0.16,0.0,0.0,282156261.0,266339379.0,1580347.0,645882.0,15816882.0,0.0,-11377225.0,343792500.0,342518820.0,7.719982,2.446804524665496,0.0005316203137523147,0.0005631912207770072,-0.0016951359419503874,7.719982,0.02012294997503918,0.0,16.036492165177044,1.2908061184598616,0.0,0.0,0.0,0.0,2.204241641662099,0.018994914310974654,-2798.997777361655,0.0,-0.7866666666666666,130.54379504075803,0.0,0.06918950053853341,0.0,-0.7925164312433159,0.5014916104102216,130.54379504075803,0.0,0.06918950053853341,Shell Companies,Financial Services,KCGI
2022Q2,2022,Q2,2022-08-16,2022-06-30,25831125.0,0.0,-434765.0,0.75,0.0,0.0,278323062.0,261486379.0,1765882.0,614683.0,16836683.0,0.0,-14971491.0,341205000.0,339808493.0,7.579315333333334,2.8728336394531815,0.0005389420442636551,0.0005736436466543444,-0.0033803236721943832,7.579315333333334,0.09878573828122802,0.0,3.3022661614621898,1.3048672030446373,0.0,0.0,0.0,0.0,2.5159423637875133,0.09280986208753338,-1029.518257689592,0.0,0.02739726027397263,1663.7695526231091,0.0,28713.680245964646,0.0,0.02205776016874495,0.016722491230530195,1663.7695526231091,0.0,28713.680245964646,Shell Companies,Financial Services,KCGI
2022Q1,2022,Q1,2022-05-16,2022-03-31,25273645.0,0.0,-442159.0,0.73,0.0,0.0,278346164.0,248788199.0,2097929.0,511965.0,29557965.0,0.0,-27212491.0,342585000.0,340857071.0,7.211252144927537,4.097797701014718,0.0005388973134905498,0.000602922488296963,-0.0036156142785310156,7.211252144927537,0.10158699287822731,0.0,3.388757339908826,1.3770146710214337,0.0,0.0,0.0,0.0,3.668080825837704,0.09079932928409246,-2511.417700918548,0.0,2.3518518518518516,0.0,0.0,0.0,0.0,2.3725806731040304,-0.17747987419876277,0.0,0.0,0.0,Shell Companies,Financial Services,KCGI
2021Q4,2021,Q4,2022-03-31,2021-12-31,-18413231.0,0.0,-375513.0,-0.54,0.0,0.0,278339919.0,-39627544.0,2282586.0,254463.0,41967463.0,0.0,-39628234.0,334618737.1317,334618737.1317,-1.1641389947661027,8.97020784947124,0.0,0.0,0.018573342519025753,-1.1641389947661027,0.46465738578197024,0.0,-4.543183338270453,-8.444094772355813,0.0,0.0,0.0,0.0,0.0,-0.06615375568892079,-2004917.567700825,0.0,-449.37531276063396,0.0,0.0,0.0,0.0,-450.0725116974106,-1.6028668667558519,0.0,0.0,0.0,Shell Companies,Financial Services,KCGI
2021Q3,2021,Q3,2021-11-15,2021-09-30,-40821.0,0.0,-144269.0,-0.001199,0.0,0.0,278665011.0,245784178.0,2634191.0,194633.0,32880833.0,0.0,-30216512.0,332913322.26,330768961.26,7.220405733606222,13.534143747463174,0.0005382807100960371,0.000610291521694289,-0.0005866163099949451,7.220405733606222,-0.00016608473471388383,0.0,-2038.8606492981553,1.3544945202290442,0.0,0.0,0.0,0.0,11.788139729645025,-0.00014648771244553556,-699.7314312918135,0.0,-1.6644444444444444,0.0,0.0,0.0,0.0,-1.627679433537174,-8.28670743482459,0.0,0.0,0.0,Shell Companies,Financial Services,KCGI
2021Q2,2021,Q2,2021-09-24,2021-06-30,-15535.0,0.0,-15535.0,-0.00045,0.0,0.0,339716.0,-9107.0,44335.0,348823.0,348823.0,0.0,-34107.0,337410000.0,337465665.0,-0.0002639710144927536,0.1270988438262385,0.2943635271815281,-10.980564401010213,-0.17091525199960392,-0.0002639710144927536,1.7058306796969365,0.0,-5429.835854522046,-37049.52234544855,0.0,0.0,0.0,0.0,0.1270988438262385,-0.04572937394765039,0.0,0.0,0.0,0.0,0.0,0.0,0.0,0.0,0.0,0.0,0.0,0.0,Shell Companies,Financial Services,KCGI
2021Q1,2021,Q1,2021-03-31,2021-03-31,,,,,,,29278.0,6428.0,6428.0,22850.0,22850.0,0.0,-18572.0,0.0,0.0,0.0,0.28131291028446387,0.0,0.0,,0.0,,0.0,0.0,0.0,0.0,0.0,,,0.0,,0.0,0.0,0.0,0.0,0.0,0.0,0.0,0.0,0.0,0.0,0.0,0.0,Shell Companies,Financial Services,KCGI
