Quarters,Year,Quarter,FillingDate,Date,NetIncome,Revenue,OperatingIncome,EPSDiluted,GrossProfit,GrossProfitRatio,TotalAssets,CommonStockEquity,CurrentAssets,CurrentLiability,TotalLiability,Inventory,RetainedEarnings,MarketCap,EnterpriseValue,bookValuePerShare,currentRatio,debtToAssets,debtToEquity,roic,shareholdersEquityPerShare,roe,priceToSalesRatio,peRatio,pbRatio,payoutRatio,inventoryTurnover,dividendYield,assetTurnover,quickRatio,returnOnAssets,priceToFreeCashFlowsRatio,grossProfitMargin,epsdilutedGrowth,fiveYNetIncomeGrowthPerShare,fiveYRevenueGrowthPerShare,fiveYShareholdersEquityGrowthPerShare,grossProfitGrowth,netIncomeGrowth,operatingIncomeGrowth,threeYNetIncomeGrowthPerShare,threeYRevenueGrowthPerShare,threeYShareholdersEquityGrowthPerShare,Industry,Sector,Symbol
2023Q3,2023,Q3,2023-01-18,2022-11-30,-4115693.0,628672.0,-2591766.0,-0.73,181519.0,0.2887340298,103849684.0,39193366.0,61070455.0,57545359.0,57897327.0,-755079.0,-57166790.0,18336716.336000003,22777998.336000003,6.916709079858451,1.061257694126124,0.06744755236809387,0.17871409666625723,-0.07347648940931416,6.916709079858451,-0.10500993969234487,29.167381935254,-1.113829210293382,0.4678525528019207,0.0,-0.592193664503979,0.0,0.006053672729519331,0.4465367572039997,-0.03963125203154205,-117.22069652046618,0.2887340298279548,0.562874251497006,-56.626218417136,110.61138674121986,249.6351717054594,2.6705227314559177,0.566962429399931,0.6185782693015791,-56.2466734184737,322.335636074708,266.46134574014474,Software—Infrastructure,Technology,NXTP
2023Q2,2023,Q2,2022-10-24,2022-08-31,-9504240.0,456397.0,-6795014.0,-1.67,-108660.0,-0.238082196,101469375.0,41725737.0,59290518.0,52537324.0,52931889.0,0.0,-54013291.0,30273304.448,34051959.448,7.349102905702064,1.1285408826684815,0.06400046319394398,0.1556374426651829,-0.18525532063901032,7.349102905702064,-0.2277788406709269,66.33107677745471,-0.7963105005765848,0.7255307305416797,0.0,0.0,0.0,0.004497879286237843,0.48433599320741955,-0.09366609383373062,-19.10972687372608,-0.23808219598288333,-0.5607476635514017,-104.50313724327218,75.3737355657191,390.6407761001451,-1.2988580355571202,-0.6148252986306444,-0.5078338408254436,-92.14082220377092,70.72117662535504,167.29340593765627,Software—Infrastructure,Technology,NXTP
2023Q1,2023,Q1,2022-07-14,2022-05-31,-5885615.0,466551.0,-4506474.0,-1.07,363584.0,0.7793017269,106485860.0,58038924.0,55682484.0,41881244.0,43341705.0,-813807.0,-44858461.0,23577124.072,28453871.072,10.599919056319415,1.3295327139757358,0.06839614198542417,0.12548857728651205,-0.08594820988123959,10.599919056319415,-0.10140806538729077,50.534934170112166,-1.0014724065369551,0.4062295171426679,0.0,-0.12652508518604533,0.0,0.004381342273988302,0.5716258810268386,-0.055271328982082694,-6.772359792323436,0.7793017269280315,-85.29032258064517,-120.7376159856398,48.38575105143117,1192.4968093095376,-0.9331481280927936,0.7499087272861393,0.2620383906006746,-148.63135141545746,779.8918444624854,248.56253408662565,Software—Infrastructure,Technology,NXTP
2022Q4,2022,Q4,2022-06-21,2022-02-28,-23533868.0,7489447.0,-6106651.0,-0.0124,5438651.0,0.7261752436,99753493.0,64231210.0,33759996.0,27502378.0,31892295.0,691863.0,-39173079.0,22373294189.84,22379848896.84,0.033979824120188566,1.2275300703088292,0.13206212237600543,0.20509745963060635,-0.07520667314235908,0.033979824120188566,-0.3663930354106672,2987.3092352265794,-237.67123821124517,348.3243455921195,0.0,2.9641648707908934,0.0,0.07507954633728967,1.0482966963802185,-0.23592023990578456,-1921.96594350338,0.7261752436461597,-1.4313725490196076,0.6699128572110385,9.993144716532758,6.885066518959933,1.4213019685081436,-1.4334927579556602,0.32634461885495647,-2.020162545781028,13.217486086158411,-0.24067786623788093,Software—Infrastructure,Technology,NXTP
2022Q3,2022,Q3,2022-01-13,2021-11-30,-9670819.0,4199100.0,-9064948.0,-0.0051,2246168.0,0.5349165297,120961318.0,85146371.0,50331609.0,26375283.0,31014870.0,0.0,-19469705.0,40086940928.0,40079493509.0,0.04502970352469994,1.9082869745890498,0.10767705920664654,0.1529690443295581,-0.08848349072681595,0.04502970352469994,-0.11357875722031653,9546.555435212307,-1036.286092418853,470.8003460065256,0.0,0.0,0.0,0.0347144034921974,1.6309326425047268,-0.07994968275725964,-4217.469814015272,0.5349165297325618,-0.025404541252037526,0.8298479216461966,0.6352011831607963,11.984074249783186,0.6360242195051069,-0.09721101688098288,-0.8785047058211599,0.57147297957707,1.1316943021964074,0.6121146767559186,Software—Infrastructure,Technology,NXTP
2022Q2,2022,Q2,2021-10-20,2021-08-31,-8814001.0,2647283.0,-4825619.0,-0.004973646785075486,1372943.0,0.5186234339131857,103766663.0,66207414.0,37254866.0,30740500.0,33324014.0,0.0,-10410073.0,70885620800.0,70891514292.0,0.03736013778410755,1.2119147704168767,0.14299647469630974,0.22411790619098942,-0.05834400632514336,0.03736013778410755,-0.1331270996326786,26776.744609473186,-2010.5971397098774,1070.6598629573418,0.0,0.0,0.0,0.025511883330005515,1.05492649761715,-0.08494058443413566,549058.2847936547,0.5186234339131857,0.7337766825822808,0.6543124955151426,-0.4676522057932457,5.386194993010034,1514.3896247240618,-0.18024939762295067,-0.08307329816022356,-1.1557930387592448,0.2148959494029536,0.24073322429290217,Software—Infrastructure,Technology,NXTP
2022Q1,2022,Q1,2021-07-14,2021-05-31,-7467914.0,10734.0,-4455487.0,-0.018682235776032938,906.0,0.08440469536053662,49781077.0,21526052.0,34814240.0,28199038.0,28199038.0,0.0,-140910961.0,19906724316.0,19925568789.0,0.053851019011620295,1.2345896338733258,0.5297268076381715,1.2250444716941127,-0.09064297867429268,0.053851019011620295,-0.3469244615779986,1854548.5667970933,-666.4084614525555,924.773586721801,0.0,0.0,0.0,0.0002156241015034689,0.5457903209322247,-0.15001511518121635,-3728.457044328554,0.08440469536053662,0.41980412333343237,0.0669222955272805,-0.9841114910262221,5.368271282992062,0.6324324324324324,0.2056401052975097,-0.6862849809116752,-2.3940637719448503,-0.9414127169081702,11.675773399159826,Software—Infrastructure,Technology,NXTP
2021Q4,2021,Q4,2021-06-08,2021-02-28,-9401172.0,573.0,-2642191.0,-0.03219987684740031,555.0,0.9685863874345549,25997520.0,19140282.0,12902118.0,6835073.0,6835073.0,0.0,-132340979.0,18101704760.0,18103871234.0,0.06555722235743723,1.8876342652082867,0.1849200231406688,0.2511698625965908,-0.11033152016323541,0.06555722235743723,-0.4911720736402943,31591107.783595115,-481.368300675703,945.738665710359,0.0,0.0,0.0,2.2040563869169058e-05,1.5770925928662356,-0.36161803125836617,-4004.0250508916743,0.9685863874345549,-3.0110879957129377,-1.1541162886999012,-0.9989562717766656,3.1201158314161934,1.1362631966609378,-3.0110879957129373,-0.49505061981834353,0.197819952435644,-0.9858983324294134,6.779079661788122,Software—Infrastructure,Technology,NXTP
2021Q3,2021,Q3,2021-01-19,2020-11-30,-2343796.0,5346.0,-1767292.0,-0.008027716390619112,-4073.0,-0.7618780396558175,32399546.0,19678216.0,12187193.0,12721330.0,12721330.0,0.0,-122955764.0,17634563992.0,17641491706.0,0.06739969567374604,0.9580124876880012,0.32481455141377596,0.5347966502654509,-0.058483927453260136,0.06739969567374604,-0.11910612222164854,3298646.463150019,-1880.9832417155758,896.1464795385922,0.0,0.0,0.0,0.00016500231206943456,0.8918517167623197,-0.07234039637468995,-15323.850002433106,-0.7618780396558175,0.1845719861999388,0.9672166021602612,-0.9831488222140891,1.3939660513112557,-1.6459952418715305,0.13517019885436976,0.25019526916172785,0.3630839053662594,-0.9815796190953803,1.442308054747729,Software—Infrastructure,Technology,NXTP
2021Q2,2021,Q2,2020-10-15,2020-08-31,-2710124.0,34545.0,-2357003.0,-0.009844788570861471,6305.0,0.18251555941525546,9142960.0,4112282.0,853635.0,4854144.0,5030678.0,0.0,-120611968.0,14700226476.0,14703931180.0,0.014938263649102163,0.17585695850802943,0.4516718874412663,1.0042156641981266,-0.2846589664320236,0.014938263649102163,-0.6590316520121917,425538.4708640903,-1356.0474055799662,3574.712647624847,0.0,0.0,0.0,0.0037783168689352244,0.12918364185322892,-0.2964164778146246,-8441.357002457144,0.18251555941525546,-0.27293151248259373,0.8858223409406707,-0.9891944423120735,1.055497623116198,1.6864081806561568,-0.3226911189015626,-0.9596554269998104,0.3795253242529535,-0.8807733426387523,-0.20392553428749932,Software—Infrastructure,Technology,NXTP
2021Q1,2021,Q1,2020-07-13,2020-05-31,-2048947.0,7874.0,-1202764.0,-0.007733949921360039,2347.0,0.29806959613919226,9133919.0,4242316.0,655527.0,4715068.0,4891603.0,0.0,-117901844.0,7629952896.0,7633778020.0,0.016013034741545015,0.13902811157760608,0.4268636496557502,0.9190588348439862,-0.1466616883767743,0.016013034741545015,-0.48297840142035625,969005.9558039116,-930.9602561706087,1798.5347852446635,0.0,0.0,0.0,0.0008620615094134292,0.09345337119210158,-0.22432287827382746,-6115.988797170757,0.29806959613919226,-1.6900058628710841,0.9867503389141712,-0.9995873224216291,1.0225947277040381,-0.9184871322890981,-1.7424016511050198,0.1311536397213656,0.1241069067132138,-0.98277396270878,2.799964669592353,Software—Infrastructure,Technology,NXTP
2020Q4,2020,Q4,2020-05-29,2020-02-29,-747136.0,82951.0,-1384323.0,-0.0028750680539801786,28793.0,0.34710853395377994,10226284.0,6147435.0,1568234.0,4078849.0,4078849.0,0.0,-115852897.0,9459167536.0,9461849508.0,0.02365605991736396,0.38447954312601423,0.2706472849766347,0.4502228978427588,-0.15395200109253726,0.02365605991736396,-0.12153621795106415,114033.19472941857,-3165.142469376392,1538.7177800171942,0.0,0.0,0.0,0.008111548632914948,0.28928749262353176,-0.07306036092875966,-3599.833592371639,0.34710853395377994,0.7733955335806422,-1.0020431484020866,1.016990879240458,1.0128940556913884,14.99611111111111,0.7733955335806421,0.15606013497448654,0.9237730749153155,-0.11433952767662162,5.097063177777747,Software—Infrastructure,Technology,NXTP
2020Q3,2020,Q3,2020-01-13,2019-11-30,-3297093.0,89168.0,-1640310.0,-0.01268760540959299,1800.0,0.02018661403193971,10019667.0,6720321.0,1821914.0,3299346.0,3299346.0,0.0,-115105761.0,10602583392.0,10604585066.0,0.025860593278321655,0.5522045884244938,0.20639408475351526,0.30772339595087794,-0.18503041652289098,0.025860593278321655,-0.49061540363920114,118905.69926431007,-803.9342074973317,1577.6900228426587,0.0,0.0,0.0,0.008899297751112886,0.4391727936384968,-0.32906213350204155,-75980.21693516024,0.02018661403193971,0.2940531186745113,0.9713397894683432,-0.9972059382175205,1.0046790018315972,-0.9630981180040182,0.17035918131330174,-0.17354191721940299,0.577894781136241,-0.7473382369050391,7.3081622679731355,Software—Infrastructure,Technology,NXTP
2020Q2,2020,Q2,2019-10-15,2019-08-31,-3974121.0,247833.0,-1397743.0,-0.017972464706934737,48778.0,0.19681801858509562,12574066.0,9656076.0,3867872.0,2892421.0,2917990.0,0.0,-111808668.0,9508278680.0,9510144445.0,0.04366839487712617,1.337243782976268,0.15054796117659952,0.1960423675207196,-0.12018971109008982,0.04366839487712617,-0.41156687250597446,38365.66833311141,-598.1372157516089,984.693852865284,0.0,0.0,0.0,0.019709853598668878,1.1805124496053652,-0.3160569540512989,-11090.557415980526,0.19681801858509562,-1.5018149958930247,0.9593630196793197,-0.9909332506284542,1.0103628608198238,4.169899311075782,-1.7668463367902776,0.09545190096807031,-0.24915514560170918,-0.6005900023555065,6.126803762600503,Software—Infrastructure,Technology,NXTP
2020Q1,2020,Q1,2019-07-19,2019-05-31,-1436336.0,21817.0,-1545239.0,-0.007183770477208868,9435.0,0.432460924966769,10655749.0,8492328.0,462530.0,2137852.0,2163421.0,0.0,-107834547.0,10556927040.0,10557935474.0,0.04247399993398079,0.21635267548922937,0.1119583428626181,0.14047973653396337,-0.15823085331606204,0.04247399993398079,-0.16913336366659412,483885.3664573498,-1837.4751868643548,1243.1134360330877,0.0,0.0,0.0,0.0020474393681758083,0.12393888819244737,-0.1347944663486349,-7137.7224443268,0.432460924966769,-1.5886450366795737,0.8660036743143346,-0.9989990247544344,1.0099241565129398,12.98856416772554,-1.669433258762118,0.25409616471643387,0.6412091065175343,-0.9354370380921323,4.445393561547619,Software—Infrastructure,Technology,NXTP
2019Q4,2019,Q4,2019-06-13,2019-02-28,2145600.0,48995.0,-2071633.0,0.012203909027639214,-787.0,-0.016062863557505868,10147846.0,7867647.0,97381.0,2280199.0,2280199.0,0.0,-106398211.0,8720300992.0,8721811013.0,0.044750208915724544,0.042707237394630906,0.15205197240872595,0.19611962763453927,-0.22013714891229053,0.044750208915724544,0.27271177773990113,177983.48794774976,1016.0678821774795,1108.3747138121475,0.0,0.0,0.0,0.004828118203606953,0.01446321132497646,0.21143403240451225,-8648.183787396898,-0.016062863557505868,2.022541570537306,-0.9551077065200991,-0.9978632349628836,1.007382648178326,-1.0172671025494757,2.022541570537306,-0.3375522331782049,-0.9415891813535671,-0.8517951022071528,2.447218521006273,Software—Infrastructure,Technology,NXTP
2019Q3,2019,Q3,2019-01-17,2018-11-30,-2098301.0,183153.0,-1548824.0,-0.01193487813040846,45578.0,0.24885205265543017,6661842.0,4910808.0,366346.0,1751034.0,1751034.0,0.0,-108543811.0,4922750560.0,4923637326.0,0.02793207218689545,0.2092169540968365,0.1790795999064523,0.24293354576273396,-0.25374716898041355,0.02793207218689545,-0.4272822313558176,26877.804676964068,-586.5162529112839,1002.4318930815458,0.0,0.0,0.0,0.027492846573064927,0.1748875236003413,-0.3149730960295966,-4804.525598595364,0.24885205265543017,-1.3738445875845138,0.997450457154807,-0.9940204969088486,1.0028718325125183,0.08619908963084769,-1.407536003884438,-1.1318805350540808,0.9512606276954182,-0.041276590812268435,1.1632691078855808,Software—Infrastructure,Technology,NXTP
2019Q2,2019,Q2,2018-10-15,2018-08-31,5148750.0,198307.0,-726506.0,0.031924704882106615,41961.0,0.2115961615071581,7042381.0,4856294.0,162400.0,2186087.0,2186087.0,0.0,-106445510.0,6763995964.799999,6765680589.799999,0.030111338241465415,0.07428798579379503,0.243241596840614,0.3527381167614646,-0.11059118377104145,0.030111338241465415,1.0602220541013374,34108.71005461229,328.42903446467585,1392.8308221866303,0.0,0.0,0.0,0.02815908426425665,0.01297981278878654,0.7311092654600766,-5877.927746633702,0.2115961615071581,6.79986708065181,1.0136034773637275,-0.9929523095046904,1.004549834546682,1.3813063957777652,6.736858290825706,0.17519076039631387,1.3702555969955084,-0.8941214734799674,1.1118675999100907,Software—Infrastructure,Technology,NXTP
2019Q1,2019,Q1,2018-07-16,2018-05-31,-897486.0,74732.0,-880817.0,-0.00550438560714719,17621.0,0.2357892201466574,6839432.0,692689.0,5304571.0,6146743.0,6146743.0,0.0,-111594260.0,9424247228.0,9424781108.0,0.004248341881465761,0.8629889032289133,0.17442968948298632,1.7222736321783658,-0.4671061877117595,0.004248341881465761,-1.2956550486582001,126107.25295723385,-2625.1794534956534,13605.30805022167,0.0,0.0,0.0,0.010926638352424587,0.839325802298876,-0.13122230033137255,-7080.209386590778,0.2357892201466574,0.8628718883280332,0.9913587266346473,-0.9980394588057397,1.000933814722123,3.9916808149405774,0.8435531200788191,0.7556376615907715,0.9905699875843533,-0.9936359643320346,1.0059944994533945,Software—Infrastructure,Technology,NXTP
2018Q4,2018,Q4,2018-06-13,2018-02-28,-5736682.0,19890.0,-3604553.0,-0.04014046091668346,-5890.0,-0.2961287078934138,5831724.0,1204400.0,1657271.0,1727324.0,4627324.0,0.0,-110696774.0,13548360960.0,13547949546.0,0.008427375114753364,0.9594442038667905,0.20457072385455827,0.9905347060777151,-1.5035259030616501,0.008427375114753364,-4.7631036200597805,681164.4524886878,-590.4267031012002,11249.054267685155,0.0,0.0,0.0,0.0034106552367704646,0.9288436911662201,-0.9837025894915465,-14366.474199780712,-0.2961287078934138,-2.184729549455424,0.9522506306104699,-0.9995396604631439,1.001400514445211,-1.196300616563906,-2.1847295494554237,-1.0188450774117268,-1.028525557322862,1.007408019602854,1.0045934548881528,Software—Infrastructure,Technology,NXTP
2018Q3,2018,Q3,2018-01-18,2017-11-30,-1801309.0,142063.0,-1785453.0,-0.012604040717852264,30005.0,0.21120911145055363,8629944.0,3943991.0,1668596.0,1785953.0,4685953.0,0.0,-104960092.0,6574099200.0,6574396682.0,0.027596721692304246,0.9342888642646251,0.1382395992372604,0.30248547727416214,-0.3475678660912585,0.027596721692304246,-0.45672239110079105,46275.94236359925,-912.4058115514885,1666.8646556242143,0.0,0.0,0.0,0.016461636367512928,0.9213669116712477,-0.20872777389980746,-6176.2266774393565,0.21120911145055363,0.20562153049594434,0.9904796012441033,-0.9932362929050327,1.0043624862638418,-0.09672466734902764,-0.05933555004839998,-0.11971024108739238,0.9715285549273078,-0.9919056668853625,1.0049931225457467,Software—Infrastructure,Technology,NXTP
2018Q2,2018,Q2,2017-10-23,2017-08-31,-1700414.0,112798.0,-1594567.0,-0.015866543721560312,33218.0,0.2944910370751255,6506795.0,2011031.0,2828612.0,1595764.0,4495764.0,0.0,-103158633.0,5337055044.0,5336278606.0,0.018764907420729986,1.7725753933539046,0.1833467936211299,0.5932280506864389,-0.49767527218057506,0.018764907420729986,-0.8455434053478041,47315.1566871753,-784.669945672054,2653.8899917505,0.0,0.0,0.0,0.017335416284053825,1.7041605149633654,-0.2613289645670411,-4560.583738443777,0.2944910370751255,-0.7969338050230869,0.929969681945424,-0.9930180906496873,1.0014670028856525,-0.26393228301092425,-1.1292783378642528,-1.1575025707636521,0.9641246520449989,-0.9914855816822669,1.0044530632381856,Software—Infrastructure,Technology,NXTP
2018Q1,2018,Q1,2017-07-14,2017-05-31,-798587.0,156046.0,-739080.0,-0.008829787539867925,45129.0,0.2892031836766082,2108669.0,-804603.0,1260100.0,2913272.0,2913272.0,0.0,-101458219.0,4250791860.0,4252952924.0,-0.00889630502868235,0.4325377101760495,1.2341083403796422,-3.2342981569792806,-0.411120066884609,-0.00889630502868235,0.992523020669821,27240.633274803582,-1330.7228454758217,-5283.092233064008,0.0,0.0,0.0,0.07400213120219437,0.40890860860228634,-0.3787161474845033,-4026.549302778938,0.2892031836766082,0.7658950881585518,0.9948289435956656,-0.9957102586954373,0.9997323258365401,2.1915247524752477,0.7166437096789073,0.7311386337791559,0.8353011011862019,-0.9841724912726955,0.9979213560383122,Software—Infrastructure,Technology,NXTP
2017Q4,2017,Q4,2017-05-08,2017-02-28,-2818314.0,26931.0,-2748926.0,-0.037717224599918095,-37875.0,-1.4063718391444804,2587028.0,-431439.0,1814959.0,3018467.0,3018467.0,0.0,-100659632.0,3437221200.0,3438816461.0,-0.0057739065498606836,0.6012850231591069,1.0059133492177124,-6.031735656720881,-1.2662685805387384,-0.0057739065498606836,6.532357992671038,127630.65612119861,-304.90048305476256,-7966.876429808154,0.0,0.0,0.0,0.010410014889672628,0.5821050884439022,-1.0894022020635261,-3727.2618045856357,-1.4063718391444804,-0.2548181339754247,0.9997242553724459,-0.9999209303385351,0.9999833193612702,-12.643098678143252,-0.2548181339754247,-0.36699102704616565,-1.138743472452318,-0.9972365116654106,0.9990474520297228,Software—Infrastructure,Technology,NXTP
2017Q3,2017,Q3,2017-01-23,2016-11-30,-2245994.0,101477.0,-2010932.0,-0.030057921206816714,3253.0,0.0320565251239197,2541157.0,-306327.0,894914.0,2847484.0,2847484.0,0.0,-97841318.0,4064887680.0,4067187354.0,-0.004099544713619245,0.31428236295620976,0.9453670119555777,-7.842358003049029,-0.9594145798733683,-0.004099544713619245,7.332014481256958,40057.231490879705,-452.4597661436317,-13269.766230204978,0.0,0.0,0.0,0.0399333846747761,0.2994404885154754,-0.8838470035499577,-3475.5195083350645,0.0320565251239197,-1.0891406690089755,0.999559923334369,-0.9998640187106478,0.9999831369960505,-0.9325789135526125,-1.4780811700634637,-1.8372377829573736,0.9935789911621332,-0.9922049514147645,0.9995785058223994,Software—Infrastructure,Technology,NXTP
2017Q2,2017,Q2,2016-10-18,2016-08-31,-906344.0,176770.0,-708764.0,-0.014387696172261715,48249.0,0.2729478983990496,2897015.0,-536565.0,1128106.0,3433580.0,3433580.0,0.0,-95595324.0,4787572880.0,4790262680.0,-0.008517664591666748,0.328550958474828,1.0326239249710478,-5.575330109120051,-0.2887067091058843,-0.008517664591666748,1.6891597476540587,27083.627764892233,-1320.572784726329,-8922.633567228575,0.0,0.0,0.0,0.06101797885064454,0.30630624595902817,-0.3128544381026677,-3351.102630724261,0.2729478983990496,0.28141156775853626,-1.0009988157861738,-0.9998200672578162,0.9999759146267608,0.7602057568129583,0.1955221972903116,0.5155929844897134,0.9938692401411907,-0.9839161339098705,0.9987129776728805,Software—Infrastructure,Technology,NXTP
2017Q1,2017,Q1,2016-07-20,2016-05-31,-1126624.0,95099.0,-1463158.0,-0.0200221650206402,27411.0,0.2882364693635054,2356969.0,-693669.0,168819.0,3050638.0,3050638.0,0.0,-94688981.0,3432399240.0,3434612145.0,-0.012327764354125657,0.05533891599068785,0.9795075794378288,-3.328199760981102,-0.9059801857585139,-0.012327764354125657,1.6241521532604166,36092.905708787686,-761.6558940693611,-4948.180241584963,0.0,0.0,0.0,0.040348006274159735,0.0313914663096703,-0.4779969528661599,-3801.5275667294272,0.2882364693635054,-1.095830856103637,0.9999133592867081,-0.9998794919141928,0.9999754911064366,2.280004786406605,-1.2698015279167747,-0.2656068894171052,0.9685674272011574,-0.9927707010046768,0.9972902727308821,Software—Infrastructure,Technology,NXTP
2016Q4,2016,Q4,2016-06-23,2016-02-29,4175751.0,37581.0,-1156092.0,0.2089323401116974,8357.0,0.22237300763683776,2898084.0,-618002.0,216998.0,3035694.0,3035694.0,0.0,-93562357.0,719501040.0,721749707.0,-0.0309215286193332,0.07148217178674794,0.8235133971272054,-3.861817599295795,-0.6536730277862434,-0.0309215286193332,-6.756856773926298,19145.340464596473,43.076146063306936,-1164.2373972899763,0.0,0.0,0.0,0.01296753303216884,0.05038188961074469,1.440866103259947,-1180.3845472382816,0.22237300763683776,1.853232936264848,1.0002322766590908,-0.9999559664131754,0.9999565068354068,3.285831509846827,1.853232936264848,0.11113605609546069,1.2485369439608485,-0.9937804162298083,0.9948612649953642,Software—Infrastructure,Technology,NXTP
2016Q3,2016,Q3,2016-01-19,2015-11-30,-4894034.0,21717.0,-1300640.0,-0.244871395877343,-3656.0,-0.16834737763042779,6941765.0,-3419228.0,496455.0,6922082.0,9885385.0,0.0,-94804852.0,1518946640.0,1523949252.0,-0.17107995841117896,0.07172047369563088,0.7701057295947068,-1.5634795339766754,-0.6750732483332598,-0.17107995841117896,1.4313271884764631,69942.74715660543,-77.59174946475648,-444.23672244143995,0.0,0.0,0.0,0.003128455083109267,0.05175913836328434,-0.7050129181843523,-2301.758641748004,-0.16834737763042779,-1.8399637585531967,0.9993601316969254,-0.9999726228655662,-1.0030467403845154,-1.062012348191872,-3.4160416516278063,-0.6660262026633055,0.8150376228661851,-0.9926064478934674,0.9729557018797799,Software—Infrastructure,Technology,NXTP
2016Q2,2016,Q2,2015-10-16,2015-08-31,-1108240.0,149267.0,-780684.0,-0.08622342279539909,58956.0,0.3949700871592515,6902473.0,-3459667.0,124057.0,6920588.0,9883891.0,0.0,-89910818.0,732627840.0,738664581.0,-0.2691694312353732,0.017925788964752706,0.8775272282847032,-1.7507777482630553,-0.30055889623671916,-0.2691694312353732,0.32033140761813206,4908.17019166996,-165.26831733198586,-211.76253090254065,0.0,0.0,0.0,0.021625147972328177,0.005110403913655892,-0.16055694821261887,-1149.7034674969243,0.3949700871592515,0.8522836142830529,0.9997829493500233,-0.9997841248393065,-1.0010137456900947,-0.7764269109856313,0.5931512969532237,-1.6806809831539766,0.6194348417600947,-0.922962818035099,0.9789568728745497,Software—Infrastructure,Technology,NXTP
2016Q1,2016,Q1,2015-08-07,2015-05-31,-2723961.0,336093.0,-291226.0,-0.5837092640529374,263699.0,0.7846012859535902,7445306.0,-3307279.0,243808.0,7300490.0,10272193.0,0.0,-88802578.0,5506635.199999999,11551315.2,-0.708706692609672,0.033396114507382384,0.8248765060831617,-1.856951893081896,-0.10275497772017929,-0.708706692609672,0.8236260079660651,16.384260308902594,-0.505388586694156,-1.6650047365220775,0.0,0.0,0.0,0.045141596597910144,0.015311027068046117,-0.36586286715415056,-16.83296508464421,0.7846012859535902,-1.4148091898144401,-1.0200668236841481,-0.9988722887083881,-1.0016155743381903,-0.18805884671281128,-1.5885001026217147,0.2536953134609865,0.658157853230136,-0.8209371006445351,0.9786762627325568,Software—Infrastructure,Technology,NXTP
2015Q4,2015,Q4,2015-06-16,2015-02-28,4628650.0,-61796.0,-390224.0,1.4071753432320357,324776.0,5.255615250178005,7099333.0,-6034746.0,322777.0,13134079.0,13134079.0,0.0,-86078617.0,3289320.0,12339366.0,-1.8346484987778628,0.024575533617545622,1.3066661332832255,-1.537174555482534,-0.12037590014165354,-1.8346484987778628,-0.7669999698413156,-53.228687940967056,0.17766087304073544,-0.5450635370569035,0.0,0.0,0.0,-0.008704479702529801,0.018380580777685288,0.6519837849555726,-11.246691968407015,-5.255615250178005,4.178688199232085,1.0024536778512783,-1.0006400469418186,-1.0047789185210108,1.6732955246977093,4.178688199232085,0.7880482190518918,1.0102876350271954,-1.0041215567910453,0.9946997568214491,Software—Infrastructure,Technology,NXTP
2015Q3,2015,Q3,2015-01-20,2014-11-30,-1456151.0,403950.0,-1841098.0,-0.44269058650420146,121489.0,0.3007525683871766,3919505.0,-18179896.0,236657.0,13680837.0,13830837.0,0.0,-90707268.0,1842019.2000000002,11537043.2,-5.52694660294529,0.017298429913315976,2.4775610695738366,-0.5341511854633272,0.21739047781206064,-5.52694660294529,0.08009677283082367,4.560017823988118,-0.31624797153591905,-0.10132176773728518,0.0,0.0,0.0,0.10306148352917013,0.007572416804615098,-0.3715140049572586,-2.278973655982491,0.3007525683871766,-0.0009539006066488117,0.9983044817459216,-0.9976077697703626,-1.0136374233186798,14.45268379547189,-0.0016116295962052762,-0.13296455997346507,0.9935185871346695,-0.9877034672135435,0.9772655431505134,Software—Infrastructure,Technology,NXTP
2015Q2,2015,Q2,2014-10-20,2014-08-31,-1453808.0,406345.0,-1625027.0,-0.44226870611713454,7862.0,0.01934809090797229,4439058.0,-13851870.0,268302.0,13000864.0,13000864.0,0.0,-89251116.0,1512093.6,11008774.6,-4.2139323914868765,0.02063724380164272,2.1557857545452213,-0.6908567579684187,0.3794830802398387,-4.2139323914868765,0.10495391596946838,3.721206364050253,-0.26002291911999387,-0.10916169441382283,0.0,0.0,0.0,0.09153856516405057,0.012413328837221895,-0.3275037181311891,-1.1830829609043454,0.01934809090797229,-7.249481490738665,0.9980632175363738,-0.9965443311024037,-1.0072108251673906,-0.9722518299956942,-7.569404247543487,-0.02792168442253268,-1.030702967320929,-0.9920735719951268,0.988084276698009,Software—Infrastructure,Technology,NXTP
2015Q1,2015,Q1,2014-07-21,2014-05-31,-169651.0,344957.0,-1580886.0,-0.05361169748833917,283334.0,0.8213603434630983,4534598.0,-13543360.0,222054.0,13010998.0,13010998.0,0.0,-87796018.0,5379548.0,14920828.0,-4.279859943623516,0.017066638546866273,2.1230221510263974,-0.7108318762847624,0.4036674337156322,-4.279859943623516,0.012526507454575526,15.594836457877358,-7.927374433395618,-0.3972092597405666,0.0,0.0,0.0,0.07607223396649493,0.01062308978911533,-0.0374125776970748,-6.43155793072941,0.8213603434630983,-1.1972115698463013,0.9995558805240599,-0.9953528971147958,-1.0065071799061678,0.1755134215657802,-1.2779127426295813,0.34407452448197445,0.9997680093183534,-0.9922272214142905,0.9914911877927282,Software—Infrastructure,Technology,NXTP
2014Q4,2014,Q4,2014-06-13,2014-02-28,610447.0,292864.0,-2410161.0,0.27184864219742244,241030.0,0.8230099978146853,4492898.0,-13611428.0,356186.0,13905982.0,13905982.0,0.0,-87625076.0,7185728.0,16698683.0,-6.061538872609706,0.025613868909078123,2.1494890380329132,-0.7095093181993837,0.6095511549969866,-6.061538872609706,-0.044848123209409035,24.536057692307693,2.9428140362717814,-0.5279187459243807,0.0,0.0,0.0,0.06518376335274026,0.018301116742420635,0.1358693208704048,-6.1052615480559025,0.8230099978146853,1.0580726299101437,1.0052904685952906,-0.997371798901695,-1.008422628939618,-0.23890630871296445,1.0580726299101437,0.2104144293839875,1.0003022226925435,-0.9969458536051307,0.9914740467355366,Software—Infrastructure,Technology,NXTP
2014Q3,2014,Q3,2014-01-21,2013-11-30,-10511785.0,391219.0,-3052438.0,-4.681183590584002,316689.0,0.8094928927276027,4894775.0,-21840614.0,1093353.0,14989325.0,21645984.0,0.0,-88234261.0,1751521.2,8900929.2,-9.726219083160398,0.07294211046861683,1.6633236461328662,-0.372773173867731,0.2228216487618566,-9.726219083160398,0.48129530607518634,4.477086235586717,-0.04165613166555442,-0.08019560255952511,0.0,0.0,0.0,0.07992583928781201,0.0703198442891858,-2.14755223682396,-1.0032150605873849,0.8094928927276027,-0.9947052054239605,-1.1091783988617225,-0.9986100490009822,-1.005079587876194,0.2327133871017968,-1.0358845549277858,-1.3597298605237973,0.9877676974488762,-0.9956104881529513,-1.1732129510932428,Software—Infrastructure,Technology,NXTP
2014Q2,2014,Q2,2013-10-21,2013-08-31,-5163252.0,383851.0,-1293554.0,-2.3468047197425594,256904.0,0.6692805281215889,4218292.0,-14560652.0,345780.0,17255020.0,17299426.0,0.0,-77721201.0,347618.96,8872828.96,-6.618117193607621,0.02003938563965733,2.044663811798709,-0.5923490926093145,0.217929151301211,-6.618117193607621,0.3546030768402404,0.9056091035323602,-0.01683139618209609,-0.023873859494753395,0.0,0.0,0.0,0.09099678258404112,0.014986363388741363,-1.2240148382331049,-0.3055929066928757,0.6692805281215889,-2.6842224665480594,-1.0630673411448963,0.0,-0.07631701100260506,-0.2366021151348926,-2.8248294356003645,0.1146996161234975,0.9940923768359647,-0.9967568746184708,-1.024925147520544,Software—Infrastructure,Technology,NXTP
2014Q1,2014,Q1,2013-07-22,2013-05-31,-1349930.0,495441.0,-1461147.0,-0.6369877880749703,336527.0,0.6792473775888552,4324592.0,-9641373.0,378136.0,13028184.0,13065690.0,0.0,-72563181.0,847696.0,10986701.0,-4.5494483871576605,0.029024459587,2.3887712413101627,-1.0714719781093418,-2.1204069726943438,-4.5494483871576605,0.1400142904957624,1.7109928326480852,-0.15698888090493582,-0.0879227471025133,0.0,0.0,0.0,0.11456363976069882,0.02238892235479634,-0.31215199029180096,-0.6686143361938415,0.6792473775888552,0.24226666822428292,0.5024126402038098,0.0,0.14122182754006557,0.21162272411421823,-0.06435838726362134,0.1635633083381658,-1.021898438862359,-0.9963393807260995,-1.0103709646654364,Software—Infrastructure,Technology,NXTP
2013Q4,2013,Q4,2013-06-13,2013-02-28,-1268304.0,456128.0,-1746871.0,-0.8406490269897662,277749.0,0.6089277571208082,4589778.0,-9078485.0,301017.0,13672111.0,13709052.0,0.0,-71193862.0,694011.2000000001,9273889.2,-6.017342515509836,0.0220168633797663,1.8834987225961692,-0.9522338804326933,,-6.017342515509836,0.13970436697312383,1.5215272905850992,-0.13679906394681401,-0.07644570652482216,0.0,0.0,0.0,0.09937909850977542,0.018432925244682406,-0.27633231934093544,-0.4870394165726874,0.6089277571208082,0.3650199860618246,0.8310577241149661,0.0,-0.3530241495567946,1.165633552431522,0.3650199860618246,-0.06632845219571838,0.9985341685326251,-0.9897000367943163,-1.0156740594254383,Software—Infrastructure,Technology,NXTP
2013Q3,2013,Q3,2013-01-22,2012-11-30,-1997392.0,221731.0,-1638211.0,-1.323898403945066,128253.0,0.5784170909796105,5057792.0,-9544036.0,216098.0,14566260.0,14606816.0,0.0,-69910974.0,1203958.56,10148929.56,-6.325916008271912,0.01483551714716063,1.7870843640861467,-0.9470522743208429,,-6.325916008271912,0.20928169172874034,5.429816128552165,-0.15069132148321412,-0.1261477387553861,0.0,0.0,0.0,0.043839485688616696,0.013262155144834708,-0.39491382801032543,-0.6161803894353157,0.5784170909796105,-4.843303237757764,-0.3892979245671854,0.0,-1552.8031195317885,3.1999214068179587,-8.434833541170692,-1.2671125577430329,0.9949294293150442,-0.9971371456371908,-1.0156088344398413,Software—Infrastructure,Technology,NXTP
2013Q2,2013,Q2,2012-10-22,2012-08-31,-211704.0,140860.0,-722598.0,-0.2265667808219178,30537.0,0.2167897202896493,1147686.0,-11952212.0,503145.0,13044508.0,13099898.0,0.0,-67913583.0,446643.19999999995,8675475.2,-12.791322773972603,0.03857140491615322,7.173475149126155,-0.6888178522937846,,-12.791322773972603,0.017712537227418657,3.1708306119551324,-0.5274383100933379,-0.03736908281078013,0.0,0.0,0.0,0.1227339185108122,0.03668862022239551,-0.1844616036093496,-0.4267902002547498,0.2167897202896493,0.8673139531739938,0.6555483757717071,0.0,-1.1884070567982383,-0.3782677742487173,0.7038744574514662,-0.00017301684630429095,0.9990078190885614,-0.995785821745108,-1.0218883417230697,Software—Infrastructure,Technology,NXTP
2013Q1,2013,Q1,2012-07-23,2012-05-31,-714913.0,168396.0,-722473.0,-1.70754036495653,49116.0,0.29166963585833394,764172.0,-13915071.0,102606.0,14624846.0,14679243.0,0.0,-67701879.0,319034.16000000003,10685589.16,-33.235576096302665,0.007015868748293144,13.566062352454683,-0.7450055411143788,,-33.235576096302665,0.05137688481790714,1.8945471388869097,-0.1115639805123141,-0.022927239106433593,0.0,0.0,0.0,0.22036400182157945,0.0060517560321660824,-0.9355393811864344,-0.38957249302141567,0.29166963585833394,0.9875164440925112,-3.526565689227091,0.0,-4.961198213612774,1.083587332220333,0.8728935995294891,0.7958000218198303,0.9858547300764694,-0.9828539633860863,-1.0505319977271657,Software—Infrastructure,Technology,NXTP
2012Q4,2012,Q4,2012-06-13,2012-02-29,-5624524.0,187433.0,-3538066.0,-136.7831712062257,-587601.0,-3.1349922372261023,462647.0,-14233450.0,61056.0,14607206.0,14696097.0,0.0,-66983176.0,31333.44,9750375.44,-346.1442120622568,0.004179854792216937,21.03554329758974,-0.6837436461293642,,-346.1442120622568,0.3951623815729848,0.1671714159192885,-0.0013927151879874634,-0.002201394602151973,0.0,0.0,0.0,0.405131774333347,0.0009888954807647677,-12.157268932901326,-0.038925171994842016,-3.1349922372261023,-1.0026362263935966,-82.12964707963613,0.0,-61.082272426281,-0.7537030349516359,-1.0026362263935966,-0.13558278093193724,-1.6619484496275754,-0.9081442497467086,-1.4809742738714284,Software—Infrastructure,Technology,NXTP
2012Q3,2012,Q3,2012-01-23,2011-11-30,-2808560.0,410669.0,-3115639.0,-68.30155642023347,-335063.0,-0.815895526567625,3022560.0,-9996634.0,564208.0,13019194.0,13019194.0,0.0,-61324935.0,31333.44,9372172.44,-243.10880350194552,0.04333663051645133,3.112068577629559,-0.9409581265053817,,-243.10880350194552,0.28095056796117573,0.0762985275246001,-0.0027891018885122625,-0.003134399038716432,0.0,0.0,0.0,0.13586793975967393,0.04185289811335479,-0.9291990895135249,-0.020429553813543572,-0.815895526567625,-5.741598095759472,-125.46648609258777,0.0,-53.96591863782338,-0.22916498528947812,-8.598383230616895,-1.8295699262566405,-2.592984856377827,-0.9203218647208103,-1.1269653212935082,Software—Infrastructure,Technology,NXTP
2012Q2,2012,Q2,2011-10-21,2011-08-31,369626.0,400178.0,3755728.0,14.404754481683554,-272594.0,-0.6811818740660406,3409280.0,-9074523.0,745210.0,12483803.0,12483803.0,0.0,-58440696.0,19552.920000000002,7846834.92,-353.64469992205767,0.05969414929088516,2.3125337314623615,-0.8688142616421822,,-353.64469992205767,-0.04073227871040715,0.048860557052111814,0.013224800203448892,-0.0021547049911053175,0.0,0.0,0.0,0.11737903604280082,0.0576594327866276,0.10841761310305989,-0.02498868328666494,-0.6811818740660406,1.0623328297315051,9.507128276056259,0.0,-83.82551623141913,0.7454626267229039,1.0762373885085996,2.05855865504836,13.663166337773486,0.0,-56.51391147087468,Software—Infrastructure,Technology,NXTP
2012Q1,2012,Q1,2011-07-19,2011-05-31,-4848356.0,294237.0,-3547964.0,-231.09418493803622,-1070939.0,-3.639715603408137,3558096.0,-10552761.0,688308.0,14099757.0,14110857.0,0.0,-58071070.0,15986.76,5727751.76,-502.99146806482366,0.048817011527219935,1.5871086671073518,-0.5351286739081839,,-502.99146806482366,0.4594395722598095,0.05433293569469509,-0.0008243392193147533,-0.0015149362332758222,0.0,0.0,0.0,0.08269507062204055,0.045472556725623,-1.3626265283454972,-0.009397039244557695,-3.639715603408137,0.7430853204246289,-388.03411728699183,0.0,-181.10561671992232,0.4075413057404828,0.6267264558524039,0.3517610700070434,-179.52080039882375,0.0,-93.94735557985337,Software—Infrastructure,Technology,NXTP
2011Q4,2011,Q4,2011-06-15,2011-02-28,-12988748.0,616627.0,-5473235.0,-899.497783933518,-1807618.0,-2.931460996680327,4544825.0,-10266139.0,1369319.0,14785559.0,14810964.0,0.0,-53215394.0,11003.28,910067.28,-710.9514542936288,0.09261191950875851,0.3306263717524877,-0.14636846432724124,,-710.9514542936288,1.265202818703312,0.017844304579591876,-0.00021178484639166147,-0.0010718031384535122,0.0,0.0,0.0,0.13567673122727497,0.08930612633583891,-2.857920381972903,-0.007208643076098614,-2.931460996680327,-1.350458772707005,-545.6676395049449,0.0,-126.51182983634361,0.10295650206145253,-1.350458772707005,-0.02712541839535856,-179.76890342147868,0.0,-158.8603510340978,Software—Infrastructure,Technology,NXTP
2011Q3,2011,Q3,2011-01-13,2010-11-30,-5526048.0,573126.0,-5328692.0,-382.6903047091413,-2015084.0,-3.5159528620233598,12138003.0,810832.0,1135827.0,11031271.0,11327171.0,0.0,-40228304.0,11003.28,8149333.28,56.15180055401662,0.10296429124078268,0.6760415201742824,10.120214791720109,,56.15180055401662,-6.81528109398741,0.019198710231258048,-0.0004977915501276862,0.013570357361327626,0.0,0.0,0.0,0.04721748709404669,0.0525229595030346,-0.455268300724592,-0.005230217844936995,-3.5159528620233598,0.03665179734280018,-707.5855818642757,0.0,13.695695327193954,-0.10985510247693911,-0.11285984370959726,-0.08117476458386974,-400.59489920078113,0.0,13793.28601108033,Software—Infrastructure,Technology,NXTP
2011Q2,2011,Q2,2010-10-21,2010-08-31,-4965628.0,672454.0,-4928613.0,-397.25024,-1815628.0,-2.700003271599247,13633287.0,3318996.0,2127340.0,9970058.0,10314291.0,0.0,-34702667.0,9525.0,7873542.0,265.51968,0.21337288108053132,0.5830015901521034,2.394768779474275,,265.51968,-1.4961235265122343,0.01416453764867188,-0.00047954659511344785,0.0028698437720322653,0.0,0.0,0.0,0.04932442190940453,0.05974659324950768,-0.3642282305067003,-0.003067545911742276,-2.700003271599247,-14.65671407922446,-233.6071745735968,0.0,64.68777456742653,-0.018133898580713178,-17.01397054318065,-0.10023678490434287,-602.9433049129594,0.0,46.42650918114144,Software—Infrastructure,Technology,NXTP
2011Q1,2011,Q1,2010-07-15,2010-05-31,310081.0,680792.0,-4479593.0,29.088273921200752,-1783290.0,-2.6194344234362332,14582153.0,4676240.0,2562344.0,9465150.0,9905913.0,0.0,-29736419.0,8122.92,6349915.92,438.671669793621,0.27071351220001794,0.4517627129546645,1.4087542555557457,,438.671669793621,0.06630989855097258,0.011931573814028366,0.006549030737129975,0.0017370622551451595,0.0,0.0,0.0,0.04668665868476349,0.06715276567196506,0.02126441822411272,-0.0026351855726791857,-2.6194344234362332,1.0507209380804206,49.96847997871877,0.0,159.81894631864859,-0.06750848240902811,1.0545045564452906,0.15437271501791175,78.11090489734836,0.0,79.68101238140343,Software—Infrastructure,Technology,NXTP
2010Q4,2010,Q4,2010-06-08,2010-02-28,-5689084.0,291175.0,-5297361.0,-573.4963709677419,-1670516.0,-5.737154632094102,15405745.0,3808333.0,2962760.0,5100391.0,11597412.0,0.0,-29961571.0,7559.04,6967740.04,383.9045362903226,0.5808887985254464,0.4789402914302424,1.9374440207828465,,383.9045362903226,-1.493851509308666,0.025960470507426805,-0.0003321729825047407,0.001984868445065072,0.0,0.0,0.0,0.018900416695200394,0.11456180516356491,-0.36928327711512815,-0.002717862941906571,-5.737154632094102,-1.1965083407398598,-347.54105588853713,0.0,69.85472926346146,-3.312255413177486,-1.1965083407398598,-1.1979930210075143,-347.54105588853713,0.0,69.85472926346146,Software—Infrastructure,Technology,NXTP
2010Q3,2010,Q3,2010-01-19,2009-11-30,-2590058.0,509249.0,-2410090.0,-261.0945564516129,-387388.0,-0.7607044883740567,13763945.0,4020357.0,432922.0,2911402.0,9743588.0,0.0,-24272478.0,7559.04,7645456.04,405.2779233870968,0.14869880559263202,0.5549206277705993,1.899805664024364,,405.2779233870968,-0.6442358228386186,0.014843504847334016,-0.0007296207266400984,0.0018801912367483783,0.0,0.0,0.0,0.03699876743186637,0.14393649520059407,-0.18817700884448463,-0.005478045538775502,-0.7607044883740567,-0.14338489540289406,-482.4400974581101,0.0,92.63170169780753,-1.4587321333367185,-0.2355531767316677,-0.22427343862707688,-482.4400974581101,0.0,92.63170169780753,Software—Infrastructure,Technology,NXTP
2010Q2,2010,Q2,2009-10-20,2009-08-31,-2096274.0,328386.0,-1968588.0,-228.35228758169936,-157556.0,-0.47978902876492907,15017284.0,5364698.0,289168.0,2820400.0,9652586.0,0.0,-9162520.0,6995.16,5339218.16,584.3897603485839,0.10252730109204368,0.3594249799098159,1.0061306340077298,,584.3897603485839,-0.39075340308065803,0.02130163892492372,-0.0008342373182131724,0.0013039242842747159,0.0,0.0,0.0,0.0218672031507162,0.09889022833640618,-0.13959075422692946,-0.007428864540753744,-0.47978902876492907,-0.8916710912313082,-133.85979265099985,0.0,141.1722211950279,-2.9936983562579877,-1.1281299776352216,-1.1581182620058805,-133.85979265099985,0.0,141.1722211950279,Software—Infrastructure,Technology,NXTP
2010Q1,2010,Q1,2009-07-20,2009-05-31,-985031.0,191415.0,-912178.0,-120.71458333333334,79027.0,0.4128568816445942,8114625.0,5366942.0,229631.0,2069486.0,2747683.0,0.0,-7066246.0,6217.92,987112.92,657.7134803921568,0.1109604027280204,0.12252827456598425,0.1852583836382059,,657.7134803921568,-0.1835367328359427,0.03248397461014027,-0.0015781026180901922,0.0011585591944164853,0.0,0.0,0.0,0.023588890429317437,0.1068675990076763,-0.12138958978387787,-0.012652552926525529,0.4128568816445942,-1.3492363506262957,-202.2162400942386,0.0,239.12196940959706,-0.8593327530566873,-1.4389018601921844,-1.6302634652149215,-202.2162400942386,0.0,239.12196940959706,Software—Infrastructure,Technology,NXTP
2009Q4,2009,Q4,2009-06-16,2009-02-28,-403883.0,390040.0,-346801.0,-51.384605597964374,561801.0,1.4403676545995283,8228292.0,5656630.0,288435.0,1871385.0,2571662.0,0.0,-6081214.0,5989.32,925474.32,719.6730279898219,0.15412916102245128,0.11403168482596387,0.16587367390124508,,719.6730279898219,-0.07139993246862532,0.015355655830171264,-0.003707336035436005,0.0010588141702745275,0.0,0.0,0.0,0.04740230414768946,0.07726042476561477,-0.04908467030581802,0.006049909847118896,1.4403676545995283,-2.1984338697186128,-30.22887187814119,0.0,130.0760770354144,-0.2582310068921809,-2.1984338697186128,-2.0336778916370095,-30.22887187814119,0.0,130.0760770354144,Software—Infrastructure,Technology,NXTP
2009Q3,2009,Q3,2009-01-20,2008-11-30,337009.0,985195.0,335502.0,42.8764631043257,757380.0,0.7687615142179974,17458669.0,15050056.0,612241.0,2408612.0,2408613.0,0.0,-4856186.0,5989.32,984719.3200000001,1914.7653944020356,0.2541883043013985,0.06161872935445423,0.07148019914344504,,1914.7653944020356,0.022392541263633835,0.0060793243977080675,0.004442997071294832,0.00039795998101269526,0.0,0.0,0.0,0.056430132216837375,0.07833100557499506,0.019303247000100637,-0.0022357235271852293,0.7687615142179974,38.6925399843418,80.38963486454652,0.0,433.92072258658385,0.0,38.6925399843418,38.523990605077735,80.38963486454652,0.0,433.92072258658385,Software—Infrastructure,Technology,NXTP
2009Q2,2009,Q2,2008-10-01,2008-08-31,-8941.0,0.0,-8941.0,-1.137531806615776,0.0,0.0,719.0,-48330.0,719.0,49049.0,49049.0,0.0,-129736.0,5989.32,5270.32,-6.148854961832061,0.014658810577177925,0.0,0.0,,-6.148854961832061,0.1849989654458928,0.0,-0.16746784476009396,-0.12392551210428306,0.0,0.0,0.0,0.0,0.014658810577177925,-12.435326842837274,-0.6916872618085229,0.0,0.11140926257205334,0.32819896310767155,0.0,-0.4748695413347982,0.0,0.11140926257205327,-0.0008955558043210567,0.32819896310767155,0.0,-0.4748695413347982,Software—Infrastructure,Technology,NXTP
2009Q1,2009,Q1,2008-07-16,2008-05-31,-10062.0,0.0,-8933.0,-1.2801526717557252,0.0,0.0,9378.0,-41639.0,9378.0,51017.0,51017.0,0.0,-120795.0,5989.32,-3388.6800000000003,-5.297582697201018,0.18382107924809377,0.0,0.0,,-5.297582697201018,0.24164845457383702,0.0,-0.1488103756708408,-0.14383918922164315,0.0,0.0,0.0,0.0,0.18382107924809377,-1.072936660268714,-0.9070604270786006,0.0,0.74273222367109,-1.155065324480617,0.0,-0.9179640718562874,0.0,0.7427322236710899,0.7596976381341798,-1.155065324480617,0.0,-0.9179640718562874,Software—Infrastructure,Technology,NXTP
2008Q4,2008,Q4,2008-05-29,2008-02-29,-39111.0,0.0,-37174.0,-4.975954198473282,0.0,0.0,15981.0,-34956.0,15981.0,50937.0,50937.0,0.0,-110733.0,5989.32,-9991.68,-4.447328244274809,0.3137405029742623,0.0,0.0,,-4.447328244274809,1.1188637143837967,0.0,-0.03828411444350695,-0.17133882595262617,0.0,0.0,0.0,0.0,0.3137405029742623,-2.4473437206682935,-0.17866833721138356,0.0,-4.221762349799732,-2.0241243331013683,0.0,0.2023548740416211,0.0,-4.221762349799733,-3.963150867823765,-2.0241243331013683,0.0,0.2023548740416211,Software—Infrastructure,Technology,NXTP
2008Q3,2008,Q3,2008-01-22,2007-11-30,-7490.0,0.0,-7490.0,-0.9529262086513995,0.0,0.0,44515.0,-32.0,44515.0,44547.0,44547.0,0.0,-71622.0,5989.32,-38525.68,-0.004071246819338422,0.9992816575751453,0.0,0.0,,-0.004071246819338422,234.0625,0.0,-0.1999105473965287,-187.16625,0.0,0.0,0.0,0.0,0.9992816575751453,-0.1682578905986746,-1.143,0.0,-0.4487427466150872,-0.7644287396937574,0.0,0.9990795075365322,0.0,-0.44874274661508706,-0.7139588100686499,-0.7644287396937574,0.0,0.9990795075365322,Software—Infrastructure,Technology,NXTP
2008Q2,2008,Q2,2007-10-22,2007-08-31,-5170.0,0.0,-4370.0,-0.6577608142493638,0.0,0.0,52.0,-45942.0,52.0,45994.0,45994.0,0.0,-64132.0,5989.32,5937.32,-5.845038167938931,0.0011305822498586771,0.0,0.0,,-5.845038167938931,0.11253319402725175,0.0,-0.28961895551257255,-0.1303669844586653,0.0,0.0,0.0,0.0,0.0011305822498586771,-99.42307692307692,2.1059493670886074,0.0,-0.7436762225969644,0.6115410624389511,0.0,-0.4019957887027373,0.0,-0.7436762225969646,-0.943950177935943,0.6115410624389511,0.0,-0.4019957887027373,Software—Infrastructure,Technology,NXTP
2008Q1,2008,Q1,2007-07-16,2007-05-31,-2965.0,0.0,-2248.0,-0.3772264631043257,0.0,0.0,0.0,-43822.0,0.0,43822.0,43822.0,0.0,-58962.0,5989.32,6014.32,-5.57531806615776,0.0,0.0,-0.0005704897083656611,,-5.57531806615776,0.06766007941216741,0.0,-0.5050016863406408,-0.13667381680434487,0.0,0.0,0.0,0.0,0.0,0.0,-1.2070374848851269,0.0,0.7707415139565453,0.3649603769543799,0.0,-1.0185168125287882,0.0,0.7707415139565452,0.8012378426171529,0.3649603769543799,0.0,-1.0185168125287882,Software—Infrastructure,Technology,NXTP
2007Q4,2007,Q4,2007-05-31,2007-02-28,-12933.0,0.0,-11310.0,-1.6454198473282442,0.0,0.0,36.0,-43824.0,36.0,43860.0,43860.0,0.0,-55997.0,5989.32,5953.32,-5.57557251908397,0.0008207934336525308,0.0,0.0,,-5.57557251908397,0.29511226725082146,0.0,-0.11577592205984691,-0.13666757940854327,0.0,0.0,0.0,0.0,0.0008207934336525308,-359.25,-0.2536450260449752,0.0,-2.0466431095406357,0.0,0.0,0.0,0.0,-2.046643109540636,-1.6643109540636043,0.0,0.0,0.0,Software—Infrastructure,Technology,NXTP
2007Q3,2007,Q3,2007-01-16,2006-11-30,-4245.0,0.0,-4245.0,-0.5400763358778626,0.0,0.0,54.0,-34764.0,54.0,34818.0,34818.0,0.0,-43064.0,,,,,,,,,,,,,,,,,,,,,,,,,,,,,,,Software—Infrastructure,Technology,NXTP
2007Q2,2007,Q2,2006-11-17,2006-08-31,-13309.0,0.0,-13309.0,-1.6932569974554708,0.0,0.0,70.0,-32769.0,70.0,32839.0,32839.0,0.0,-38819.0,,,,,,,,,,,,,,,,,,,,,,,,,,,,,,,Software—Infrastructure,Technology,NXTP
2007Q1,2007,Q1,2006-05-31,2006-05-31,-4669.0,0.0,-4669.0,-0.5940203562340967,0.0,0.0,5.0,-21710.0,5.0,21715.0,21715.0,0.0,-25510.0,,,,,,,,,,,,,,,,,,,,,,,,,,,,,,,Software—Infrastructure,Technology,NXTP
