Quarters,Year,Quarter,FillingDate,Date,NetIncome,Revenue,OperatingIncome,EPSDiluted,GrossProfit,GrossProfitRatio,TotalAssets,CommonStockEquity,CurrentAssets,CurrentLiability,TotalLiability,Inventory,RetainedEarnings,MarketCap,EnterpriseValue,bookValuePerShare,currentRatio,debtToAssets,debtToEquity,roic,shareholdersEquityPerShare,roe,priceToSalesRatio,peRatio,pbRatio,payoutRatio,inventoryTurnover,dividendYield,assetTurnover,quickRatio,returnOnAssets,priceToFreeCashFlowsRatio,grossProfitMargin,epsdilutedGrowth,fiveYNetIncomeGrowthPerShare,fiveYRevenueGrowthPerShare,fiveYShareholdersEquityGrowthPerShare,grossProfitGrowth,netIncomeGrowth,operatingIncomeGrowth,threeYNetIncomeGrowthPerShare,threeYRevenueGrowthPerShare,threeYShareholdersEquityGrowthPerShare,Industry,Sector,Symbol
2023Q1,2023,Q1,2023-05-08,2023-03-31,41131000.0,238718000.0,56948000.0,0.38,94428000.0,0.3955629655,1133121000.0,560177000.0,459483000.0,447765000.0,572944000.0,127784000.0,1171805000.0,5293931195.860001,5682833195.860001,5.150013020819208,1.0261699775551907,0.346669067116398,0.7012390726502516,0.043650401549056875,5.150013020819208,0.07342500673894144,22.176506153117906,32.1772580040602,9.45046154315511,0.0,1.1291711012333312,0.0,0.2106729996178696,0.6833651580628232,0.03629885952162214,-34.22881488048208,0.3955629655074188,3.2222222222222228,0.19943268295270106,0.5089026262072462,1.3150319619209323,0.4418249557197826,3.082076220722509,0.6535423925667828,0.03679472791469401,0.273233741799727,0.3254486986232171,Building Products & Equipment,Industrials,TREX
2022Q4,2022,Q4,2023-02-27,2022-12-31,10076000.0,192094000.0,34440000.0,0.09,65492000.0,0.3409372495,933705000.0,518349000.0,286842000.0,290599000.0,415356000.0,141355000.0,1130674000.0,4615788835.44,4849437835.44,4.753621526516043,0.987071531560673,0.2634386663882061,0.4745335671526327,0.030101992931725798,4.753621526516043,0.01943864076134033,24.02880274990369,114.52433593290988,8.904789698523581,0.0,0.8956315659156026,0.0,0.20573307415082923,0.3798430139126425,0.010791416989306045,-47.962227347201726,0.34093724947161286,-0.30769230769230776,-0.4056015768582843,0.6967458497199875,1.419676856285923,0.4173303324099723,-0.301393607432573,0.7797529843418944,-0.6964952528894665,0.24652033237453733,0.23388779533539153,Building Products & Equipment,Industrials,TREX
2022Q3,2022,Q3,2022-10-31,2022-09-30,14423000.0,188472000.0,19351000.0,0.13,46208000.0,0.2451716966,841898000.0,556538000.0,245400000.0,180675000.0,285360000.0,132115000.0,1120598000.0,4839573394.24,4945193394.24,5.052982510628969,1.3582399335823994,0.1324447854728245,0.20035469276132087,0.020500378083655985,5.052982510628969,0.025915570904412637,25.67794364276922,83.8863862275532,8.695854360780396,0.0,1.0768194376111722,0.0,0.22386559892053431,0.5541441815414418,0.017131528997574526,376.7964336842105,0.24517169659153615,-0.8354430379746836,-0.23365758575567397,0.4356134324797555,1.8089924677051115,-0.7063865749124714,-0.837790723829232,-0.8357426003106724,-0.6356161128039322,0.027348955988291505,0.3934607781798696,Building Products & Equipment,Industrials,TREX
2022Q2,2022,Q2,2022-08-08,2022-06-30,88916000.0,386249000.0,117809000.0,0.79,157377000.0,0.4074495986,887294000.0,641475000.0,319249000.0,138823000.0,245819000.0,100872000.0,1106175000.0,6154878109.62,6175115109.62,5.671772678233473,2.299683769980479,0.041570212353515296,0.05750029229510113,0.12419315823106511,5.671772678233473,0.13861179313301375,15.935000762772201,17.305316561754914,9.594883837437157,0.0,2.268934887778571,0.0,0.4353111820884622,1.466118726723958,0.10021030233496452,85.72850629737447,0.4074495985750125,0.27419354838709686,2.211068700444019,1.5419273481793823,2.4966269313060705,0.1665159511385199,0.2486273188131047,0.24072162776982053,1.5752090450848866,0.9349448538577249,0.6944696147681911,Building Products & Equipment,Industrials,TREX
2022Q1,2022,Q1,2022-05-09,2022-03-31,71211000.0,339228000.0,94952000.0,0.62,134912000.0,0.3977030198,972396000.0,721065000.0,437162000.0,143020000.0,251331000.0,98176000.0,1017259000.0,7489328239.92,7412316239.92,6.289906776806353,3.0566494196615857,0.0392597254616432,0.05294390935629936,0.0893152530056231,6.289906776806353,0.09875808699631794,22.077565059252183,26.29273651514513,10.386481440535873,0.0,2.0811196219035204,0.0,0.3488578727185221,2.277499650398546,0.07323251021188898,145.1673400383788,0.397703019797894,1.8181818181818183,1.610442469091392,1.400150364811419,3.5904992995336737,0.14157098010678534,1.8447986577181208,2.1166546313923718,1.3049271764416241,0.9294512019646328,1.027954956176054,Building Products & Equipment,Industrials,TREX
2021Q4,2021,Q4,2022-02-28,2021-12-31,25032000.0,303961000.0,30466000.0,0.22,118181000.0,0.3888031688,920321000.0,725034000.0,401054000.0,88702000.0,195287000.0,83753000.0,946048000.0,15577095367.68,15471371367.68,6.284954846147359,4.521363667110099,0.038387692989728585,0.04872737002678495,0.03147490565386604,6.284954846147359,0.0345252774352651,51.24701974161159,155.57182174496646,21.4846412274183,0.0,2.2181891991928646,0.0,0.33027715329759944,3.4008703298685488,0.0271992054946046,141.53018632843308,0.38880316882757987,-0.65625,0.7861146123769619,2.2466242635000864,4.502238325234385,-0.07851072124756335,-0.6607900264245545,-0.6894266840645897,0.010398501705471951,1.2063652679181172,1.1478735832700675,Building Products & Equipment,Industrials,TREX
2021Q3,2021,Q3,2021-11-08,2021-09-30,73795000.0,335872000.0,98096000.0,0.64,128250000.0,0.38184189214939024,953451000.0,720809000.0,413020000.0,156008000.0,232642000.0,73636000.0,921016000.0,11757015448.95,11739910448.95,6.249210242941517,2.6474283370083587,0.038740323309745334,0.05124381077372785,0.09285146156890642,6.249210242941517,0.10237802247197246,35.00445243708913,39.829986614777425,16.310861058824184,0.0,2.8195719485034494,0.0,0.35226980725805523,2.1133275216655556,0.07739778971336754,115.62647347046155,0.38184189214939024,0.2075471698113207,9.868419332521686,2.213977288027737,5.076133683242667,0.08435568557489875,0.2025388651696379,0.1911070097259492,1.5504424308153903,1.0561563756578987,1.2339051973333297,Building Products & Equipment,Industrials,TREX
2021Q2,2021,Q2,2021-08-02,2021-06-30,61366000.0,311596000.0,82357000.0,0.53,118273000.0,0.3795716247962105,898820000.0,648776000.0,376951000.0,171556000.0,250044000.0,77232000.0,847221000.0,11791227392.97,11874021392.97,5.623790700494442,2.1972475459908134,0.0981998620413431,0.13604695611428289,0.07911236357801825,5.623790700494442,0.09458734601773185,37.841395245670675,48.03648352903073,18.174573956142027,0.0,2.5031463642013674,0.0,0.34667230368705637,1.6954522138543682,0.06827395919093923,134.61227244982533,0.3795716247962105,0.26190476190476203,1.6748345279561683,1.1589168857721668,4.8634974658508945,0.23456957651799043,0.2641054691523329,0.2770705081486765,0.4599328287601445,0.535747892418057,1.2178475516726626,Building Products & Equipment,Industrials,TREX
2021Q1,2021,Q1,2021-05-10,2021-03-31,48545000.0,245524000.0,64489000.0,0.42,95801000.0,0.39018996106286963,900290000.0,590144000.0,410082000.0,235625000.0,310146000.0,75012000.0,785856000.0,10587824523.640001,10750153523.640001,5.102255108155853,1.7404010610079577,0.18943895855779805,0.2889972616852836,0.06104131790109456,5.102255108155853,0.08225958410150742,43.123379073491805,54.52582409949532,17.941086452865743,0.0,1.995987308697275,0.0,0.27271656910551045,1.3884053050397878,0.05392151417876462,-52.7631574879776,0.39018996106286963,0.13513513513513511,1.1304867246171921,0.9150257923568618,5.92307551400797,0.03690835687458735,0.12113163972286374,0.10868705623463476,0.33128866728795475,0.45945637364374226,1.2935638425582536,Building Products & Equipment,Industrials,TREX
2020Q4,2020,Q4,2021-02-22,2020-12-31,43300000.0,228286000.0,58167000.0,0.37,92391000.0,0.40471601412263564,770492000.0,588531000.0,321997000.0,106353000.0,181961000.0,68238000.0,737311000.0,9694085896.039999,9607671896.039999,5.0826674993799426,3.027624984720694,0.04579800958348691,0.05995775923443285,0.06547228009253946,5.0826674993799426,0.0735730148454372,42.46465353127217,55.9704728408776,16.47166571691211,0.0,1.9914856824643161,0.0,0.2962860094588912,2.305068968435305,0.056197857992036256,95.3644840392315,0.40471601412263564,0.0,4.69142285780538,1.7200155139408606,4.370912349548791,0.08741349277340991,0.013814095059704988,0.02160282417408715,1.4054559383244465,0.8989008726743998,1.5871670362995582,Building Products & Equipment,Industrials,TREX
2020Q3,2020,Q3,2020-11-02,2020-09-30,42710000.0,231502000.0,56937000.0,0.37,84964000.0,0.36701194806092385,718235000.0,544064000.0,342900000.0,110109000.0,174171000.0,51581000.0,694010000.0,8289348947.999999,8307410947.999999,4.699401924610593,3.114186851211073,0.053106573753715705,0.07010756087519115,0.06859763267461334,4.699401924610593,0.07850179390659923,35.80681353940786,48.52112472488878,15.235981333078461,0.0,2.84092979973246,0.0,0.322320688911011,2.58482049605391,0.059465216816223104,1067.8022604663145,0.36701194806092385,-0.08641975308641982,11.307944485924443,1.6565160280493094,4.435231319083427,-0.08052594556571614,-0.09547206573764243,-0.10188339958356994,1.1589195491825515,0.6775869904718343,1.6124342566360712,Building Products & Equipment,Industrials,TREX
2020Q2,2020,Q2,2020-08-03,2020-06-30,47218000.0,220648000.0,63396000.0,0.405,92405000.0,0.41878920271201187,670990000.0,499661000.0,331084000.0,111769000.0,171329000.0,49649000.0,651300000.0,7526756397.69,7552601397.69,4.317324942916051,2.9622167148314826,0.056754944186947646,0.076215674227126,0.08190887443210253,4.317324942916051,0.09450007104817065,34.112053577145495,39.85109702703418,15.063726001609089,0.0,2.5829926081089245,0.0,0.328839475998152,2.4341991070869384,0.070370646358366,205.89660788078564,0.41878920271201187,0.10958904109589052,1.7673245229321828,0.7693873021563693,2.617710600901627,0.030202015697467,0.11357954813452195,0.14983222998095583,0.6663931488612441,0.4190443349881226,1.6616148994359066,Building Products & Equipment,Industrials,TREX
2020Q1,2020,Q1,2020-05-04,2020-03-31,42402000.0,200395000.0,55135000.0,0.365,89696000.0,0.44759599790413934,630856000.0,451723000.0,321879000.0,116950000.0,179133000.0,58716000.0,604082000.0,4658500454.06,4721212454.06,3.8854864968886984,2.7522787516032494,0.10787089288205232,0.15064763140243026,0.07509822907468758,3.8854864968886984,0.09386725936027167,23.24659025454727,27.466277852813548,10.31273690748534,0.0,1.885329382110498,0.0,0.3176556932168355,2.185669089354425,0.0672134369808641,-35.42558957011734,0.44759599790413934,0.19672131147540983,1.6333203125492335,0.8083756366563246,2.7435735326511694,0.2586792399876512,0.19452348085753726,0.19239170397283678,0.5326987059904644,0.39809617317362905,1.8357054683362668,Building Products & Equipment,Industrials,TREX
2019Q4,2019,Q4,2020-02-24,2019-12-31,35497000.0,164772000.0,46239000.0,0.305,71262000.0,0.4324885296045445,592239000.0,449175000.0,303204000.0,78670000.0,143064000.0,56106000.0,561680000.0,5239619043.96,5132107043.96,3.852555754653468,3.8541248252192704,0.06977081887548776,0.09199309845828463,0.0657484517657826,3.852555754653468,0.07902710524851116,31.799207656397932,36.901844127391044,11.664983678877942,0.0,1.6666666666666667,0.0,0.27821875965615234,3.0312190161433836,0.0599369511295271,193.8660984926185,0.4324885296045445,-0.15277777777777776,6.47804843815928,1.4105967563013377,3.300478075377946,-0.13549514139098154,-0.15435010482180295,-0.15962705826760204,1.5060803496127022,0.7413543126778632,2.3727656669404156,Building Products & Equipment,Industrials,TREX
2019Q3,2019,Q3,2019-10-28,2019-09-30,41976000.0,194551000.0,55022000.0,0.36,82431000.0,0.42369867027154834,570770000.0,423550000.0,307845000.0,87524000.0,147220000.0,43923000.0,526183000.0,5310419570.190001,5219760570.190001,3.626210790969765,3.5172638362049264,0.0746763144524064,0.10063274701924212,0.08139996927732372,3.626210790969765,0.0991051823869673,27.295771135537727,31.627713277765867,12.537881171502775,0.0,2.5526489538510577,0.0,0.34085708779368223,2.950447877153695,0.07354275802862799,139.51657962299348,0.42369867027154834,0.180327868852459,4.097516723127538,1.2049691385676997,3.279922534809848,-0.012139878241695028,0.1754690562867544,0.15255870462305451,5.104975493514377,0.838424906362169,2.5257801662915855,Building Products & Equipment,Industrials,TREX
2019Q2,2019,Q2,2019-07-29,2019-06-30,35710000.0,206453000.0,47739000.0,0.305,83444000.0,0.40417915942127264,536198000.0,391533000.0,286163000.0,81469000.0,144665000.0,42919000.0,484207000.0,4159537975.0400004,4097366975.0400004,3.3472259571968714,3.5125385115810923,0.0818969858149415,0.11215657428620321,0.07449375518128488,3.3472259571968714,0.09120559441988287,20.147626699733113,29.120260256510782,10.623722585427027,0.0,2.866073300869079,0.0,0.3850312757600737,2.911561452822546,0.06659853263160251,29.16231736500414,0.40417915942127264,0.12962962962962954,1.6497930134640326,0.9145687392052123,3.5532470607595097,0.20296979744828084,0.13167485343051813,0.2178627005790964,0.5351161487005045,0.41074179304137964,2.489897110845295,Building Products & Equipment,Industrials,TREX
2019Q1,2019,Q1,2019-04-29,2019-03-31,31555000.0,179571000.0,39199000.0,0.27,69365000.0,0.386281749280229,535645000.0,363157000.0,291285000.0,106575000.0,172488000.0,50156000.0,448497000.0,3770785417.98,3843501417.98,3.101600830753513,2.7331456720619283,0.15051573336818228,0.22200590928992145,0.06438453501092266,3.101600830753513,0.08689079378891224,20.998855149105367,29.874706211218502,10.38334774761329,0.0,2.197264534651886,0.0,0.3352425580375062,2.2235796387520526,0.05891028573028778,-31.78422766910829,0.386281749280229,0.2558139534883722,1.90465934914819,1.0192939882887724,2.2822324832174528,0.15886460839347769,0.2536252036073259,0.21607619283985854,0.3680117351139105,0.38357972521102074,3.2084561258595,Building Products & Equipment,Industrials,TREX
2018Q4,2018,Q4,2019-02-14,2018-12-31,25171000.0,139971000.0,32234000.0,0.215,59856000.0,0.4276314379407163,465122000.0,342963000.0,270225000.0,92775000.0,122159000.0,57801000.0,416942000.0,3478705956.32,3373006956.32,2.926128844407463,2.9126919967663705,0.0,0.0,0.07211968777107017,2.926128844407463,0.07339275665305003,24.853047819334005,34.55073255254062,10.143094025652912,0.0,1.3860486842788187,0.0,0.3009339485124333,2.2397089733225544,0.05411698436109236,329.828951959799,0.4276314379407163,-0.14,0.8842889177774361,1.479229116428555,2.636931583275653,-0.10941824133313495,-0.14590614502392182,-0.17513690567582782,2.2685659090673758,0.6476083627032156,2.0920735123271865,Building Products & Equipment,Industrials,TREX
2018Q3,2018,Q3,2018-10-29,2018-09-30,29471000.0,166380000.0,39078000.0,0.25,67210000.0,0.403954802259887,434909000.0,328654000.0,248785000.0,75842000.0,106255000.0,35451000.0,391770000.0,4369815371.47,4262502371.4700003,2.7974375324437943,3.280306426518288,0.0,0.0,0.08916526984433429,2.7974375324437943,0.08967181290962532,26.26406642306768,37.06877414636423,13.296096720167716,0.0,2.7973823023327973,0.0,0.3825627889972385,2.7252709580443555,0.06776360112115408,38.62683636795163,0.403954802259887,-0.3150684931506849,3.2077939002157123,1.6391713794419025,3.0149807761910647,-0.2623607528946935,-0.31174684726763197,-0.32158605603972085,7.36911825583481,0.8814283677948364,2.235458539924286,Building Products & Equipment,Industrials,TREX
2018Q2,2018,Q2,2018-07-30,2018-06-30,42820000.0,206692000.0,57602000.0,0.365,91115000.0,0.44082499564569505,414445000.0,297999000.0,228356000.0,85708000.0,116446000.0,36188000.0,362299000.0,3677835530.27,3683434530.27,2.5356975939365514,2.6643487189060533,0.020509355885581924,0.028523585649616275,0.14060755383297124,2.5356975939365514,0.14369175735489045,17.793797197133898,21.472650223435313,12.341771382689204,0.0,3.193793522714712,0.0,0.49871997490619985,2.1689457226863302,0.10331889635536681,43.69428705828542,0.44082499564569505,0.16799999999999998,2.7498423498571047,1.4288003643725689,1.6382523193210055,0.1877387144291059,0.1538668822419833,0.20622356242409012,1.4713971096086687,0.6322622862081764,1.1247925943857744,Building Products & Equipment,Industrials,TREX
2018Q1,2018,Q1,2018-05-07,2018-03-31,37110000.0,171207000.0,47754000.0,0.3125,76713000.0,0.4480716325851163,445384000.0,261858000.0,267287000.0,151545000.0,183526000.0,42453000.0,319480000.0,3200837659.06,3282638659.06,2.2245969410054744,1.7637467418918473,0.1897239236254558,0.32269397917955533,0.10765974843924811,2.2245969410054744,0.14171803038287928,18.695717225697546,21.563174744408517,12.223562614317684,0.0,2.2258497632676137,0.0,0.3844031218005137,1.3806064205351545,0.0833213586478185,-30.913124586500295,0.4480716325851163,1.0833333333333335,0.9741897642772605,0.8209940699533647,1.5673741940840713,0.5069835968961791,1.0279796710202744,0.8859444729671024,1.2762533118912718,0.5259333759838998,1.1433460741231363,Building Products & Equipment,Industrials,TREX
2017Q4,2017,Q4,2018-02-21,2017-12-31,18299000.0,122212000.0,25321000.0,0.15,50905000.0,0.4165302916243904,326227000.0,231250000.0,148798000.0,62509000.0,94977000.0,34524000.0,282370000.0,3189655179.42,3159141179.42,1.9645687456847452,2.3804252187684973,0.0,0.0,0.0789624142084942,1.9645687456847452,0.07913081081081082,26.099361596406247,43.57690556068638,13.793103478572974,0.0,2.065432742440042,0.0,0.37462257875651006,1.6944120046713274,0.05609284332688588,625.9134967464678,0.4165302916243904,-0.11764705882352951,6.759143763678839,2.015881282189502,1.8024490173153562,-0.07920917444468563,-0.08951139416857398,-0.16611230034579286,2.8183533329507697,0.7709534226246165,1.1929818428156498,Building Products & Equipment,Industrials,TREX
2017Q3,2017,Q3,2017-10-31,2017-09-30,20098000.0,140194000.0,30365000.0,0.17,55284000.0,0.39433927272208513,311196000.0,211575000.0,132883000.0,66318000.0,99621000.0,26029000.0,264071000.0,2648422693.43,2622881693.43,1.7988594019823596,2.003724479025302,0.0,0.0,0.09517725143120308,1.7988594019823596,0.09499231950844854,18.891127248170392,32.94385875995123,12.517654228665958,0.0,3.262130700372661,0.0,0.4505006491086004,1.5237039717723695,0.06458309232766488,29.84642692770609,0.39433927272208513,-0.2989690721649484,2.592932750988772,1.2455594866578383,1.4438065934611362,-0.23231593856750077,-0.3017163504968383,-0.3221039001629719,1.4237898413227843,0.5779127523076257,1.1231470908065753,Building Products & Equipment,Industrials,TREX
2017Q2,2017,Q2,2017-08-01,2017-06-30,28782000.0,157941000.0,44793000.0,0.2425,72014000.0,0.4559550718306203,282529000.0,190687000.0,168073000.0,57333000.0,91842000.0,26941000.0,243974000.0,1988490728.28,1979914728.28,1.6220697230959482,2.931522857691033,0.0,0.0,0.15178900678708995,1.6220697230959482,0.15093844887171123,12.590085717324824,17.271999238065458,10.428035095627914,0.0,3.1894510226049517,0.0,0.5590257991215061,2.4149617148936913,0.10187272810932683,23.743172874985074,0.4559550718306203,0.02105263157894739,2.657359841403476,0.7751727105642797,0.7957915322219138,0.10503460234160414,0.029804286378761317,0.06904534606205251,1.1250778393286138,0.4573921366931875,1.2065089998342227,Building Products & Equipment,Industrials,TREX
2017Q1,2017,Q1,2017-05-05,2017-03-31,27949000.0,144806000.0,41900000.0,0.2375,65169000.0,0.45004350648453795,323306000.0,160934000.0,207235000.0,127676000.0,162372000.0,30109000.0,215191000.0,2037513141.9,2112746141.9,1.3702010100394337,1.623131990350575,0.2381644633876266,0.4784570072203512,0.11804005328202578,1.3702010100394337,0.1736674661662545,14.070640318080743,18.22527766556943,12.66055116942349,0.0,2.6449566574778305,0.0,0.44789147123777473,1.3554231022275134,0.08644751411975032,-22.45045112058707,0.45004350648453795,0.9791666666666666,1.3927412716089584,0.5881297002320551,0.6241284518384435,0.7098890142471073,0.9587217043941412,1.120552659547548,1.5647101406863102,0.623285469920902,0.44999905181099636,Building Products & Equipment,Industrials,TREX
2016Q4,2016,Q4,2017-02-21,2016-12-31,14269000.0,95322000.0,19759000.0,0.12,38113000.0,0.3998342460292482,221430000.0,134161000.0,105649000.0,51385000.0,87269000.0,28546000.0,187242000.0,1890990724.0000002,1872326724.0000002,1.1422542017715365,2.0560280237423374,0.0,0.0,0.10644887228248406,1.1422542017715365,0.10635728714007797,19.837925389731648,33.131101058238144,14.094936114071901,0.0,2.004098647796539,0.0,0.4304836742988755,1.2981025591125814,0.06444022941787472,-726.1869139784948,0.3998342460292482,1.0869565217391304,1.8238241121046597,0.9522603006630342,0.5286640327377171,0.2727667390215395,1.0685706001739634,0.8700548930531895,0.06593534709895181,0.6848531181129515,0.4197257207221377,Building Products & Equipment,Industrials,TREX
2016Q3,2016,Q3,2016-11-08,2016-09-30,6898000.0,106168000.0,10566000.0,0.0575,29945000.0,0.2820529726471253,210651000.0,120519000.0,99287000.0,48928000.0,90132000.0,16507000.0,172973000.0,1720219076.48,1697282076.48,1.0284846530246985,2.029247056899935,0.0,0.0,0.05765595784123645,1.0284846530246985,0.05723578854786382,16.202801941074522,62.34484910408814,14.273426401480263,0.0,4.617616768643606,0.0,0.5039995062923983,1.4049828319162851,0.03274610611865123,27.350214266090052,0.2820529726471253,-0.7088607594936709,15.64763732162928,0.6464464164478471,0.1513488332777908,-0.5123758345546328,-0.7036814296146742,-0.7114297419090536,1.5180929323141128,0.6884217192534458,0.4761173619109824,Building Products & Equipment,Industrials,TREX
2016Q2,2016,Q2,2016-08-02,2016-06-30,23279000.0,146450000.0,36615000.0,0.1975,61410000.0,0.4193240013656538,241799000.0,112272000.0,130296000.0,96863000.0,129527000.0,18756000.0,166076000.0,1314555141.04,1355002141.04,0.9591188080573908,1.3451575937148343,0.17783365522603484,0.38299843237850933,0.15182308870939681,0.9591188080573908,0.20734466296137952,8.976136162785933,14.117392725632545,11.708664146358842,0.0,4.534015781616549,0.0,0.6056683443686699,1.0138752671298639,0.09627417813969454,13.500340354927495,0.4193240013656538,0.012820512820512832,10.631786564468573,0.9655590155827514,0.07305174908219045,0.06564631162475923,-0.005255961028971883,-0.01080642982574632,1.0466753707619176,0.7277298006566316,-0.002090223253520327,Building Products & Equipment,Industrials,TREX
2016Q1,2016,Q1,2016-05-10,2016-03-31,23402000.0,131676000.0,37015000.0,0.195,57627000.0,0.4376423949694705,312695000.0,87548000.0,200631000.0,191169000.0,225147000.0,25660000.0,142797000.0,1423411815.46,1561107815.46,0.7369925545131037,1.0494954725923136,0.4525176289995043,1.6162562251564856,0.10377436957315564,0.7369925545131037,0.26730479279937863,10.809956373674778,15.206091524869668,16.258644577374696,0.0,2.885775526110678,0.0,0.42110043332960234,0.8376305781795166,0.07483970002718304,-16.375737045397024,0.4376423949694705,2.0,3.766047910213827,0.9652515784762514,-0.1643911277902481,0.8033797527773432,1.8941380163245114,1.7925311203319503,0.23362254732210827,0.3877940507997325,-0.14944787039317237,Building Products & Equipment,Industrials,TREX
2015Q4,2015,Q4,2016-02-23,2015-12-31,8086000.0,89202000.0,13255000.0,0.065,31955000.0,0.35823187820900876,211998000.0,116463000.0,99030000.0,60449000.0,95535000.0,23104000.0,119395000.0,1170374511.72,1171379511.72,0.946332237167664,1.6382405002564144,0.033019179426221,0.0601049260280089,0.06617729584369005,0.946332237167664,0.06942977598035427,13.120496308602947,36.18521245733366,10.049324778856803,0.0,2.4777960526315788,0.0,0.42076812045396655,0.8830749888335622,0.03814186926291757,25.762717905302782,0.35823187820900876,1.1666666666666667,4.455900256977769,0.178089564978219,0.1249078022878189,0.4431197218082464,1.1597222222222223,1.056633048875097,3.4340778944243375,1.1054510789663636,0.349938938980727,Building Products & Equipment,Industrials,TREX
2015Q3,2015,Q3,2015-10-27,2015-09-30,3744000.0,94023000.0,6445000.0,0.03,22143000.0,0.23550620592833668,232631000.0,108000000.0,114622000.0,88938000.0,124631000.0,16955000.0,111309000.0,1040817341.1899999,1086785341.19,0.8646185688750189,1.2887854460410624,0.20848468174920798,0.44907407407407407,0.024520644830866033,0.8646185688750189,0.034666666666666665,11.069816334194824,69.49902117988782,9.63719760361111,0.0,4.239457387201416,0.0,0.4041722728269233,0.9324248352785086,0.016094157700392468,29.02446573312883,0.23550620592833668,-0.7931034482758621,1.4178711898450271,0.5115892770594602,-0.12092568386115232,-0.5784212931231437,-0.7999465669249265,-0.7855384001064821,1.2794141345515258,0.4180683803041131,0.17461128819584265,Building Products & Equipment,Industrials,TREX
2015Q2,2015,Q2,2015-08-03,2015-06-30,18715000.0,136779000.0,30052000.0,0.145,52524000.0,0.38400631675915164,276764000.0,151490000.0,159145000.0,94096000.0,125274000.0,18626000.0,107565000.0,1568677510.19,1602028510.19,1.1933859335901722,1.6913046250637647,0.13549450072986371,0.24754109182124232,0.09964979501691335,1.1933859335901722,0.12353950755825467,11.468701410231104,20.954815792011754,10.354990495676281,0.0,4.523515515945452,0.0,0.4942080617421341,1.3668381227682367,0.06762078883091732,32.60199331178818,0.38400631675915164,0.05454545454545439,2.1831038126723863,0.13359066338294964,0.1394094220084598,0.08864799883930607,0.06619951005526122,0.08671439936356404,1.2023435748610085,0.42368421853246174,0.3211961999534887,Building Products & Equipment,Industrials,TREX
2015Q1,2015,Q1,2015-05-08,2015-03-31,17553000.0,120800000.0,27654000.0,0.1375,48247000.0,0.3993956953642384,289883000.0,131539000.0,173877000.0,126474000.0,158344000.0,22920000.0,88850000.0,1727710634.16,1809154634.16,1.0379084217258656,1.3748043076047252,0.28977208046004765,0.6385938771010878,0.08184315520859231,1.0379084217258656,0.1334433133899452,14.302240349006624,24.607056260468298,13.134588480678735,0.0,3.1654886561954623,0.0,0.4167198490425448,1.103380932049275,0.06055201581327639,-19.1746274766936,0.3993956953642384,2.4375,4.689005166695468,0.7764562401254815,0.059117100870787025,0.811413553594894,2.4063652241412767,2.166609412572999,0.39267199409356424,0.22781905008588113,0.2302549668089931,Building Products & Equipment,Industrials,TREX
2014Q4,2014,Q4,2015-02-24,2014-12-31,5153000.0,74202000.0,8733000.0,0.04,26635000.0,0.35895258887900594,195824000.0,113385000.0,85241000.0,49454000.0,82439000.0,23747000.0,71297000.0,1347314784.54,1337770784.54,0.8958435985782551,1.7236421725239617,0.0,0.0,0.04590423635402121,0.8958435985782551,0.045446928606076645,18.157391775693377,65.36555329613817,11.882654535785155,0.0,2.0030740725144227,0.0,0.3789218890432225,0.9288429651797631,0.026314445624642534,147.45701921199517,0.35895258887900594,-0.4285714285714286,1.8748099112228558,0.4148468688700774,-0.11798956943250975,-0.12295432842701438,-0.42185571636934815,-0.3963503145088823,1.2760839858093795,0.4102636142452317,0.19889590774191615,Building Products & Equipment,Industrials,TREX
2014Q3,2014,Q3,2014-10-27,2014-09-30,8913000.0,95502000.0,14467000.0,0.07,30369000.0,0.31799334045360306,185865000.0,107115000.0,76233000.0,48639000.0,78750000.0,14639000.0,66144000.0,1092628546.48,1091787546.48,0.847260846773918,1.5673225189662616,0.01614074731660076,0.028007281893292255,0.08188792517930236,0.847260846773918,0.08320963450497129,11.440897012418588,30.64704775272075,10.20051856864118,0.0,4.449279322358085,0.0,0.5138245500766685,1.0036801743456896,0.04795416027762085,36.42095154933333,0.31799334045360306,-0.3913043478260869,1.377425891973709,0.4663389571098876,-0.16695322288573275,-0.325523031137565,-0.41211001912802586,-0.4138643545903898,18.54255488377649,0.37274850973862156,-0.05152421618907943,Building Products & Equipment,Industrials,TREX
2014Q2,2014,Q2,2014-08-04,2014-06-30,15161000.0,121311000.0,24682000.0,0.115,45026000.0,0.37116172482297566,211780000.0,96738000.0,102088000.0,83643000.0,115042000.0,21055000.0,57232000.0,948128660.16,977556660.16,0.7351294389543918,1.2205205456523558,0.16526584191141752,0.36180198060741386,0.11650528199537093,0.7351294389543918,0.15672228079968575,7.815685800628137,15.634335798430184,9.800995060472617,0.0,3.623129897886488,0.0,0.5728161299461706,0.7850627069808591,0.0715884408348286,10.334503184513428,0.37116172482297566,0.2602739726027398,0.875281190048084,0.2105143141835383,-0.38521552841936657,0.17971022087143343,0.23310288735258236,0.237503133617448,5.738693664985634,0.44831376026904196,-0.17754513450786372,Building Products & Equipment,Industrials,TREX
2014Q1,2014,Q1,2014-05-05,2014-03-31,12295000.0,100645000.0,19945000.0,0.09125,38167000.0,0.3792240051666749,273995000.0,125222000.0,162526000.0,116477000.0,148773000.0,30213000.0,42071000.0,1211846968.08,1288117968.08,0.9449668317562706,1.3953484378890253,0.2919761309512947,0.6388653750938333,0.06089692825255621,0.9449668317562706,0.09818562233473352,12.040806479010381,24.641052624644164,9.677588347734423,0.0,2.0679177837354783,0.0,0.3673242212449132,1.0319548065283275,0.044873081625577106,-14.221386033586423,0.3792240051666749,-0.17045454545454547,4.575835267617383,0.34825122203954373,-0.1726846492124537,0.9388874777749555,-0.18592332649142554,3.609429165703721,1.2446726750245873,0.3465509503264317,0.07141200236567675,Building Products & Equipment,Industrials,TREX
2013Q4,2013,Q4,2014-02-24,2013-12-31,15103000.0,63831000.0,4327000.0,0.11,19685000.0,0.3083924738763297,188157000.0,106616000.0,76180000.0,47186000.0,81541000.0,22428000.0,29776000.0,1317368426.8752,1313596426.8752,0.8045597717216347,1.6144619166701988,0.0,0.0,0.14402109666917914,0.8045597717216347,0.1416579125084415,20.638379891826855,21.8064031463153,12.356198196098147,0.0,1.9683431425004458,0.0,0.339243291506561,0.8793709998728436,0.08026807400203022,-105.00306287862267,0.3083924738763297,1.967032967032967,2.374615176988646,0.9750292124074208,-0.11752526320417751,129.36423841059602,1.9872532357170871,1.2842222806095638,6.994748288610873,-0.21708316250026477,-0.04361752768206451,Building Products & Equipment,Industrials,TREX
2013Q3,2013,Q3,2013-10-25,2013-09-30,-15298000.0,72249000.0,-15224000.0,-0.11375,151000.0,0.0020899943251809715,173455000.0,93811000.0,61405000.0,38724000.0,79644000.0,11177000.0,14673000.0,833601882.2224,814018882.2224,0.6967499194598061,1.5857091209585787,0.0,0.0,-0.16232618447907884,0.6967499194598061,-0.16307256078711452,11.537902008642334,-13.622726536514577,8.885971604848045,0.0,6.450568130983269,0.0,0.4165287826813871,1.1520762317942361,-0.0881957856504569,31.263196903030302,0.0020899943251809715,-2.1973684210526314,-3.0249921734533727,-0.2476068771453812,-0.30097349632257453,-0.9959102973836736,-2.1568360556563824,-2.12520325203252,-0.5840307390910611,0.07759085615560059,-0.2916009660006934,Building Products & Equipment,Industrials,TREX
2013Q2,2013,Q2,2013-08-06,2013-06-30,13224000.0,98551000.0,13530000.0,0.095,36922000.0,0.3746486590699232,200574000.0,130806000.0,87878000.0,42546000.0,69768000.0,14963000.0,29971000.0,800927125.68,785344125.68,0.9611277796921076,2.0654820664692335,0.0,0.0,0.10269014025722432,0.9611277796921076,0.10109627998715655,8.127031949751904,15.14154426950998,6.1230151956332275,0.0,4.118759607030675,0.0,0.49134484030831516,1.5830160297090208,0.06593077866523078,9.324707783870629,0.3746486590699232,-0.392,0.4738704735525432,-0.08796825873552878,0.02814663114909143,-0.11796464405160058,-0.3868978626732811,-0.3855027704605323,1.0978784781505935,-0.23817646152416957,-0.0823437606301302,Building Products & Equipment,Industrials,TREX
2013Q1,2013,Q1,2013-05-03,2013-03-31,21569000.0,107880000.0,22018000.0,0.15625,41860000.0,0.38802373007044866,253774000.0,117032000.0,140010000.0,105886000.0,136742000.0,15034000.0,16747000.0,810726990.22,880824990.22,0.8664872250143946,1.3222711217724723,0.2837170080465296,0.6152163510834644,0.11541811343602137,0.8664872250143946,0.1843000205072117,7.515081481460883,9.396900531086281,6.927395842333721,0.0,4.391379539709991,0.0,0.42510265038971684,1.1314149179306046,0.08499294647993884,-11.946524471656131,0.38802373007044866,6.681818181818182,1.1430560079391396,-0.2015342097036168,0.004642575428428706,2.1178310740354536,6.959933683337939,7.9304375196726475,5.253446340478169,0.48861213361983286,-0.11580692622878959,Building Products & Equipment,Industrials,TREX
2012Q4,2012,Q4,2013-02-19,2012-12-31,-3619000.0,46155000.0,-3177000.0,-0.0275,13426000.0,0.2908893944318059,168615000.0,93986000.0,52637000.0,42479000.0,74629000.0,17521000.0,-4822000.0,623924500.1384,626765500.1384,0.7010185496850645,1.2391299230207868,0.029653352311478812,0.05319941267848403,-0.03562988519539046,0.7010185496850645,-0.03850573489668674,13.518026219009856,-43.10061482028185,6.638483392615921,0.0,1.8679869870441186,0.0,0.27373009518726094,0.6858918524447374,-0.021463096403048363,-331.1701168462845,0.2908893944318059,0.7441860465116279,0.9213274222383632,0.358098559126513,-0.10914288045303593,5.256290773532153,0.7471352711011738,0.7679327976625274,-2.906019446041013,-0.16918881399200075,-0.3098062275325729,Building Products & Equipment,Industrials,TREX
2012Q3,2012,Q3,2012-11-01,2012-09-30,-14312000.0,70819000.0,-13690000.0,-0.1075,2146000.0,0.03030260240895805,164425000.0,98207000.0,46257000.0,38999000.0,66218000.0,8601000.0,-1203000.0,575695528.6800001,575195528.6800001,0.7360891024664333,1.1861073360855408,0.012163600425726015,0.020365147087274837,-0.14124578491806078,0.7360891024664333,-0.14573299255653874,8.12911123681498,-10.056168402040248,5.862062059527325,0.0,7.9843041506801535,0.0,0.4307070092747453,0.9224851919279982,-0.08704272464649536,26.499218811507482,0.03030260240895805,-2.7916666666666665,0.6899981126949087,-0.011418693662207852,-0.348316525188632,-0.9361119380768086,-2.716272934404605,-2.0759195221628417,0.4257127036591925,0.030369025348251286,-0.27625989467890455,Building Products & Equipment,Industrials,TREX
2012Q2,2012,Q2,2012-07-27,2012-06-30,8339000.0,94279000.0,12724000.0,0.06,33590000.0,0.3562829474220134,282582000.0,112519000.0,160993000.0,157403000.0,170063000.0,13438000.0,13108000.0,468543847.1128,534847847.1128,0.9032617060450099,1.0228076974390576,0.41359676129406686,1.038713461726464,0.054901684580420364,0.9032617060450099,0.07411192776331109,4.96975834610889,14.046763614126393,4.164130921113768,0.0,4.516222652180384,0.0,0.33363413097791084,0.6354389687617136,0.02951001833096234,5.88756059300847,0.3562829474220134,-0.35135135135135137,2.0807258225418765,-0.24111031514151385,-0.38333291468577635,-0.05163895084559135,-0.3226382909593047,-0.24342965869901295,0.0896161909930427,-0.006184563143241703,-0.24460749192720746,Building Products & Equipment,Industrials,TREX
2012Q1,2012,Q1,2012-05-07,2012-03-31,12311000.0,96100000.0,16818000.0,0.0925,35419000.0,0.3685639958376691,277625000.0,104436000.0,153886000.0,159379000.0,173189000.0,18665000.0,4769000.0,496398766.15999997,617417766.16,0.8436531042162492,0.9655349826514158,0.45330932012606934,1.2050442376192119,0.07246584503507691,0.8436531042162492,0.11788080738442683,5.165439814360041,10.08039083258874,4.753138440384542,0.0,3.2510581301901955,0.0,0.34615038271049076,0.6810182018961093,0.04434398919405673,-10.65850956906362,0.3685639958376691,1.6777053263975383,2.17308583036576,-0.20401294124276412,-0.41319461271761665,34.63627730294397,1.6743905779238564,2.147125025578064,4.832834364960478,0.37809690116625655,-0.2613844841935247,Building Products & Equipment,Industrials,TREX
2011Q4,2011,Q4,2012-03-07,2011-12-31,-18255000.0,51461000.0,-14661000.0,-0.13649,-1053000.0,-0.020462097510736285,228090000.0,92499000.0,102054000.0,120628000.0,135591000.0,28896000.0,-7542000.0,354510420.5808,436409420.5808,0.7472238355250951,0.8460224823424081,0.37890744881406463,0.9343344252370296,-0.08193532964588338,0.7472238355250951,-0.19735348490253948,6.888914334754475,-4.854977000558751,3.8325865207277916,0.0,1.81734496124031,0.0,0.2256170809768074,0.28218987299797726,-0.08003419702748915,-41.342323099801746,-0.020462097510736285,-35.397333333333336,-0.2971104739489553,0.5388392630849099,-0.47579646779475243,-1.0609657248726263,-35.80443548387097,-4.424667133847232,-0.7785967711815797,0.7045033009986761,-0.1804137110018004,Building Products & Equipment,Industrials,TREX
2011Q3,2011,Q3,2011-10-31,2011-09-30,-496000.0,67916000.0,4281000.0,-0.00375,17272000.0,0.2543141527769598,231369000.0,110249000.0,100687000.0,111545000.0,121120000.0,32993000.0,10713000.0,247307986.0848,281356986.0848,0.8932867462041816,0.9026581200412389,0.36420177292549993,0.76431532258796,0.02123796596678006,0.8932867462041816,-0.004498907019564804,3.641380324000236,-124.65120266370968,2.2431766826438335,0.0,1.5349922710878066,0.0,0.29353975683864303,0.5816038370164508,-0.0021437616966836527,6.757418057948522,0.2543141527769598,-1.25,-1.1046184925926952,-0.16358115001343893,-0.4188074546028646,-0.26633251210602327,-1.2355175688509021,-0.3070573000971188,-1.0716248026914479,-0.22842500226310625,-0.10379449851301387,Building Products & Equipment,Industrials,TREX
2011Q2,2011,Q2,2011-08-01,2011-06-30,2106000.0,78405000.0,6178000.0,0.015,23542000.0,0.3002614629169058,243630000.0,110101000.0,109306000.0,122382000.0,133529000.0,39036000.0,11209000.0,376930212.48,444401212.48,0.8938234422317008,0.8931542220261149,0.35663506136354306,0.7891572283630485,0.030465423671638795,0.8938234422317008,0.019127891663109325,4.807476723168166,44.74480205128205,3.4234949044967804,0.0,1.405446254739215,0.0,0.3218199729097402,0.5430537170498929,0.008644255633542668,37.393870285714286,0.3002614629169058,-0.6,-0.7125893198519188,-0.3781012926950448,-0.402565767053244,0.02227626036736289,-0.583547557840617,-0.03044569993722536,-0.7406645676316179,-0.19832250976183136,-0.043850796543411924,Building Products & Equipment,Industrials,TREX
2011Q1,2011,Q1,2011-05-02,2011-03-31,5057000.0,69006000.0,6372000.0,0.0375,23029000.0,0.33372460365765294,240079000.0,107905000.0,107184000.0,121428000.0,132174000.0,39606000.0,9103000.0,498856322.58,571406322.5799999,0.8819826823572862,0.8826959185690285,0.3522340562898046,0.7836893563782957,0.0694978118356813,0.8819826823572862,0.04686529817895371,7.229173152769325,24.661673056159774,4.623106645475186,0.0,1.1608594657375144,0.0,0.28743038749744876,0.5356754620021741,0.02106389979964928,-42.72859294047109,0.33372460365765294,3.1701388888888884,0.15563420722223956,-0.365613047334058,-0.38390140966131525,0.3758513561954833,3.1741186586414445,3.982017200938233,-0.4453009576546158,-0.4361505235886429,0.022608675473522105,Building Products & Equipment,Industrials,TREX
2010Q4,2010,Q4,2011-03-09,2010-12-31,-2326000.0,75272000.0,1279000.0,-0.01728,16738000.0,0.2223668827718142,247815000.0,102922000.0,112236000.0,46179000.0,144893000.0,29021000.0,4046000.0,366419297.64,423932297.64,0.8412531544745526,2.430455401806016,0.3421221475697597,0.8237597403859234,0.006516896789334888,0.8412531544745526,-0.022599638561240552,4.867936253055585,-39.3829855588994,3.5601649563747304,0.0,2.0169532407566932,0.0,0.30374271129673347,1.7469412503518915,-0.009386033936605935,-23.15738467041648,0.2223668827718142,0.7574736842105262,0.7760929169761563,0.6562781145485566,-0.3944659252116795,0.8048307095104593,0.7334402933761174,1.2692631578947369,0.9445889151342449,1.427158478997687,0.06906780475592918,Building Products & Equipment,Industrials,TREX
2010Q3,2010,Q3,2010-11-04,2010-09-30,-8726000.0,60579000.0,-4750000.0,-0.07125,9274000.0,0.15308935439673815,252178000.0,119652000.0,115309000.0,39196000.0,132526000.0,57228000.0,21753000.0,289995200.8944,329643200.8944,0.9835557165094725,2.941856311868558,0.32833157531584833,0.69199010463678,-0.023649590198250935,0.9835557165094725,-0.07292815832581152,4.78705823626009,-8.308365828970892,2.4236552744158057,0.0,0.8965017124484518,0.0,0.24022317569335946,1.4352484947443618,-0.034602542648446734,13.897977614032397,0.15308935439673815,-2.6285714285714286,-2.6423781588040574,-0.23884664132652034,-0.3311039242342879,-0.6981512823851062,-2.5504619758351104,-1.5002106149957877,0.7927138526041593,-0.07258147887601574,-0.1292263329836393,Building Products & Equipment,Industrials,TREX
2010Q2,2010,Q2,2010-08-05,2010-06-30,5628000.0,115499000.0,9496000.0,0.04375,30724000.0,0.26601096113386263,269201000.0,127268000.0,129018000.0,47322000.0,141933000.0,50907000.0,30479000.0,305152342.25519997,363701342.25519997,1.0473723584684484,2.7263851908203374,0.3001734763243821,0.6349357261841154,0.04563739036405142,1.0473723584684484,0.044221642518150674,2.6420344960146838,13.555096937420043,2.397714604261872,0.0,1.6652916101911328,0.0,0.4290437256919551,1.6116816702590762,0.020906311640744277,6.758784076174444,0.26601096113386263,2.129032258064516,6.398112725769262,0.3556041979755965,-0.26316211728451483,0.9106965174129353,2.212408444635933,10.75950668036999,1.1315097214775662,-0.046905287032068005,-0.2849469259983907,Building Products & Equipment,Industrials,TREX
2010Q1,2010,Q1,2010-05-06,2010-03-31,-4642000.0,66340000.0,-973000.0,-0.03875,16080000.0,0.2423876997286705,278615000.0,121164000.0,131930000.0,71303000.0,157451000.0,52031000.0,24851000.0,329042791.3536,430421791.3536,0.9799751329409335,1.8502727795464426,0.3840209608240762,0.8830510712752963,-0.004144937220104737,0.9799751329409335,-0.03831170974877026,4.959945603762436,-17.72096032710039,2.715681154085372,0.0,0.965962599219696,0.0,0.23810634746872925,1.0917773445717571,-0.016660983794842345,-7.993460095073366,0.2423876997286705,-3.767857142857143,-1.526512844594678,-0.29662596784769585,-0.31517077552079714,-0.06239067055393586,-3.6510565391205025,-4.723529411764706,-2.197902299162141,-0.44984399148783455,-0.31837542641802585,Building Products & Equipment,Industrials,TREX
2009Q4,2009,Q4,2010-03-12,2009-12-31,1751000.0,51232000.0,-170000.0,0.014,17150000.0,0.33475171767645223,256459000.0,125579000.0,106571000.0,45926000.0,130880000.0,45485000.0,29493000.0,302917686.40000004,360582686.40000004,1.0156836784819705,2.3204938379131645,0.30094089113659495,0.6145852411629333,0.00038063386941522597,1.0156836784819705,0.013943414105861649,5.912665646470956,43.24924134780126,2.412168327506988,0.0,0.7493019676816532,0.0,0.19976682432669549,1.278535034620912,0.006827602072845952,-20.727910661009993,0.33475171767645223,1.0751677852348993,5.755201314027322,0.6490511105021862,-0.24957361934335154,-0.0720701222811384,1.0779538776600481,0.9909251054289222,1.1245687334960492,0.5338543475264788,-0.2874625426137296,Building Products & Equipment,Industrials,TREX
2009Q3,2009,Q3,2009-11-09,2009-09-30,-22462000.0,61949000.0,-18733000.0,-0.18625,18482000.0,0.298342184700318,250394000.0,122303000.0,97301000.0,40188000.0,128091000.0,37676000.0,27742000.0,273571443.59999996,314360443.59999996,1.0170627509164483,2.421145615606649,0.32181282299096625,0.6588554655241491,-0.09151508747075644,1.0170627509164483,-0.183658618349509,4.416075216710519,-3.044825077909358,2.2368334676990753,0.0,1.1537052765686377,0.0,0.24740608800530364,1.3673982283268638,-0.08970662236315567,14.722389602841458,0.298342184700318,-4.101478718444015,-4.083984088540979,-0.06142503169294279,-0.24757657383087697,-0.3529164624326028,-4.044456492274329,-2.681748810485681,-5.86261193838064,-0.21696636083419715,-0.3382759885943372,Building Products & Equipment,Industrials,TREX
2009Q2,2009,Q2,2009-08-10,2009-06-30,7378000.0,91455000.0,11139000.0,0.060052,28562000.0,0.31230659887376305,312883000.0,143599000.0,130546000.0,55117000.0,169284000.0,40078000.0,50204000.0,200702097.11999997,258474097.11999997,1.195751475414379,2.368525137434911,0.33283687512584575,0.7252070000487468,0.044255031047061084,1.195751475414379,0.051379187877352905,2.1945448266360503,6.800694535104364,1.3976566488624573,0.0,1.5692649333799091,0.0,0.2922977598655088,1.530743690694341,0.023580699494699296,7.377668619320687,0.31230659887376305,3.2876952380952384,-0.35173093511569303,0.06632784659127211,-0.061184527597127586,0.70478691655724,3.3677792041078307,53.60294117647059,0.03279046355358935,-0.2559324208480767,-0.20075617649334845,Building Products & Equipment,Industrials,TREX
2009Q1,2009,Q1,2009-05-08,2009-03-31,-3116000.0,67650000.0,204000.0,-0.02625,16754000.0,0.2476570583887657,293676000.0,137169000.0,107401000.0,37713000.0,156507000.0,61135000.0,44726000.0,114536798.88,197807798.88,1.1422087488848458,2.847850873704028,0.3501103256650186,0.7495789865056973,0.000818520530476462,1.1422087488848458,-0.022716502999948967,1.693079066962306,-9.189409409499358,0.8350049856746057,0.0,0.832518197431913,0.0,0.2303559024230785,1.0536684962744942,-0.010610332475244828,-37.825891307793924,0.2476570583887657,0.683391629477747,-1.3243104668325685,-0.13789738930854087,-0.02458684322021715,1.4447687144316357,0.6870543336346289,1.0250953376799115,-1.7254306569340052,-0.36641306900149884,-0.20212356303908008,Building Products & Equipment,Industrials,TREX
2008Q4,2008,Q4,2009-03-12,2008-12-31,-9957000.0,29289000.0,-8129000.0,-0.08291,6853000.0,0.23397862678821402,320521000.0,109488000.0,129791000.0,51269000.0,211033000.0,69397000.0,41462000.0,247087248.96,355632248.96000004,0.9117085602279231,2.531568784255593,0.4109995912904303,1.2031820838813385,-0.03112647609391569,0.9117085602279231,-0.09094147303814117,8.436179076103658,-6.203857812594156,2.2567518719859714,0.0,0.3232992780667752,0.0,0.09137934799903906,0.7665060757962902,-0.031065047219994944,-12.348188353823089,0.23397862678821402,-2.5074545454545456,-11.681623176249186,0.29919005339259236,-0.1635696142982823,-0.7090268342391305,-2.482358195623046,-1.9631516587677724,0.023532821960013377,-0.3434385601407078,-0.3437521196113304,Building Products & Equipment,Industrials,TREX
2008Q3,2008,Q3,2008-11-04,2008-09-30,6717000.0,85379000.0,8440000.0,0.055,23552000.0,0.2758523758769721,328796000.0,119323000.0,132775000.0,44692000.0,209473000.0,49052000.0,51419000.0,271000032.09999996,360280032.09999996,0.9967432075813396,2.9708896446791373,0.4015772697964695,1.106551125935486,0.035245974043724405,0.9967432075813396,0.05629258399470345,3.1740829958186434,10.086349266785767,2.2711466532018134,0.0,1.2604379026339394,0.0,0.25967165050669716,1.442450550434082,0.02042908064574995,10.690336571992109,0.2758523758769721,-0.15384615384615388,0.27615791288535046,1.0154386274542284,-0.08475515679076283,-0.16235729274104635,-0.14845334685598377,-0.13763155205885358,0.28473458952719777,0.09013742221186063,-0.32213538195538965,Building Products & Equipment,Industrials,TREX
2008Q2,2008,Q2,2008-08-06,2008-06-30,7888000.0,94998000.0,9787000.0,0.065,28117000.0,0.2959746520979389,331991000.0,111850000.0,130746000.0,53470000.0,220141000.0,56151000.0,44702000.0,175435686.42000002,290097686.42,0.9348158624202452,2.4452216195997756,0.39861622754833714,1.1831649530621369,0.03999374531884188,0.9348158624202452,0.07052302190433617,1.8467303145329377,5.560208114224138,1.5684907145283864,0.0,1.1910918772595323,0.0,0.286146311195183,1.0366934729755002,0.023759680232295455,4.43052974770816,0.2959746520979389,-0.13333333333333328,0.17441641835880453,0.5609007816652859,-0.10233976107942398,-0.1444437682570594,-0.11410601976639713,-0.18223596256684493,8.683568341474377,0.1323412773360784,-0.342346840428543,Building Products & Equipment,Industrials,TREX
2008Q1,2008,Q1,2008-05-09,2008-03-31,8904000.0,119529000.0,11968000.0,0.075,32864000.0,0.27494582904567094,356238000.0,103058000.0,150395000.0,89451000.0,253180000.0,66092000.0,36813000.0,117697531.8,272031531.8,0.8624830822493085,1.681311556047445,0.4334181081187296,1.498185487783578,0.046040565459661224,0.8624830822493085,0.08639795066855557,0.9846776246768566,3.3046252190026957,1.1420513865978381,0.0,1.3112782182412395,0.0,0.3355313021070183,0.7341114129523426,0.02499452613140653,-5.7318365540079865,0.27494582904567094,1.218875853615829,-0.1495806928198191,0.678401902518943,-0.1309057667684305,7.977494692144374,1.2171813259183375,1.371965811965812,0.045000281728326694,0.3113287149677015,-0.397276930312856,Building Products & Equipment,Industrials,TREX
2007Q4,2007,Q4,2008-03-17,2007-12-31,-40998000.0,30289000.0,-32175000.0,-0.34266,-4710000.0,-0.1555019974248077,328726000.0,94027000.0,120223000.0,63641000.0,234699000.0,92569000.0,27910000.0,127107359.85,259969359.85,0.7869034599415449,1.8890809383887746,0.4043732470203148,1.4137215906069533,-0.1664007653480292,0.7869034599415449,-0.43602369532155655,4.196485847997622,-0.7750826860456608,1.3518176677975475,0.0,0.3780855361946224,0.0,0.09214056691591173,0.14188966232460207,-0.12471785012441973,-6.529375859146247,-0.1555019974248077,0.010368231046931357,-27.160209387714012,0.48747649407808297,-0.0819932851585753,0.5124223602484472,0.005554612268658889,0.47881232384099526,-114.20540488499803,0.008800207979974134,-0.4186052922966117,Building Products & Equipment,Industrials,TREX
2007Q3,2007,Q3,2007-11-08,2007-09-30,-41227000.0,63971000.0,-61734000.0,-0.34625,-9660000.0,-0.15100592455956605,358951000.0,134571000.0,142143000.0,90237000.0,224380000.0,73643000.0,68908000.0,165604677.83999997,279074677.84,1.1295193616494523,1.5752185910435852,0.371125863975863,0.9899309658098698,-0.14907417373765447,1.1295193616494523,-0.3063587251339442,2.58874611683419,-1.0042246454993087,1.2306119285730208,0.0,0.999837051722499,0.0,0.17821652537532978,0.6029788224342565,-0.11485411657858594,96.56249436734693,-0.15100592455956605,-17.294117647058822,-7.39771560899368,0.2290214924671922,0.2823938338290047,-1.3312302839116719,-16.930061823802163,-10.792829949238579,-6.713168069919621,-0.021751100176717705,-0.1643811286463493,Building Products & Equipment,Industrials,TREX
2007Q2,2007,Q2,2007-08-09,2007-06-30,2588000.0,118779000.0,6304000.0,0.02125,29164000.0,0.24553161754182137,358138000.0,174453000.0,138277000.0,44552000.0,183685000.0,79676000.0,110135000.0,292244216.15999997,407297216.15999997,1.4647477181058748,3.1037214939845574,0.33783066862494343,0.6935392340630427,0.014616548039862266,1.4647477181058748,0.01483494121625882,2.4604030692294088,28.23070094281298,1.675203155921652,0.0,1.1247427079672674,0.0,0.33165707073809536,1.1649533129825822,0.0072262647359397775,11.229364693948126,0.24553161754182137,-0.31999999999999995,-0.5626982820310973,1.4605107268069306,0.7643319784066381,0.18413252669617117,-0.30523489932885906,-0.169433465085639,-0.7707149191760772,0.3964257201496223,0.15001139383754947,Building Products & Equipment,Industrials,TREX
2007Q1,2007,Q1,2007-05-10,2007-03-31,3725000.0,115913000.0,7590000.0,0.03125,24629000.0,0.2124783242604367,388141000.0,170872000.0,173268000.0,146487000.0,217269000.0,90782000.0,107547000.0,319856461.95,457587461.95,1.4377051105876524,1.1828216838354257,0.357130527308375,0.8112329697083197,0.015494064529962078,1.4377051105876524,0.021799943817594456,2.7594528823341644,21.4668766409396,1.8719068188468564,0.0,1.0055297305633275,0.0,0.29863632030628046,0.5232204905554759,0.009597027884196722,-9.556226642466612,0.2124783242604367,1.2756704304869444,-0.44706597482749355,1.1244390583274042,0.8369558765632321,6.920432692307692,1.2756808762581409,1.3662773863526687,-0.6082588468623427,0.49256313053147294,0.22775848268179422,Building Products & Equipment,Industrials,TREX
