Quarters,Year,Quarter,FillingDate,Date,NetIncome,Revenue,OperatingIncome,EPSDiluted,GrossProfit,GrossProfitRatio,TotalAssets,CommonStockEquity,CurrentAssets,CurrentLiability,TotalLiability,Inventory,RetainedEarnings,MarketCap,EnterpriseValue,bookValuePerShare,currentRatio,debtToAssets,debtToEquity,roic,shareholdersEquityPerShare,roe,priceToSalesRatio,peRatio,pbRatio,payoutRatio,inventoryTurnover,dividendYield,assetTurnover,quickRatio,returnOnAssets,priceToFreeCashFlowsRatio,grossProfitMargin,epsdilutedGrowth,fiveYNetIncomeGrowthPerShare,fiveYRevenueGrowthPerShare,fiveYShareholdersEquityGrowthPerShare,grossProfitGrowth,netIncomeGrowth,operatingIncomeGrowth,threeYNetIncomeGrowthPerShare,threeYRevenueGrowthPerShare,threeYShareholdersEquityGrowthPerShare,Industry,Sector,Symbol
2023Q1,2023,Q1,2023-04-27,2023-03-31,4909000000.0,32912000000.0,7584000000.0,1.17,19408000000.0,0.5896937287,377716000000.0,92883000000.0,35722000000.0,47768000000.0,283497000000.0,2381000000.0,84543000000.0,163610230000.0,339709230000.0,22.07820299500832,0.7478228102495394,0.47213514915968613,1.9199745916906215,0.0197334915199396,22.07820299500832,0.05285143675376549,4.971142136606709,8.332156752902833,1.7614658225940163,0.5589733143206356,5.671566568668626,0.01677156740137826,0.08713424901248557,0.52524702729861,0.012996537080769678,94.40867282169648,0.5896937287311619,-0.25000000000000006,0.0536442092034257,0.010519179005417231,0.7843080107031004,-0.004156190671660937,-0.2536110688763874,-0.23517547398144414,0.16209172210118658,0.024360192075288892,0.5177160304989109,Telecom Services,Communication Services,VZ
2022Q4,2022,Q4,2023-02-10,2022-12-31,6577000000.0,35251000000.0,9916000000.0,1.56,19489000000.0,0.5528637485,379680000000.0,91144000000.0,37857000000.0,50171000000.0,287217000000.0,2388000000.0,82380000000.0,165637600000.0,339363600000.0,21.680304471931493,0.7545594068286461,0.4644200379266751,1.9346418853682086,0.02571232667634753,21.680304471931493,0.07216053717194769,4.6988057076395,6.296092443363236,1.8173176511893268,0.4164512695757944,6.600502512562814,0.016536100498920535,0.09284397387273494,0.5403719280062187,0.017322482090181206,183.43034330011074,0.5528637485461405,0.3333333333333335,-0.6575093525501782,0.009275281929222765,1.0560470664744759,-0.0076883910386965374,0.34224489795918367,0.2561439067646314,0.2709146109738003,-0.0019851074701373456,0.461597527637828,Telecom Services,Communication Services,VZ
2022Q3,2022,Q3,2022-10-25,2022-09-30,4900000000.0,34241000000.0,7894000000.0,1.17,19640000000.0,0.573581379,375090000000.0,87468000000.0,39746000000.0,53141000000.0,286307000000.0,3133000000.0,78545000000.0,159549940000.0,331510940000.0,20.815801999048073,0.7479347396548804,0.4640033058732571,1.989790551973293,0.021146539509561194,20.815801999048073,0.05602048749256871,4.659616833620514,8.14030306122449,1.8240949833081812,0.5485714285714286,4.660389403127993,0.016847389601023978,0.09128742435148898,0.4845975800229578,0.013063531419126076,34.6923113720374,0.5735813790485091,-0.05645161290322586,0.3155797949411093,0.049262188538910484,2.1664084983653287,0.013991429604006402,-0.057511059819196,0.04528601694915254,-0.07097249288299368,0.02509517612528167,0.4618860622199373,Telecom Services,Communication Services,VZ
2022Q2,2022,Q2,2022-07-28,2022-06-30,5199000000.0,33789000000.0,7552000000.0,1.24,19369000000.0,0.5732338927,370147000000.0,86016000000.0,37499000000.0,49224000000.0,282790000000.0,3646000000.0,76401000000.0,213200750000.0,386909750000.0,20.47512497024518,0.7618031854379977,0.4743142589295604,2.0410853794642856,0.020318956923088747,20.47512497024518,0.06044224330357143,6.30976797182515,10.252007597614925,2.4786173502604165,0.5239469128678592,3.955019199122326,0.012776690513518362,0.09128535419711628,0.5234438485291728,0.01404577100449281,37.162410667596305,0.5732338926869691,0.10714285714285703,0.15812243564200176,0.07476341781484078,2.3180936173941333,0.008591960008331597,0.10358734875822544,-0.03129810159055926,0.29843650188571935,0.03776887675079333,0.49740318700071673,Telecom Services,Communication Services,VZ
2022Q1,2022,Q1,2022-04-27,2022-03-31,4711000000.0,33554000000.0,7796000000.0,1.12,19204000000.0,0.5723311677,365716000000.0,83762000000.0,35580000000.0,46585000000.0,280541000000.0,3659000000.0,73891000000.0,213998940000.0,392498940000.0,19.938586050940252,0.7637651604593754,0.4926254251933194,2.150867935340608,0.020769167962835948,19.938586050940252,0.05624268761490891,6.377747511474042,11.356343663765655,2.5548451565148875,0.5633623434514965,3.9218365673681332,0.012401930589001983,0.09174878867755308,0.5425780830739508,0.012881580242592613,-255.3686634844869,0.5723311676700245,-0.01754385964912263,0.32682708395861587,0.09356442060109342,2.464406770524757,0.006973939489276913,-0.005488705932024488,0.15342506287912414,-0.07783151411069124,0.0287229148153874,0.4771173925592732,Telecom Services,Communication Services,VZ
2021Q4,2021,Q4,2022-02-11,2021-12-31,4737000000.0,34067000000.0,6759000000.0,1.14,19071000000.0,0.5598086124,366596000000.0,81790000000.0,36728000000.0,47160000000.0,283396000000.0,3055000000.0,71993000000.0,216517320000.0,391526320000.0,19.62802975761939,0.7787955894826124,0.4853571779288372,2.175449321432938,0.01817116345396939,19.62802975761939,0.057916615723193544,6.3556321366718525,11.426922102596581,2.6472346252598116,0.5590035887692633,4.908674304418986,0.012229968484738311,0.09292790974260494,0.5675784563189143,0.012921581250204584,156.55626898047723,0.5598086124401914,-0.26451612903225813,0.032088129278912414,0.031660895699772505,2.5562950382189995,-0.01629958219425388,-0.2606524114250039,-0.24098820887142056,1.4254235834418445,-0.013397006475239509,0.5279171908414981,Telecom Services,Communication Services,VZ
2021Q3,2021,Q3,2021-10-26,2021-09-30,6407000000.0,32915000000.0,8905000000.0,1.55,19387000000.0,0.5890019747835333,353457000000.0,77044000000.0,40277000000.0,41358000000.0,274968000000.0,2303000000.0,70062000000.0,223709420000.0,391861420000.0,18.600676001931433,0.9738623724551477,0.5038462953060768,2.3115103057992834,0.024693414541261925,18.600676001931433,0.08316027205233373,6.796579674920249,8.729101763695956,2.9036579097658484,0.4056500702356797,5.874077290490664,0.011617749489494004,0.09312306730380215,0.7768992697906089,0.018126674531838385,58.409770234986944,0.5890019747835333,0.10714285714285725,0.7429694065108537,0.04775386817092981,2.708316589045861,-0.006253524014557384,0.1046551724137931,0.0906307409675444,0.29929304962224473,0.007983565958241649,0.411733112101815,Telecom Services,Communication Services,VZ
2021Q2,2021,Q2,2021-07-28,2021-06-30,5800000000.0,33764000000.0,8165000000.0,1.4,19509000000.0,0.5778047624689018,349190000000.0,73684000000.0,35626000000.0,40078000000.0,274078000000.0,1421000000.0,66310000000.0,232020230000.0,406521230000.0,17.793769620864527,0.8889166126054194,0.513067384518457,2.4314369469627057,0.022165859018259022,17.793769620864527,0.07871451061288746,6.8718229475180665,10.000871982758621,3.1488549752999293,0.44775862068965516,10.031667839549613,0.011192989507854552,0.09669234514161344,0.6465891511552473,0.016609868552936797,38.496802721088436,0.5778047624689018,0.10236220472440936,7.138406085761797,0.0892990194681117,2.7716060217993355,0.00847764280175756,0.10581506196377502,0.05083655083655084,0.40572724096942003,0.04695458446287927,0.4142941216030066,Telecom Services,Communication Services,VZ
2021Q1,2021,Q1,2021-04-27,2021-03-31,5245000000.0,32867000000.0,7770000000.0,1.27,19345000000.0,0.5885842942769343,345573000000.0,71232000000.0,39647000000.0,38730000000.0,272890000000.0,1303000000.0,63107000000.0,240799150000.0,410398150000.0,17.201642115431056,1.0236767363800672,0.5203068526765691,2.52420260557053,0.021678189813042335,17.201642115431056,0.07363263701707098,7.326471841056379,11.47755719733079,3.380491211814914,0.49590085795996186,10.377590176515733,0.010801533144946734,0.09510870351561031,0.8446165762974438,0.01517769038669109,-6.08339817598464,0.5885842942769343,0.14414414414414406,0.1990109655524434,0.006584959233369828,2.764964316879926,-0.02642174131857071,0.1431996512641674,0.08217270194986072,0.14370422794513218,0.025221328383471693,0.39019592449398505,Telecom Services,Communication Services,VZ
2020Q4,2020,Q4,2021-02-25,2020-12-31,4588000000.0,34692000000.0,7180000000.0,1.11,19870000000.0,0.5727545255390292,316481000000.0,67842000000.0,54594000000.0,39660000000.0,247209000000.0,1796000000.0,60464000000.0,243225000000.0,371601000000.0,16.38695652173913,1.3765506807866867,0.47569048378891626,2.219082574216562,0.022584515327820947,16.38695652173913,0.0676277232392913,7.010982359045313,13.253323888404534,3.585168479702839,0.5658238884045336,8.252783964365257,0.01067324493781478,0.10961795494832233,1.162077660110943,0.014496920826210737,47.38457042665108,0.5727545255390292,0.05714285714285719,-0.1621082552151242,-0.002869780150504039,3.065816580387673,0.034410953199021294,0.05301813174202433,-0.06486064079187288,-0.757391143912394,0.008625397211569465,0.554053538712359,Telecom Services,Communication Services,VZ
2020Q3,2020,Q3,2020-10-27,2020-09-30,4357000000.0,31543000000.0,7678000000.0,1.05,19209000000.0,0.608978220207336,296994000000.0,65069000000.0,38572000000.0,36185000000.0,230464000000.0,1457000000.0,58473000000.0,246288600000.0,356359600000.0,15.717149758454106,1.065966560729584,0.40086331710404927,1.8296577479291214,0.02872302080467368,15.717149758454106,0.06695968894558084,7.808027137558254,14.13177645168694,3.785037421813767,0.5843470277714023,8.465339739190117,0.01033746588352039,0.10620753281211068,0.8732900373082769,0.014670330040337515,55.771875,0.608978220207336,-0.07079646017699102,0.061276807526565266,-0.06433131022803139,3.871383301600329,0.027329126109744358,-0.07297872340425532,0.043064800978127975,0.18731070008273956,-0.01893838001809171,1.390823883102152,Telecom Services,Communication Services,VZ
2020Q2,2020,Q2,2020-07-28,2020-06-30,4700000000.0,30447000000.0,7361000000.0,1.13,18698000000.0,0.6141163333004894,293259000000.0,62697000000.0,37333000000.0,38886000000.0,229146000000.0,1289000000.0,56746000000.0,228183070000.0,336412070000.0,15.147861802367721,0.960062747518387,0.395933287639936,1.8519386892514793,0.028752139228579197,15.147861802367721,0.07496371437229851,7.494435248136106,12.137397340425531,3.639457549803021,0.541063829787234,9.114817688130334,0.0111445603742644,0.1038229005759414,0.7857326544257573,0.01602678860665828,26.653786940777948,0.6141163333004894,0.1299999999999999,0.09474535591344263,-0.06884208912821653,4.412889031262193,-0.031893962928445686,0.13089509143407121,0.11886304909560723,0.06264883558603539,-0.01703218233809968,1.454784702737903,Telecom Services,Communication Services,VZ
2020Q1,2020,Q1,2020-04-27,2020-03-31,4156000000.0,31610000000.0,6579000000.0,1.0,19314000000.0,0.6110091743119266,294500000000.0,60210000000.0,40705000000.0,41057000000.0,232847000000.0,1633000000.0,54557000000.0,222388470000.0,336408470000.0,14.546992027059677,0.9914265533282997,0.41109337860780987,2.010745723301777,0.024511149228130358,14.546992027059677,0.06902507889054975,7.035383422967415,13.377554740134745,3.6935470852017933,0.6128488931665063,7.529699938763013,0.011452931889859219,0.10733446519524618,0.7512482646077404,0.014112054329371817,66.583374251497,0.6110091743119266,-0.18699186991869918,-0.020406368158953254,-0.017185265742317903,5.411330890178566,0.0088800668616799,-0.18429833169774287,-0.00903750564844103,0.18804808274770568,0.045639119422111546,1.5275963671926789,Telecom Services,Communication Services,VZ
2019Q4,2019,Q4,2020-02-21,2019-12-31,5095000000.0,34775000000.0,6639000000.0,1.23,19144000000.0,0.550510424155284,291727000000.0,61395000000.0,37473000000.0,44868000000.0,228892000000.0,1422000000.0,53147000000.0,254134600000.0,365510600000.0,14.83329306595796,0.8351832040652581,0.3906734721160537,1.8563400928414366,0.04709278107794842,14.83329306595796,0.08298721394250345,7.307968368080518,12.469803729146221,4.13933707956674,0.4989205103042198,10.992264416315049,0.010002573439429343,0.11920391324765962,0.6245653918159936,0.017464958677119363,91.0224212034384,0.550510424155284,-0.016000000000000014,3.293660926029788,0.05224849908671976,4.013985955048564,-0.01875961045617632,-0.019060454370427415,-0.18838630806845966,0.1175981151105857,0.06022561235172987,1.6875629995637738,Telecom Services,Communication Services,VZ
2019Q3,2019,Q3,2019-10-30,2019-09-30,5194000000.0,32894000000.0,8180000000.0,1.25,19510000000.0,0.5931172858272026,284875000000.0,58921000000.0,34895000000.0,39209000000.0,224563000000.0,1538000000.0,50595000000.0,249769680000.0,358640680000.0,14.239004349927502,0.8899742406080237,0.39277226853883285,1.8990003564094295,0.03267729684070789,14.239004349927502,0.08815193224826462,7.593168358971241,12.022029264536004,4.239060436856129,0.4799768964189449,8.70221066319896,0.009981195475767916,0.1154681878016674,0.7073120967124895,0.018232558139534883,38.74200093066543,0.5931172858272026,0.31578947368421056,0.41043917197681345,0.044934132585369095,2.5664080389032384,0.008268733850129198,0.3169371196754564,0.04203821656050955,0.4143490195973712,0.0480975595596426,1.838753604269515,Telecom Services,Communication Services,VZ
2019Q2,2019,Q2,2019-08-08,2019-06-30,3944000000.0,32071000000.0,7850000000.0,0.95,19350000000.0,0.6033488198060554,283108000000.0,56582000000.0,33308000000.0,38214000000.0,225161000000.0,1167000000.0,47945000000.0,234459080000.0,349035080000.0,13.673755437409376,0.8716177317213587,0.41159204261271315,2.0594005160651796,0.030963002141644196,13.673755437409376,0.06970414619490298,7.31062579900845,14.86175709939148,4.143704358276484,0.6318458417849898,10.900599828620393,0.01062872037201545,0.11328185710047049,0.7032762861778405,0.013931079305424079,47.26044749042532,0.6033488198060554,-0.2213114754098361,-0.062036531316472944,0.020892331177004293,2.8054535802252656,0.011077437558783572,-0.21621621621621623,0.018290310027240887,4.538128305648847,0.03542934013023884,1.898318874932075,Telecom Services,Communication Services,VZ
2019Q1,2019,Q1,2019-04-26,2019-03-31,5032000000.0,32128000000.0,7709000000.0,1.22,19138000000.0,0.595679780876494,283947000000.0,55856000000.0,33397000000.0,38607000000.0,226487000000.0,1417000000.0,46493000000.0,244514420000.0,358848420000.0,13.498308361527307,0.8650503794648639,0.4108372337091077,2.088513319965626,0.030132208773582823,13.498308361527307,0.0900887997708393,7.610633092629482,12.147973966613675,4.377585577198511,0.4946343402225755,9.167254763585039,0.010179358747021954,0.11314787618816187,0.6939415131970886,0.017721617062339098,90.26002953119232,0.595679780876494,1.595744680851064,0.055221413060901135,-0.13712213217931657,2.637141541832352,0.007793575566087414,1.595152140278494,11.10204081632653,0.15115297188975685,-0.015334306093499688,1.9544068512972161,Telecom Services,Communication Services,VZ
2018Q4,2018,Q4,2019-02-15,2018-12-31,1939000000.0,34281000000.0,637000000.0,0.47,18990000000.0,0.5539511682856393,264829000000.0,53145000000.0,34636000000.0,37930000000.0,210119000000.0,1336000000.0,43542000000.0,232582140000.0,342900140000.0,12.846265409717187,0.9131558133403638,0.4269283197837095,2.1274437858688495,0.005789473230183158,12.846265409717187,0.03648508796688306,6.784578629561564,29.987382671480145,4.37636917866215,1.2836513666838576,11.445359281437126,0.010701595573933579,0.12944579332323877,0.7341682045873978,0.0073217057044356925,69.6145285842562,0.5539511682856393,-0.6050420168067226,-0.7348027130194814,-0.23524152905432205,-0.05164685009632365,-0.014837103133430172,-0.6062144597887896,-0.9170032573289902,-0.6456298505907414,-0.01396837760207382,2.1873251649627012,Telecom Services,Communication Services,VZ
2018Q3,2018,Q3,2018-10-30,2018-09-30,4924000000.0,32607000000.0,7675000000.0,1.19,19276000000.0,0.5911614070598338,265562000000.0,54495000000.0,33154000000.0,34167000000.0,209475000000.0,1270000000.0,44091000000.0,222682240000.0,333086240000.0,13.175773694390715,0.9703515087657681,0.42529428156136795,2.0725204147169465,0.03476144496094109,13.175773694390715,0.09035691347830076,6.829277149078418,11.3059626320065,4.086287549316451,0.4951259138911454,10.496850393700788,0.010948336068471377,0.12278488639187836,0.7770655896040038,0.018541809445628516,40.70229208554195,0.5911614070598338,0.18999999999999995,0.5286903003958598,-0.2537832873809356,0.07937022747245359,0.037906525953047596,0.19514563106796118,0.15989118936073748,0.20054645279898978,-0.03183415947769214,3.083707602645684,Telecom Services,Communication Services,VZ
2018Q2,2018,Q2,2018-07-31,2018-06-30,4120000000.0,32203000000.0,6617000000.0,1.0,18572000000.0,0.5767164549886656,263303000000.0,52024000000.0,30876000000.0,32329000000.0,209728000000.0,1102000000.0,41657000000.0,208031850000.0,320921850000.0,12.581378476420799,0.9550558322249374,0.4353919248926142,2.2035983392280487,0.03050070367979515,12.581378476420799,0.07919421805320621,6.460014594913518,12.62329186893204,3.9987669152698753,0.591747572815534,12.369328493647913,0.011719359319258086,0.1223039615955762,0.7686287853011229,0.015647372039057663,32.94771143490656,0.5767164549886656,-0.09909909909909918,0.2709737369995941,-0.2509112767406289,0.05826750051218669,0.002970243559971918,-0.09350935093509351,-0.0996053884882297,-0.039422561121817135,-0.014185788657150764,3.49578999608589,Telecom Services,Communication Services,VZ
2018Q1,2018,Q1,2018-05-01,2018-03-31,4545000000.0,31772000000.0,7349000000.0,1.11,18517000000.0,0.5828087624323304,264516000000.0,50781000000.0,31025000000.0,31615000000.0,212171000000.0,1285000000.0,39974000000.0,196253280000.0,313387280000.0,12.373538011695906,0.9813379724814171,0.45009375614329566,2.3445186191685865,0.03334998924897098,12.373538011695906,0.08950197908666627,6.176925594863402,10.795009900990099,3.864699001595085,0.5295929592959296,10.315175097276265,0.012264763167270376,0.12011371712864251,0.7755179503400285,0.017182325454792906,174.29243339253998,0.5828087624323304,-0.7565789473684209,0.6260088618061546,-0.24582745291357405,0.06462203366918251,-0.014004259850905218,-0.7565482886067812,0.5332776966409347,0.08041940594553461,-0.0037237185844384807,4.453419258608025,Telecom Services,Communication Services,VZ
2017Q4,2017,Q4,2018-02-23,2017-12-31,18669000000.0,33955000000.0,4793000000.0,4.56,18780000000.0,0.5530849653953762,257143000000.0,43096000000.0,29913000000.0,33037000000.0,212456000000.0,1034000000.0,35635000000.0,216324910000.0,331340910000.0,10.544653780278933,0.9054393558737174,0.4553691914615603,2.7170735103025803,0.1915464755972098,10.544653780278933,0.433195656209393,6.370929465469003,2.8968465102576464,5.0196052997958045,0.12882318281643365,14.676015473887814,0.011117536117315386,0.13204714886269509,0.7740412265036172,0.07260162633242982,107.89272319201994,0.5530849653953762,4.123595505617977,4.091351309537771,-0.2085991394606158,-0.0898211804699367,-0.017371285056509,4.157182320441989,-0.33504439511653716,9.511319083356977,0.040508661545112755,2.5643296279573526,Telecom Services,Communication Services,VZ
2017Q3,2017,Q3,2017-10-26,2017-09-30,3620000000.0,31717000000.0,7208000000.0,0.89,19112000000.0,0.6025790585490431,254682000000.0,26848000000.0,30867000000.0,28930000000.0,226231000000.0,1276000000.0,19373000000.0,202117160000.0,315127160000.0,6.573947110675808,1.0669547182855168,0.46134787696028773,4.376378128724673,0.03385240201077507,6.573947110675808,0.1348331346841478,6.372518207901126,13.958367403314918,7.528201728247915,0.6511049723756906,9.878526645768025,0.011661553130867265,0.12453569549477388,0.899965433805738,0.014213803880918165,70.22833912439194,0.6025790585490431,-0.1682242990654206,0.5897077874368333,-0.2350839138528047,-0.501082032269869,0.03655494088295911,-0.17010545621274645,-0.12439261418853255,-0.003985320449186815,0.020866805629863733,0.6465601980772127,Telecom Services,Communication Services,VZ
2017Q2,2017,Q2,2017-08-03,2017-06-30,4362000000.0,30548000000.0,8232000000.0,1.07,18438000000.0,0.6035747021081577,252978000000.0,25189000000.0,28823000000.0,27758000000.0,226217000000.0,1116000000.0,18159000000.0,182302120000.0,295262120000.0,6.170749632533072,1.0383673175300814,0.4646372411830278,4.6664417007423875,0.03706997466137448,6.170749632533072,0.17317082853626584,5.967726856095325,10.448310408069691,7.237370280678073,0.5401192113709308,10.85125448028674,0.012923601766123182,0.12075358331554523,0.8773686865047914,0.017242606076417713,43.67563967417345,0.6035747021081577,0.27380952380952395,0.668177431154484,-0.25326639557329167,-0.5267707751524435,0.015979722283447212,0.2643478260869565,0.14635844589889987,0.05160384402613082,-0.014247907727373225,0.7173410325558451,Telecom Services,Communication Services,VZ
2017Q1,2017,Q1,2017-04-27,2017-03-31,3450000000.0,29814000000.0,7181000000.0,0.84,18148000000.0,0.6087073187093311,246731000000.0,23493000000.0,27158000000.0,26664000000.0,221694000000.0,1194000000.0,16153000000.0,198997500000.0,311236500000.0,5.755267025967663,1.0185268526852684,0.47236058703608386,4.960881964840591,0.0351587741661501,5.755267025967663,0.14685225386285278,6.674632722881867,14.420108695652175,8.470501851615376,0.6823188405797102,9.770519262981574,0.011829294337868565,0.1208360522188132,0.7939543954395439,0.01398283961075017,-125.7885587863464,0.6087073187093311,-0.23636363636363644,0.42466448482270047,-0.2650194072293425,-0.5539671978457065,0.009456001779953276,-0.2324805339265851,-0.10494827371307491,-0.2666022991804567,-0.18828537341562035,0.5507662311336042,Telecom Services,Communication Services,VZ
2016Q4,2016,Q4,2017-02-21,2016-12-31,4495000000.0,32340000000.0,8023000000.0,1.1,17978000000.0,0.5559059987631416,244180000000.0,22524000000.0,26395000000.0,30340000000.0,220148000000.0,1202000000.0,15059000000.0,217843780000.0,323041780000.0,5.519235481499632,0.8699736321687541,0.4426161028749283,4.7983484283431,0.040665159920998936,5.519235481499632,0.19956490854199965,6.736047619047619,12.115894327030034,9.671629373113124,0.5236929922135707,11.948419301164725,0.010805908711279247,0.13244327954787452,0.6721489782465392,0.01840855106888361,-311.65061516452073,0.5559059987631416,0.23595505617977536,2.543548506073805,-0.2099438129185168,-0.5649977039185027,-0.03902073979046397,0.24171270718232044,0.22675840978593273,-0.37678214111740704,-0.2686424387088545,-0.592552061863749,Telecom Services,Communication Services,VZ
2016Q3,2016,Q3,2016-10-26,2016-09-30,3620000000.0,30937000000.0,6540000000.0,0.89,18708000000.0,0.6047128034392475,239498000000.0,20460000000.0,25621000000.0,30298000000.0,217515000000.0,1318000000.0,12918000000.0,212026420000.0,312176420000.0,5.015935278254474,0.8456333751402733,0.4450600840090523,5.209726295210166,0.034590798595582,5.015935278254474,0.176930596285435,6.853489995797912,14.64270856353591,10.362972629521016,0.6361878453038674,9.27845220030349,0.010861853914243328,0.1291743563620573,0.7021255528417717,0.015114948767839398,388.32677655677657,0.6047128034392475,4.235294117647058,0.8238555746629166,-0.22995195548891728,-0.6359847230910045,0.021680956801922342,4.156695156695156,0.43610013175230566,0.13955911957477815,-0.2821079398385081,-0.5890904528375783,Telecom Services,Communication Services,VZ
2016Q2,2016,Q2,2016-07-29,2016-06-30,702000000.0,30532000000.0,4554000000.0,0.17,18311000000.0,0.5997314293200576,231870000000.0,19244000000.0,20844000000.0,34408000000.0,211126000000.0,931000000.0,11652000000.0,227771360000.0,324639360000.0,4.717822995832312,0.605789351313648,0.43009013671453833,5.182134691332363,0.018766813426595773,4.717822995832312,0.03647890251506963,7.460086466657932,81.1151566951567,11.835967574308876,3.280626780626781,13.126745435016112,0.010111016591374788,0.1316772329322465,0.46939665194140895,0.003027558545736835,165.77245997088792,0.5997314293200576,-0.8396226415094339,-0.6970851171037638,-0.23017157222713125,-0.6604433586409194,-0.06380694309525027,-0.837122969837587,-0.4265927977839335,-0.7804677739314609,-0.28003068122765146,-0.6031659997340192,Telecom Services,Communication Services,VZ
2016Q1,2016,Q1,2016-04-28,2016-03-31,4310000000.0,32171000000.0,7942000000.0,1.06,19559000000.0,0.6079699107892201,244587000000.0,18641000000.0,23615000000.0,33312000000.0,224484000000.0,1142000000.0,13253000000.0,220646400000.0,324680400000.0,4.568872549019608,0.7089036983669549,0.4492470981695675,5.894533555066788,0.040460152880122606,4.568872549019608,0.2312107719542943,6.85854962543906,12.798515081206496,11.836618207177725,0.5341067285382831,11.043782837127846,0.010432982364543451,0.13153192933393842,0.5502821805955812,0.017621541619137565,56.561497052037936,0.6079699107892201,-0.19696969696969696,1.0775082096771997,-0.17322383380918138,-0.6683618212340849,0.0006139049470506984,-0.20051938415878315,-0.18493431855500822,0.5510060069109611,-0.23186436131216592,-0.6068931634497089,Telecom Services,Communication Services,VZ
2015Q4,2015,Q4,2016-02-23,2015-12-31,5391000000.0,34254000000.0,9744000000.0,1.32,19547000000.0,0.5706486833654464,244640000000.0,16428000000.0,22280000000.0,35052000000.0,226798000000.0,1252000000.0,11246000000.0,188392720000.0,294116720000.0,4.030421982335623,0.635627068355586,0.45043328973185087,6.707694180667153,0.04945726054013399,4.030421982335623,0.3281592403214025,5.499875051088924,8.736445928399183,11.467781835889944,0.401595251344834,11.746805111821086,0.011491951493667059,0.1400179856115108,0.521425310966564,0.02203646173969915,36.66654729466718,0.5706486833654464,0.3333333333333334,1.5680800211223542,-0.0992829179850691,-0.7043723252345802,-0.015413287664332847,0.3350668647845468,0.2931652289316523,1.8950908152991022,-0.1994756638349639,-0.6521076178953297,Telecom Services,Communication Services,VZ
2015Q3,2015,Q3,2015-10-27,2015-09-30,4038000000.0,33158000000.0,7535000000.0,0.99,19853000000.0,0.598739369081368,242073000000.0,13138000000.0,21768000000.0,34492000000.0,227531000000.0,1319000000.0,8156000000.0,177172720000.0,285621720000.0,3.2264243614931236,0.6311028644323321,0.4640087907366786,8.54955092099254,0.0393499881428501,3.2264243614931236,0.30735271730857056,5.343287291151457,10.96908865775136,13.485516821434008,0.5217929668152551,10.08718726307809,0.011892350018671047,0.13697520995732693,0.5011596892032936,0.01668091856588715,35.441632326465296,0.598739369081368,-0.04807692307692312,2.1843117862582484,-0.13017892479990872,-0.7592754036800368,0.0039443742098609355,-0.04561569368943512,-0.03656821378340366,0.77849647956371,-0.19797485709533014,-0.7551362889949302,Telecom Services,Communication Services,VZ
2015Q2,2015,Q2,2015-07-28,2015-06-30,4231000000.0,32224000000.0,7821000000.0,1.04,19775000000.0,0.6136730387288977,240753000000.0,11415000000.0,21502000000.0,30645000000.0,227879000000.0,1149000000.0,6418000000.0,190122190000.0,300785190000.0,2.7984800196126502,0.7016479034100179,0.4721478029349582,9.958037669732807,0.04107005435036611,2.7984800196126502,0.370652650021901,5.900018309334658,11.233880288347908,16.655469995619796,0.49940912313873786,10.834638816362054,0.011113905220637318,0.1338467225745889,0.5469407733724915,0.017574028153335575,46.06789193118488,0.6136730387288977,0.01960784313725492,15.809825392933996,-0.1658301014530498,-0.7984586789767931,-0.005681818181818182,0.002844275894761792,-0.017462311557788945,0.6192686227822425,-0.21171791277495033,-0.7853870908243219,Telecom Services,Communication Services,VZ
2015Q1,2015,Q1,2015-04-28,2015-03-31,4219000000.0,31984000000.0,7960000000.0,1.02,19888000000.0,0.6218109054527263,235790000000.0,9339000000.0,22836000000.0,28713000000.0,225031000000.0,1076000000.0,4422000000.0,200161080000.0,309163080000.0,2.2689504373177845,0.7953191933967193,0.4808855337376479,12.141342756183745,0.04218924755005478,2.2689504373177845,0.4517614305600171,6.258162831415708,11.860694477364305,21.43281721811757,0.5103105001185115,11.241635687732343,0.010756336846303987,0.1356461257898978,0.6140424198098422,0.017893040417320497,-65.60507374631268,0.6218109054527263,2.888888888888889,6.10750342749744,-0.1811553312716925,-0.8409682309269627,0.058491670658363935,2.891080233079337,4.726591760299626,0.7278286166186522,-0.21803730344201974,-0.8241564957907572,Telecom Services,Communication Services,VZ
2014Q4,2014,Q4,2015-02-23,2014-12-31,-2231000000.0,33192000000.0,-2136000000.0,-0.54,18789000000.0,0.5660701373825018,232708000000.0,12298000000.0,29623000000.0,28064000000.0,219032000000.0,1153000000.0,2447000000.0,194464460000.0,297137460000.0,2.958383449603079,1.0555515963511972,0.48675163724495935,9.21052203610343,-0.009402650498799767,2.958383449603079,-0.18141161164416977,5.858775006025549,-21.79117660242044,15.812689868271264,-0.9636934110264456,12.491760624457935,0.011056004783599018,0.14263368685219244,0.8960233751425314,-0.009587122058545474,67.14933011049723,0.5660701373825018,-1.606741573033708,-1.3349500703807413,-0.16266432523809604,-0.797991458435746,-0.028188683148856936,-1.603788903924222,-1.3100145137880987,0.24789803000400376,-0.203954383904799,-0.7668329975083478,Telecom Services,Communication Services,VZ
2014Q3,2014,Q3,2014-10-28,2014-09-30,3695000000.0,31586000000.0,6890000000.0,0.89,19334000000.0,0.6121066295194073,226293000000.0,16577000000.0,24773000000.0,26889000000.0,208325000000.0,1206000000.0,6964000000.0,207558480000.0,309570480000.0,3.992533718689788,0.9213061103053293,0.48269279208813354,6.589250165892501,0.036723900249020246,3.992533718689788,0.22289919768353744,6.571217628063066,14.043198917456023,12.520871086445075,0.5602165087956699,10.159203980099502,0.009973092884472849,0.13958010190328468,0.7860463386514932,0.016328388416787087,50.002042881233436,0.6121066295194073,-0.1188118811881188,1.1499136142896464,-0.20731065998564713,-0.7373503381929863,-0.0031965353681171374,-0.1231608922638823,-0.10344827586206896,0.828911444863148,-0.22762071691652438,-0.7102547807030073,Telecom Services,Communication Services,VZ
2014Q2,2014,Q2,2014-07-29,2014-06-30,4214000000.0,31483000000.0,7685000000.0,1.01,19396000000.0,0.616078518565575,224427000000.0,14901000000.0,22887000000.0,26493000000.0,208415000000.0,1073000000.0,5551000000.0,202912710000.0,307115710000.0,3.5931999035447313,0.8638885743403918,0.49004353308648246,7.380645594255419,0.040662434470098624,3.5931999035447313,0.2827998120931481,6.445151669154782,12.038010797342194,13.61738876585464,0.4902705268153773,11.264678471575023,0.010181718040235134,0.1402816951614556,0.7318914430226853,0.01877670690246717,62.18593625498008,0.616078518565575,-0.12173913043478253,0.9466621224939638,-0.19704514036380902,-0.760773319132673,-0.011870192062764278,0.06764631365594122,0.07332402234636871,0.7885360604976559,-0.2192095908259326,-0.7413860392691197,Telecom Services,Communication Services,VZ
2014Q1,2014,Q1,2014-04-29,2014-03-31,3947000000.0,30818000000.0,7160000000.0,1.15,19629000000.0,0.6369329612564086,221562000000.0,12711000000.0,23272000000.0,25353000000.0,207711000000.0,881000000.0,3534000000.0,162927250000.0,269789250000.0,3.711240875912409,0.9179189839466729,0.49543242974878365,8.635748564235701,0.0503210704213393,3.711240875912409,0.3105184485878373,5.28675611655526,10.319689004307067,12.817815278105577,0.38434253863693946,12.700340522133938,0.00931090409983597,0.13909424901382006,0.6182700272157141,0.01781442666161165,58.691372478386164,0.6369329612564086,-0.34659090909090917,0.9902694739644576,-0.03865241710946051,-0.7480673023710985,0.027534942155682352,-0.22103808959936846,-0.40644947359694933,1.2663771982773928,-0.05653145393130193,-0.7306142485166688,Telecom Services,Communication Services,VZ
2013Q4,2013,Q4,2014-02-27,2013-12-31,5067000000.0,31065000000.0,12063000000.0,1.76,19103000000.0,0.614936423627877,274098000000.0,38836000000.0,70994000000.0,27050000000.0,178682000000.0,1020000000.0,1782000000.0,140884380000.0,180947380000.0,13.545866759679107,2.624547134935305,0.3414508679377449,2.4099031826140696,0.06701504311991993,13.545866759679107,0.1304717272633639,4.535148237566393,6.95107460035524,3.62767483777938,0.2991908427077166,11.727450980392156,0.010760596738971345,0.11333537639822254,2.460924214417745,0.01848608891710264,25.69007658643326,0.614936423627877,1.2564102564102564,3.0656265842358033,0.24906798265400062,-0.07725968771283884,-0.011180702934934521,1.2701612903225807,0.6923400673400674,2.4315995881470425,0.1613281309620093,-0.0064233694642797995,Telecom Services,Communication Services,VZ
2013Q3,2013,Q3,2013-10-24,2013-09-30,2232000000.0,30279000000.0,7128000000.0,0.78,19319000000.0,0.638032960137389,276675000000.0,34985000000.0,73705000000.0,30291000000.0,186410000000.0,1193000000.0,-1768000000.0,133770549999.99998,176200550000.0,12.206908583391487,2.4332309927041034,0.3583265564290232,2.833785908246391,0.044833600857882724,12.206908583391487,0.06379877090181506,4.417931569734799,14.983260528673835,3.8236544233242817,0.660394265232975,9.186923721709976,0.011018867755271994,0.1094388723231228,2.292826252022053,0.008067226890756302,19.437743388549837,0.638032960137389,0.0,0.32706214091618563,0.21390482490704157,-0.31867080089560407,0.03018183757265504,-0.006233303650934996,0.0874141876430206,1.5007774423690643,0.12853416190507216,-0.08923848452107189,Telecom Services,Communication Services,VZ
2013Q2,2013,Q2,2013-07-25,2013-06-30,2246000000.0,29786000000.0,6555000000.0,0.78,18753000000.0,0.6295910830591553,223346000000.0,34061000000.0,21957000000.0,29191000000.0,136190000000.0,1040000000.0,-2483000000.0,144281400000.0,192245400000.0,11.888656195462477,0.7521838922955706,0.222757515245404,1.4606734975485158,0.06571850411572212,11.888656195462477,0.0659405184815478,4.84393339152622,16.059817453250222,4.235970758345322,0.6562778272484416,10.608653846153846,0.01021614705707042,0.13336258540560386,0.5009078140522764,0.010056146069327412,26.444538123167156,0.6295910830591553,0.14705882352941171,0.187163038095821,0.22823961018160122,-0.33415862288859516,0.014333621808740805,0.15061475409836064,0.05351976856316297,12.192980414969943,0.09778256584069979,-0.1438011141648641,Telecom Services,Communication Services,VZ
2013Q1,2013,Q1,2013-04-25,2013-03-31,1952000000.0,29420000000.0,6222000000.0,0.68,18488000000.0,0.6284160435078178,226186000000.0,33310000000.0,25258000000.0,31489000000.0,138598000000.0,798000000.0,-3255000000.0,141064520000.0,188470520000.0,11.622470341939986,0.8021213757185048,0.23379431087688893,1.5875412788952266,0.061282605985528524,11.622470341939986,0.05860102071450015,4.7948511216859275,18.066664959016393,4.234900030021015,0.7540983606557377,13.699248120300751,0.010434941401282195,0.1300699424367556,0.5700085744228143,0.008630065521296632,37.00538300104932,0.6284160435078178,1.4594594594594597,0.18754977717674487,0.23313072068790833,-0.3382034091293918,0.08906691800188501,1.4615748403877986,2.9633953928684127,3.7226585360443756,0.0817093843699773,-0.18537576269730124,Telecom Services,Communication Services,VZ
2012Q4,2012,Q4,2013-02-26,2012-12-31,-4229000000.0,30045000000.0,-3169000000.0,-1.48,16976000000.0,0.565019137959727,225222000000.0,33157000000.0,21235000000.0,26956000000.0,139689000000.0,1075000000.0,-3734000000.0,123838740000.00002,172732740000.0,11.585255066387141,0.7877652470692981,0.23082558542238324,1.567904213288295,-0.015136057856515256,11.585255066387141,-0.12754471152396177,4.121775336994509,-7.320805154882952,3.734919926410713,-0.31756916528730195,12.157209302325581,0.01084474858190579,0.13340171031249168,0.5987164267695504,-0.018777028887053664,70.80545454545455,0.565019137959727,-3.642857142857143,-4.946341080238222,0.2607171939414406,-0.34424813160937145,-0.05772646536412078,-3.6547394852479598,-1.5779682655480576,-5.428743647285067,0.10090229320280654,-0.2089191548429104,Telecom Services,Communication Services,VZ
2012Q3,2012,Q3,2012-10-25,2012-09-30,1593000000.0,29007000000.0,5483000000.0,0.56,18016000000.0,0.6210914606819044,231082000000.0,37645000000.0,27663000000.0,28770000000.0,138454000000.0,1223000000.0,1968000000.0,130879170000.0,173967170000.0,13.176408820441022,0.9615224191866527,0.22849897439004335,1.4026298313189003,0.052851091008862316,13.176408820441022,0.04231637667684952,4.5119857275829975,20.53973163841808,3.4766680834108117,0.8160703075957313,8.986917416189698,0.009932825827058652,0.12552686924987666,0.7763990267639903,0.006893656797154257,73.28061030235162,0.6210914606819044,-0.12499999999999993,0.2704528224050856,0.23687385782716683,-0.23204572553287053,0.020389669234254643,-0.12712328767123288,-0.029729251459918598,0.3470057431443001,0.05793334596126472,-0.1331872028233005,Telecom Services,Communication Services,VZ
2012Q2,2012,Q2,2012-07-30,2012-06-30,1825000000.0,28552000000.0,5651000000.0,0.64,17656000000.0,0.6183804987391426,226072000000.0,37150000000.0,27130000000.0,26353000000.0,135644000000.0,856000000.0,1845000000.0,126609560000.0,168999560000.0,13.03966303966304,1.0294843091868098,0.23174475388371846,1.4102557200538357,0.05325513583016766,13.03966303966304,0.04912516823687752,4.4343499579714205,17.343775342465754,3.408063526244953,0.7101369863013699,12.728971962616823,0.010236193854555691,0.12629604727697372,0.8489735513983228,0.008072649421423264,23.235375298219857,0.6183804987391426,0.08474576271186449,1.554383357954786,0.2500827202842414,-0.24034954538055017,0.043313833244696565,0.08244365361803084,0.087776708373436,0.22715805453499316,0.05996894768720096,-0.1318503305286207,Telecom Services,Communication Services,VZ
2012Q1,2012,Q1,2012-04-26,2012-03-31,1686000000.0,28242000000.0,5195000000.0,0.59,16923000000.0,0.5992139366900361,222921000000.0,36671000000.0,23512000000.0,22913000000.0,134500000000.0,1063000000.0,1444000000.0,108649659999.99998,154337660000.0,12.903237156931738,1.0261423645965173,0.23145867818644272,1.4070246243625752,0.0496301918251317,12.903237156931738,0.045976384609091654,3.8470951065788537,16.110566429418743,2.962822393717106,0.765717674970344,10.648165569143933,0.01188222770324362,0.12669062134119263,0.7753676951948676,0.0075632174626885755,45.422098662207354,0.5992139366900361,1.8309859154929575,0.15434606087850877,0.28001256019282633,-0.230545756846492,0.03529915575676006,1.833415719228868,5.671762589928058,0.02456337738952606,0.06171496491103485,-0.12408074447819484,Telecom Services,Communication Services,VZ
2011Q4,2011,Q4,2012-02-24,2011-12-31,-2023000000.0,28436000000.0,-1112000000.0,-0.71,16346000000.0,0.5748347165564777,230461000000.0,35970000000.0,30939000000.0,30761000000.0,144553000000.0,940000000.0,1179000000.0,113740200000.0,155530200000.0,12.687830687830688,1.0057865479015637,0.23931164058126972,1.5332777314428692,-0.0014356964225078987,12.687830687830688,-0.05624131220461496,3.9998663665775775,-14.055882352941175,3.16208507089241,-0.6999505684626792,12.861702127659575,0.012449424214130096,0.12338747119903151,0.8364487500406359,-0.008778057892658628,24.888446389496718,0.5748347165564777,-2.4489795918367347,-3.011438893674036,0.447764453566445,-0.2395405486576805,-0.010233121404783531,-2.467005076142132,-1.2392941682806111,-2.6415234667866243,0.15626626133422644,-0.13570884323294047,Telecom Services,Communication Services,VZ
2011Q3,2011,Q3,2011-10-25,2011-09-30,1379000000.0,27913000000.0,4647000000.0,0.49,16515000000.0,0.5916598000931466,228032000000.0,39051000000.0,27770000000.0,34636000000.0,140517000000.0,1153000000.0,4619000000.0,104291199999.99998,148882200000.0,13.779463655610444,0.8017669476844901,0.24082146365422397,1.4062379964661595,0.042744332090586076,13.779463655610444,0.035312796087168065,3.736294916347221,18.9070340826686,2.670640956697652,1.0007251631617113,9.88551604509974,0.013232180663373326,0.12240825849003649,0.6497863494629865,0.006047396856581532,20.48138256087981,0.5916598000931466,-0.1403508771929824,-0.2640368514625071,0.23127208474131133,-0.13444757132047885,0.008364879716693125,-0.14294592914853946,-0.05008176614881439,-0.17084127387500825,0.1316860575183877,-0.23089856269270118,Telecom Services,Communication Services,VZ
2011Q2,2011,Q2,2011-07-28,2011-06-30,1609000000.0,27536000000.0,4892000000.0,0.57,16378000000.0,0.5947850087158628,223756000000.0,39348000000.0,22472000000.0,27374000000.0,133044000000.0,1270000000.0,4656000000.0,105435359999.99998,153177360000.0,13.89406779661017,0.8209249652955359,0.2412538658181233,1.3719121683440074,0.04387083892767917,13.89406779661017,0.04089153197112941,3.829000581057524,16.382125543816034,2.6795608417200363,0.8576755748912368,8.785826771653543,0.013088588116927756,0.12306262178444377,0.6689194125812815,0.0071908686247519615,32.927970018738286,0.5947850087158628,0.1176470588235293,0.026266715062756952,0.2476588226325522,-0.09708262158298327,0.03914726222955396,0.11813759555246699,0.09858522344486863,-0.13962449791963122,0.1486908037287575,-0.22184264703482265,Telecom Services,Communication Services,VZ
2011Q1,2011,Q1,2011-04-28,2011-03-31,1439000000.0,26990000000.0,4453000000.0,0.51,15761000000.0,0.5839570211189329,228108000000.0,38988000000.0,29923000000.0,32747000000.0,139244000000.0,1245000000.0,4427000000.0,109068200000.0,156258200000.0,13.776678445229681,0.9137630928023941,0.26828081435109685,1.569636811326562,0.037381480694623735,13.776678445229681,0.03690879244895865,4.04105965172286,18.948610145934676,2.797481276290141,0.9583043780403058,9.019277108433736,0.012643465281356068,0.11832114612376593,0.7865758695453019,0.006308415312045171,162.30386904761906,0.5839570211189329,-0.009052848318462496,-0.09177644114182776,0.22238287430186648,-0.10301271653873001,-0.04200097252613664,-0.012354152367879203,-0.012200532386867791,-0.11341056111008295,0.14566879459679616,-0.21554036617556524,Telecom Services,Communication Services,VZ
2010Q4,2010,Q4,2011-02-28,2010-12-31,1457000000.0,26395000000.0,4508000000.0,0.5146591310490992,16452000000.0,0.6232998673991286,220005000000.0,38569000000.0,22348000000.0,30597000000.0,133093000000.0,1131000000.0,4368000000.0,101221620000.0,147347620000.0,13.63343937787204,0.7303984050723927,0.23996727347105748,1.3688195182659648,0.0417524693735429,13.63343937787204,0.03777645259145946,3.8348785754877817,17.368157172271793,2.6244294640773678,0.9457789979409746,8.791335101679929,0.013613692410771533,0.11997454603304471,0.6207798150145439,0.006622576759619099,28.6341216407355,0.6232998673991286,0.6601907453196749,-0.09451629917778184,0.40729551235417616,0.0015492889742187504,0.07995273729814888,0.6538024971623155,0.20309580998131838,0.37547647499511977,0.12047924362012825,-0.2283162266691515,Telecom Services,Communication Services,VZ
2010Q3,2010,Q3,2010-10-28,2010-09-30,881000000.0,26484000000.0,3747000000.0,0.31,15234000000.0,0.5752152242863616,220852000000.0,37917000000.0,21341000000.0,28767000000.0,136228000000.0,1010000000.0,14621000000.0,92197110000.00002,139973110000.0,13.402969247083774,0.7418569889109049,0.24074946117762122,1.4022733866075903,0.037062193138690955,13.402969247083774,0.023234960571775192,3.4812381060262805,26.16263053348468,2.4315507555977534,1.525539160045403,11.138613861386139,0.014577463436760653,0.11991741075471356,0.6239093405638405,0.003989096770688063,22.04617647058824,0.5752152242863616,5.426111111111111,-0.539288773444647,0.3596416031028861,-0.05516635728560706,0.048162928306041006,5.44949494949495,0.8376655223148602,-0.2904288198630627,0.1404689548947591,-0.21884121355723385,Telecom Services,Communication Services,VZ
2010Q2,2010,Q2,2010-07-29,2010-06-30,-198000000.0,26773000000.0,2039000000.0,-0.07003891050583658,14534000000.0,0.5428603443767975,226251000000.0,39254000000.0,21061000000.0,31834000000.0,141778000000.0,985000000.0,15117000000.0,74293560000.0,127000560000.0,13.885390873717721,0.6615882389897594,0.25400108728801196,1.4640036684159576,0.02177060298259179,13.885390873717721,-0.005044071941712946,2.774943413140104,-93.805,1.892636673969532,-6.782828282828283,12.425380710659898,0.018076936951197383,0.11833317863788448,0.5429100961236414,-0.0008751342535502605,13.441932332187443,0.5428603443767975,-1.500277932184547,-1.0916836850256242,0.4107007234253955,-0.0038130633214915177,-0.10261793035317363,-1.4841075794621026,-0.5313720983681912,-1.2792897763714883,0.18131548221308386,-0.19108005646279336,Telecom Services,Communication Services,VZ
2010Q1,2010,Q1,2010-04-28,2010-03-31,409000000.0,26913000000.0,4351000000.0,0.14,16196000000.0,0.6017909560435477,227347000000.0,40462000000.0,22405000000.0,28063000000.0,142695000000.0,1113000000.0,16658000000.0,82499240000.0,141015240000.0,14.267277856135403,0.7983822114528026,0.27074472062529964,1.5212545104048243,0.02530889813693922,14.267277856135403,0.010108249715782709,3.0654048229480177,50.427408312958434,2.0389313429884828,3.293398533007335,9.628930817610064,0.016327423137473752,0.11837851390165693,0.5532551758543277,0.0017990120828513241,22.534618956569243,0.6017909560435477,1.6086956521739129,-0.7727163078494003,0.4454692293243393,0.04018147402946098,0.11106537696370995,1.6263399693721285,3.683530678148547,-0.7193793604445472,0.2223589056895628,-0.14920439335209937,Telecom Services,Communication Services,VZ
2009Q4,2009,Q4,2010-02-26,2009-12-31,-653000000.0,27091000000.0,929000000.0,-0.23,14577000000.0,0.538075375585988,227251000000.0,41606000000.0,22608000000.0,29136000000.0,142884000000.0,2289000000.0,17592000000.0,88269870000.0,148516870000.0,14.644843365012319,0.7759472817133443,0.27395258986759136,1.4963226457722445,0.02544692950499761,14.644843365012319,-0.015694851704081143,3.2582728581447715,-33.793977794793264,2.121565879921165,-2.0689127105666154,5.467016164263871,0.015305335784452838,0.11921179664775952,0.5172981878088962,-0.00287347470418172,22.92723896103896,0.538075375585988,-1.5609756097560976,-1.209427738588772,0.445788077879575,0.07964779759635553,-0.10400147519822976,-1.5552721088435375,-0.7669342699448068,-1.6478970037299892,0.3763733961624671,-0.12224478523084703,Telecom Services,Communication Services,VZ
2009Q3,2009,Q3,2009-10-29,2009-09-30,1176000000.0,27265000000.0,3986000000.0,0.41,16269000000.0,0.5966990647350082,226404000000.0,43186000000.0,22023000000.0,27305000000.0,141822000000.0,2554000000.0,19591000000.0,80655990000.0,142256990000.0,15.200985568461808,0.8065555759018495,0.2774553453119203,1.4545686101977493,0.03136637443353774,15.200985568461808,0.027231047098596767,2.9582244635980195,17.14625637755102,1.8676420599268282,1.1105442176870748,4.305403288958496,0.016192225772692144,0.12042631755622692,0.519282182750412,0.005194254518471405,17.439132972972974,0.5966990647350082,-0.21153846153846162,-0.36180600795384793,0.4596296798541994,0.1966659759785849,-0.006776556776556777,-0.20701281186783546,-0.0977818017202354,-0.3739230188546558,0.19972478761474324,-0.04515514493574893,Telecom Services,Communication Services,VZ
2009Q2,2009,Q2,2009-07-30,2009-06-30,1483000000.0,26861000000.0,4418000000.0,0.52,16380000000.0,0.6098060384944716,224999000000.0,42672000000.0,21464000000.0,26368000000.0,142178000000.0,2775000000.0,19765000000.0,81877620000.0,145966620000.0,15.020063357972544,0.8140169902912622,0.28848572660322935,1.5211145481814774,0.034421981517498,15.020063357972544,0.034753468316460444,3.0481970142585904,13.80270060687795,1.9187668728908887,0.8813216453135536,3.776936936936937,0.015962847967490996,0.11938275281223472,0.5062955097087378,0.006591140405068467,24.587873873873875,0.6098060384944716,-0.10344827586206887,-0.19536001670428463,0.4681977446595013,0.22014063466916758,0.005957133206411595,-0.09848024316109423,-0.0587984661269706,-0.05709624368370314,0.2132189387013432,-0.023908877560907944,Telecom Services,Communication Services,VZ
2009Q1,2009,Q1,2009-05-11,2009-03-31,1645000000.0,26591000000.0,4694000000.0,0.58,16283000000.0,0.6123500432477154,226851000000.0,41851000000.0,21878000000.0,35069000000.0,146297000000.0,2195000000.0,19588000000.0,80457120000.0,145611120000.0,14.731080605420626,0.6238558270837492,0.30475069539036637,1.6518840648968962,0.03437087978013936,14.731080605420626,0.03930610977037586,3.0257275017863186,12.22752583586626,1.9224658908986645,0.7945288753799392,4.696127562642369,0.01624467791041986,0.11721790955296649,0.4659385782314865,0.00725145580138505,29.656144489495023,0.6123500432477154,0.34883720930232553,0.33768930403401415,0.512981967396838,0.2182443133905101,0.11002795009884792,0.3319838056680162,0.22494780793319416,0.03422033632178687,0.19964913178355834,-0.04087244053514276,Telecom Services,Communication Services,VZ
2008Q4,2008,Q4,2009-02-24,2008-12-31,1235000000.0,24645000000.0,3832000000.0,0.43,14669000000.0,0.5952120105498072,202352000000.0,41706000000.0,26075000000.0,25906000000.0,123447000000.0,2092000000.0,19250000000.0,90315390000.0,132485390000.0,14.680042238648364,1.0065235852698216,0.25674072902664663,1.2456720855512395,0.03805670271957823,14.680042238648364,0.029612046228360427,3.6646536822884967,18.28246761133603,2.165525104301539,1.0582995951417005,4.768642447418738,0.01447150923004374,0.12179271764054717,0.8489925113873233,0.006103226061516565,31.37040291767975,0.5952120105498072,-0.2711864406779661,1.8258819394048251,0.390733410641289,0.21507550950385373,-0.002380304678998912,-0.26003594967046134,-0.08171579199616583,-0.23572481868758732,0.3084410854891142,0.07843556264264068,Telecom Services,Communication Services,VZ
2008Q3,2008,Q3,2008-10-28,2008-09-30,1669000000.0,24752000000.0,4173000000.0,0.59,14704000000.0,0.5940530058177117,204861000000.0,50954000000.0,19131000000.0,28275000000.0,118015000000.0,2485000000.0,19322000000.0,85604400000.0,129683400000.0,17.91631504922644,0.676604774535809,0.21856283040695887,0.8787337598618362,0.028882383594176674,17.91631504922644,0.032755033952192175,3.4584841628959277,12.82270820850809,1.680032970914943,0.7327741162372678,4.043460764587525,0.014286648817116877,0.12082338756522715,0.47384615384615386,0.008146987469552527,30.057724719101124,0.5940530058177117,-0.10606060606060615,-0.09596996547042141,0.39972165754367495,0.40685089995491097,0.003138218037931505,-0.11317747077577045,-0.08205015398152221,-0.1318143986683314,0.26402166427379165,0.2629990340134897,Telecom Services,Communication Services,VZ
2008Q2,2008,Q2,2008-07-29,2008-06-30,1882000000.0,24124000000.0,4546000000.0,0.66,14658000000.0,0.6076106781628254,200646000000.0,50887000000.0,17996000000.0,29900000000.0,115126000000.0,2216000000.0,18958000000.0,94620000000.00002,137147000000.00002,17.855087719298247,0.6018729096989966,0.21485103116932308,0.8471515318254171,0.03179203514534852,17.855087719298247,0.03698390551614361,3.9222351185541378,12.569075451647185,1.8594139957159983,0.6519659936238045,4.271660649819495,0.012967660114140774,0.12023165176479969,0.4567892976588629,0.009379703557509245,38.076458752515094,0.6076106781628254,0.15789473684210542,4.3804920585487395,0.38519235279952196,0.436754173234401,0.02388935456831517,0.146163215590743,0.04915762750980845,-0.13557476274690516,0.2608636352041176,0.2809869956834297,Telecom Services,Communication Services,VZ
2008Q1,2008,Q1,2008-04-29,2008-03-31,1642000000.0,23833000000.0,4333000000.0,0.57,14316000000.0,0.6006797297864306,191293000000.0,50280000000.0,22448000000.0,24744000000.0,107614000000.0,1672000000.0,18301000000.0,97427890000.0,127788890000.0,17.56199790429619,0.9072098286453282,0.18738793369333953,0.7129276054097057,0.03193236873644579,17.56199790429619,0.03265712012728719,4.087940670498888,14.833722594397077,1.9377066428003185,0.7533495736906212,5.6919856459330145,0.012696569739937916,0.12458898130093626,0.7472518590365341,0.008583690987124463,83.27170085470085,0.6006797297864306,0.5405405405405405,-0.5967132271371836,0.40522662616211375,0.34907249157202175,0.01936770150954144,0.5317164179104478,0.2658486707566462,-0.09613618774738882,0.26797394951439274,0.28038894673502246,Telecom Services,Communication Services,VZ
2007Q4,2007,Q4,2008-02-28,2007-12-31,1072000000.0,23840000000.0,3423000000.0,0.37,14044000000.0,0.5890939597315437,186959000000.0,50581000000.0,18698000000.0,24741000000.0,104090000000.0,1729000000.0,17884000000.0,116781770000.0,146785770000.0,17.667132378623823,0.7557495654985651,0.1666515118287967,0.615982285838556,0.03726045239228886,17.667132378623823,0.021193728870524505,4.898564177852349,27.234554570895522,2.308807061940254,1.1604477611940298,5.665702718334297,0.010652347536777358,0.1275145887601025,0.6116567640758256,0.00573387748115897,32.95196670428894,0.5890939597315437,-0.15909090909090912,-0.5506811037373385,0.3292902912570533,0.48851115331304473,-0.008472182999152781,-0.15656963021243114,-0.18693586698337292,-0.6588340397742378,0.2625126539654649,0.302457123440079,Telecom Services,Communication Services,VZ
2007Q3,2007,Q3,2007-10-30,2007-09-30,1271000000.0,23772000000.0,4210000000.0,0.44,14164000000.0,0.5958270233888608,185619000000.0,49689000000.0,17037000000.0,24158000000.0,104696000000.0,1786000000.0,18049000000.0,122732480000.0,153464480000.0,17.157803867403317,0.7052322212103651,0.16941692391403898,0.6328764917788645,0.024811845978230274,17.157803867403317,0.02557910201453038,5.162900891805485,24.140928402832415,2.470013081366097,0.9331235247836349,5.379619260918253,0.009663293693731275,0.1280687860617717,0.555426773739548,0.006847359375925956,56.29930275229358,0.5958270233888608,0.756978021978022,-0.7278039771480174,0.3037495250340387,-0.15820920955830364,0.008688221051132317,0.7458791208791209,0.01470233791275006,-0.3233507318288646,0.2484627282730545,0.350712427043833,Telecom Services,Communication Services,VZ
2007Q2,2007,Q2,2007-07-31,2007-06-30,728000000.0,23273000000.0,4149000000.0,0.2504299965600275,14042000000.0,0.6033601168736303,184760000000.0,49831000000.0,17028000000.0,24452000000.0,104728000000.0,1793000000.0,18020000000.0,111562290000.0,143432290000.0,17.165346193592836,0.6963847538033698,0.17604459839792164,0.6527262146053662,0.03214047133302475,17.165346193592836,0.014609379703397483,4.793635973015941,38.31122596153846,2.2388129878990988,1.598901098901099,5.148354712771891,0.010433633085158076,0.12596341199393807,0.5334941927040733,0.00394024680666811,52.549359397079606,0.6033601168736303,-0.5089607910587696,1.3232211888085124,0.29812963474692716,-0.09080298209042727,0.027062609713282622,-0.5130434782608696,0.09299262381454163,-0.6134407807554635,0.24491283108816803,0.39441065592105784,Telecom Services,Communication Services,VZ
2007Q1,2007,Q1,2007-05-04,2007-03-31,1495000000.0,22584000000.0,3796000000.0,0.51,13672000000.0,0.6053843428976267,184284000000.0,48782000000.0,17894000000.0,27906000000.0,106265000000.0,1780000000.0,17485000000.0,102978600000.0,136354600000.0,16.76933654176693,0.6412241095104996,0.1881715178745849,0.710856463449633,0.028540119216922778,16.76933654176693,0.030646549956951336,4.55980340063762,17.2205016722408,2.110995859128367,0.788628762541806,5.0067415730337075,0.01144898066200162,0.12254997720909032,0.48831792446068945,0.008112478565692085,290.9,0.6053843428976267,0.45714285714285724,3.789131259653262,0.28909535293206917,-0.1482669370843353,0.18793987314275784,0.4486434108527132,0.675198587819947,0.18729341025852025,0.2549529952923074,0.38680585820852054,Telecom Services,Communication Services,VZ
