Quarters,Year,Quarter,FillingDate,Date,NetIncome,Revenue,OperatingIncome,EPSDiluted,GrossProfit,GrossProfitRatio,TotalAssets,CommonStockEquity,CurrentAssets,CurrentLiability,TotalLiability,Inventory,RetainedEarnings,MarketCap,EnterpriseValue,bookValuePerShare,currentRatio,debtToAssets,debtToEquity,roic,shareholdersEquityPerShare,roe,priceToSalesRatio,peRatio,pbRatio,payoutRatio,inventoryTurnover,dividendYield,assetTurnover,quickRatio,returnOnAssets,priceToFreeCashFlowsRatio,grossProfitMargin,epsdilutedGrowth,fiveYNetIncomeGrowthPerShare,fiveYRevenueGrowthPerShare,fiveYShareholdersEquityGrowthPerShare,grossProfitGrowth,netIncomeGrowth,operatingIncomeGrowth,threeYNetIncomeGrowthPerShare,threeYRevenueGrowthPerShare,threeYShareholdersEquityGrowthPerShare,Industry,Sector,Symbol
2023Q1,2023,Q1,2023-05-12,2023-03-31,3277807.0,0.0,-315377.0,0.095,0.0,0.0,283006962.0,270841249.0,191607.0,906713.0,12165713.0,0.0,-11874796.0,352935000.0,353214935.0,7.850470985507246,0.2113204509034281,0.0010600445935319428,0.0011076599340302112,-0.002573947605735807,7.850470985507246,0.012102318284612548,0.0,26.918531200891326,1.303106529389842,0.0,0.0,0.0,0.0,0.022129383829282253,0.011582071963303856,-2732.033378746594,0.0,-0.6481481481481481,63.95860899310211,0.0,691.1695592975808,0.0,-0.5670546717459066,-0.26500447236160746,63.95860899310211,0.0,691.1695592975808,Shell Companies,Financial Services,JUGG
2022Q4,2022,Q4,2023-03-30,2022-12-31,7570949.0,0.0,-249309.0,0.27,0.0,0.0,280397520.0,269360034.0,308309.0,708038.0,11037486.0,0.0,-10629867.0,277600800.0,277751551.0,9.75942152173913,0.4354413181213438,0.0007132730703181683,0.0007425006487785044,-0.0019127332146493053,9.75942152173913,0.028107172721844844,0.0,9.166644762763559,1.0305938705071593,0.0,0.0,0.0,0.0,0.06955700117790288,0.02700077019226133,-5672.499897829907,0.0,0.5882352941176471,0.33690261176655023,0.0,-0.2100070696232753,0.0,0.3249832516508587,0.06904779686333085,0.33690261176655023,0.0,-0.2100070696232753,Shell Companies,Financial Services,JUGG
2022Q3,2022,Q3,2022-11-14,2022-09-30,5713996.0,0.0,-267800.0,0.17,0.0,0.0,278260373.0,265699214.0,512140.0,662559.0,12561159.0,0.0,-11949709.0,339135000.0,339236813.0,7.701426492753623,0.7729726711130631,0.0007187512826341249,0.000752730868070991,-0.0021133439258980585,7.701426492753623,0.02150550584617085,0.0,14.83790853196257,1.2763869147162776,0.0,0.0,0.0,0.0,0.14819359483457323,0.020534709769831294,-4899.378792256573,0.0,0.21428571428571425,-0.26752120876262664,0.0,0.04346882077074782,0.0,0.14712639016899548,0.0001754733112560529,-0.26752120876262664,0.0,0.04346882077074782,Shell Companies,Financial Services,JUGG
2022Q2,2022,Q2,2022-08-12,2022-06-30,4981139.0,0.0,-267847.0,0.14,0.0,0.0,277061089.0,262976116.0,597087.0,479707.0,14084973.0,0.0,-13388576.0,335685000.0,335647593.0,7.622496115942029,1.2446910301496539,0.0,0.0,-0.0021528054792284315,7.622496115942029,0.018941412154706856,0.0,16.84780328354619,1.2764847435802877,0.0,0.0,0.0,0.0,0.07797884958943689,0.017978486325808098,-3554.2532240645446,0.0,-0.4166666666666666,1.8761785477020592,0.0,-0.8119616842178151,0.0,-0.39970850340213937,0.1987897207024765,1.8761785477020592,0.0,-0.8119616842178151,Shell Companies,Financial Services,JUGG
2022Q1,2022,Q1,2022-05-13,2022-03-31,8297867.0,0.0,-334303.0,0.24,0.0,0.0,276897734.0,260619470.0,845592.0,460365.0,16278264.0,0.0,-15381220.0,336547500.0,336415647.0,7.554187536231884,1.8367860284774038,0.0,0.0,-0.002673144324888711,7.554187536231884,0.031839014176492646,0.0,10.139578641113435,1.2913367523922905,0.0,0.0,0.0,0.0,0.28640969665374216,0.029967262209520285,-752.6198207385144,0.0,0.1999999999999999,160.38161213572525,0.0,665.0464916637167,0.0,0.9467287371374371,-0.3451483754149482,160.38161213572525,0.0,665.0464916637167,Shell Companies,Financial Services,JUGG
2021Q4,2021,Q4,2022-03-30,2021-12-31,4262467.0,0.0,-248525.0,0.2,0.0,0.0,277414967.0,256637688.0,1390009.0,670479.0,20777279.0,0.0,-19363002.0,204208154.59,203629133.59,12.353808681661423,2.073158145146977,0.0,0.0,-0.002056693525471125,12.353808681661423,0.016608889494048124,0.0,11.977110590533604,0.7957060250246644,0.0,0.0,0.0,0.0,0.8635930431825606,0.015364949649598393,-564.2995437425217,0.0,-0.13043478260869565,0.0,0.0,0.0,0.0,-0.4535931288980263,0.5339261970890664,0.0,0.0,0.0,Shell Companies,Financial Services,JUGG
2021Q3,2021,Q3,2021-11-12,2021-09-30,7800903.0,0.0,-533231.0,0.23,0.0,0.0,277920762.0,254630717.0,1912700.0,944645.0,23290045.0,0.0,-21369973.0,337755000.0,336814100.0,7.380600492753623,2.02478179633619,0.0,0.0,-0.0020941346208438786,7.380600492753623,0.03063614277141591,0.0,10.824227656721279,1.3264503355264872,0.0,0.0,0.0,0.0,0.9960355477454493,0.028068802574742507,-765.915615603358,0.0,12.5,0.0,0.0,0.0,0.0,8.774655762146992,-4.7032493368700266,0.0,0.0,0.0,Shell Companies,Financial Services,JUGG
2021Q2,2021,Q2,2021-08-16,2021-06-30,-1003376.0,0.0,-93496.0,-0.02,0.0,0.0,278450132.0,246829815.0,2461404.0,960117.0,31620317.0,0.0,-1027356.0,58941626.48,57758938.48,40.536930381633404,2.5636500551495285,0.0006255877802923793,0.000705729168090978,-0.0003785201705834654,40.536930381633404,-0.004065051865796683,0.0,-14.685827267146113,0.23879459813232043,0.0,0.0,0.0,0.0,1.413247552121252,-0.0036034315832179243,-213.60150495393958,0.0,0.0,0.0,0.0,0.0,0.0,-74.39645326119627,-6.025548542230237,0.0,0.0,0.0,Shell Companies,Financial Services,JUGG
2021Q1,2021,Q1,2021-03-31,2021-03-31,-13308.0,0.0,-13308.0,0.0,0.0,0.0,7085184.0,100020.0,6606958.0,484164.0,6985164.0,0.0,-23980.0,85364832.08,78868523.08,0.011341832185561536,13.646115778950934,0.0146349057413329,1.0367026594681064,-0.06532784189366309,0.011341832185561536,-0.13305338932213556,0.0,-1603.637512774271,853.477625274945,0.0,0.0,0.0,0.0,13.631744615460876,-0.0018782857297707442,0.0,0.0,0.0,0.0,0.0,0.0,0.0,0.0,0.0,0.0,0.0,0.0,Shell Companies,Financial Services,JUGG
