Quarters,Year,Quarter,FillingDate,Date,NetIncome,Revenue,OperatingIncome,EPSDiluted,GrossProfit,GrossProfitRatio,TotalAssets,CommonStockEquity,CurrentAssets,CurrentLiability,TotalLiability,Inventory,RetainedEarnings,MarketCap,EnterpriseValue,bookValuePerShare,currentRatio,debtToAssets,debtToEquity,roic,shareholdersEquityPerShare,roe,priceToSalesRatio,peRatio,pbRatio,payoutRatio,inventoryTurnover,dividendYield,assetTurnover,quickRatio,returnOnAssets,priceToFreeCashFlowsRatio,grossProfitMargin,epsdilutedGrowth,fiveYNetIncomeGrowthPerShare,fiveYRevenueGrowthPerShare,fiveYShareholdersEquityGrowthPerShare,grossProfitGrowth,netIncomeGrowth,operatingIncomeGrowth,threeYNetIncomeGrowthPerShare,threeYRevenueGrowthPerShare,threeYShareholdersEquityGrowthPerShare,Industry,Sector,Symbol
2023Q1,2023,Q1,2023-05-15,2023-03-31,3271000.0,17138000.0,10425000.0,0.48,17138000.0,1.0,1895821000.0,128352000.0,285242000.0,1602000.0,1767469000.0,0.0,88329000.0,152130626.556,277769626.556,18.96291113307206,178.0536828963795,0.07592488953334729,1.1214472700074793,0.031298660677522766,18.96291113307206,0.02548460483669908,8.87680164289882,11.627226120146744,1.1852610520755422,0.3515744420666463,0.0,0.007559293128768386,0.009039882984733263,178.0536828963795,0.001725373861772815,47.99073392933754,1.0,-0.3142857142857143,0.5704126280052725,0.4100101652424597,0.4110725785994644,-0.053515215110178385,-0.30787134997884047,0.07474226804123711,2.7335464299786665,0.23065469188665533,0.08994398753313254,Banks—Regional,Financial Services,HWBK
2022Q4,2022,Q4,2023-03-29,2022-12-31,4726000.0,18107000.0,9700000.0,0.7,18107000.0,1.0,1923540000.0,127411000.0,345329000.0,902000.0,1796129000.0,0.0,91789000.0,141325637.8283,203715637.8283,18.871708493120494,382.84811529933484,0.07747122492903709,1.169592892293444,0.03036677408280443,18.871708493120494,0.037092558727268445,7.805027769829348,7.475964760278248,1.1092106476544412,0.2437579348286077,0.0,0.008151387233784101,0.00941337325971906,382.84811529933484,0.002456928371648107,23.589657457569686,1.0,-0.04109589041095894,3.011287266929952,0.48654382996154666,0.40764654232346126,13.359238699444886,-0.040795615993505174,0.09185051778478164,0.16479992606009788,0.3083404592791999,0.11046317990249818,Banks—Regional,Financial Services,HWBK
2022Q3,2022,Q3,2022-11-10,2022-09-30,4927000.0,1261000.0,8884000.0,0.73,1261000.0,1.0,1847598000.0,115405000.0,267284000.0,565000.0,1732193000.0,0.0,88214000.0,142270157.7552,220831157.7552,17.05010252518216,473.0690265486726,0.06716612596463084,1.0753086954638014,0.029967107023864115,17.05010252518216,0.042693124214722065,112.82328132846946,7.2189038844733115,1.2327902409358347,0.22427440633245382,0.0,0.007766913437330549,0.0006825077749597044,526.9699115044248,0.002666705636182763,20.70588819024887,1.0,0.10606060606060598,1.8092151957002132,-0.8950904077176971,0.20954196122911753,-0.9307142857142857,0.09757184228113165,0.13809889828337177,0.2698718739336899,-0.9094335696857446,0.017715230267098453,Banks—Regional,Financial Services,HWBK
2022Q2,2022,Q2,2022-08-11,2022-06-30,4489000.0,18200000.0,7806000.0,0.66,18200000.0,1.0,1789976000.0,124058000.0,301942000.0,359000.0,1665918000.0,0.0,84437000.0,165895212.87759998,252690212.87759998,18.32850932861703,841.0640668523677,0.06657798763782308,0.9606232568637251,0.026203831935137922,18.32850932861703,0.03618468780731593,9.115121586681317,9.23898490073513,1.337239137158426,0.2205390955669414,0.0,0.005967622469796262,0.010167734092524146,852.6406685236769,0.0025078548539198293,89.14304829532509,1.0,-0.31249999999999994,1.3511016506944888,0.5253747176187106,0.31046809415110777,14.936952714535902,-0.32077470116507795,-0.1723041034884954,0.28094550448508804,0.37397939879315306,0.13922778431437446,Banks—Regional,Financial Services,HWBK
2022Q1,2022,Q1,2022-05-10,2022-03-31,6609000.0,1142000.0,9431000.0,0.96,1142000.0,1.0,1735683000.0,134387000.0,347792000.0,298000.0,1601296000.0,0.0,87919000.0,160540096.9216,234349096.9216,19.56520852939258,1167.0872483221476,0.07409532731495325,0.9569824462187563,0.028921664295933437,19.56520852939258,0.049178864027026425,140.57801832014013,6.072783209320623,1.1946103188671524,0.15024965955515207,0.0,0.006185370627282808,0.0006579542462534922,1167.0872483221476,0.0038077229540186774,53.692340107558536,1.0,0.0666666666666666,2.130281081782829,-0.9041369408766932,0.4360903419846989,-0.9392132857827221,0.10333889816360602,0.04928793947485536,0.4056341110076201,-0.9109035781424404,0.27170758440369147,Banks—Regional,Financial Services,HWBK
2021Q4,2021,Q4,2022-03-17,2021-12-31,5990000.0,18787000.0,8988000.0,0.9,18787000.0,1.0,1831550000.0,148956000.0,333350000.0,0.0,1682594000.0,0.0,0.0,159616871.77,137136871.77,22.380699674076816,0.0,0.0,0.0,0.046860676432696056,22.380699674076816,0.04021321732592175,8.496134123063822,6.6618060004173625,1.071570609911652,0.1656093489148581,0.0,0.006214881854278054,0.010257432229532364,0.0,0.00327045398706014,14.596878991312302,1.0,0.022727329192546598,2.1022966238208656,0.6177376163219334,0.6850328139454095,0.049963672944726985,0.03347135955831608,0.0,1.3008579219547687,0.4490334764693506,0.5073320410171837,Banks—Regional,Financial Services,HWBK
2021Q3,2021,Q3,2021-11-04,2021-09-30,5796000.0,17893000.0,0.0,0.8799999514147715,17893000.0,1.0,1738652000.0,139094000.0,1424040000.0,278528000.0,1599558000.0,0.0,77303000.0,141031836.4228,538771836.4228001,21.118480545563532,5.112735523897059,0.24353177059008935,3.0441068629847443,0.0,21.118480545563532,0.04166966224279983,7.881955872285252,6.08315374494479,1.0139318476914891,0.16459627329192547,0.0,0.006764430104561631,0.010291306138318652,1.1193596335018383,0.0033336170780581737,22.24827834402903,1.0,0.18918915756587018,2.200803177846844,0.6338735341092551,0.5596533196368548,0.0,0.1847914963205233,0.0,0.9245689834789165,0.43341133680861466,0.5081927872525955,Banks—Regional,Financial Services,HWBK
2021Q2,2021,Q2,2021-08-06,2021-06-30,4892000.0,17035000.0,0.0,0.7399999788225681,0.0,0.0,1708966000.0,136503000.0,1396420000.0,0.0,1572463000.0,0.0,72499000.0,140149854.2811,260087854.2811,20.648449940559487,0.0,0.08486008498706235,1.0624162106327333,0.0,20.648449940559487,0.035838040189592905,8.227170782571177,7.162196150914759,1.0267162940089227,0.16925592804578904,0.0,0.005907961904400357,0.00996801574753389,0.0,0.0028625496352765356,15.029474989930295,0.0,-0.16347824623804555,2.5995517100186434,0.597346162540415,0.5458786232332622,0.0,-0.16218530570303133,0.0,0.7240823448807956,0.3824891768641814,0.5016032220911862,Banks—Regional,Financial Services,HWBK
2021Q1,2021,Q1,2021-05-10,2021-03-31,5839000.0,17840000.0,0.0,0.8846153438266076,0.0,0.0,1731924000.0,130708000.0,1457065000.0,0.0,1601216000.0,0.0,73947000.0,124927746.3603,246692746.3603,19.802415201385205,0.0,0.08612271670119474,1.141154328732748,0.0,19.802415201385205,0.0446720935214371,7.002676365487669,5.348850246630416,0.9557773537985433,0.1442027744476794,0.0,0.0067398958560543915,0.010300682939898055,0.0,0.0033713950496673064,36.50723154888954,0.0,0.14999994697458977,1.9285549585221935,0.5513221293288184,0.45773967761737927,0.0,0.1265676249276481,0.0,1.8746523702128945,0.5051181000726488,0.47354195168814495,Banks—Regional,Financial Services,HWBK
2020Q4,2020,Q4,2021-03-12,2020-12-31,5183000.0,17234000.0,0.0,0.7692307692307693,0.0,0.0,1733731000.0,130589000.0,1492342000.0,0.0,1603142000.0,0.0,68935000.0,131180175.10000001,260866175.10000002,19.381261223823447,0.0,0.0913042450068667,1.2121771358996547,0.0,19.381261223823447,0.03968940722419193,7.611707966809795,6.327425,1.0045269900221305,0.15010611614894848,0.0,0.005930774214982734,0.009940411747843235,0.0,0.002989506445925002,13.53768576883385,0.0,0.03896107320099256,1.529424041354834,0.43868222977011934,0.45588674355924813,0.0,0.04495967741935484,0.0,3.210205928135945,0.41771341676290313,0.44565423726888526,Banks—Regional,Financial Services,HWBK
2020Q3,2020,Q3,2020-11-05,2020-09-30,4960000.0,18052000.0,0.0,0.7403845909845339,0.0,0.0,1669770000.0,124367000.0,1445788000.0,0.0,1545403000.0,0.0,64594000.0,112798803.50959998,249849803.50959998,18.564397263502727,0.0,0.09837582421531109,1.3208085746218852,0.0,18.564397263502727,0.03988196225686878,6.2485488316862385,5.685423563991935,0.906983391973755,0.15100806451612903,0.0,0.006640141355189594,0.010811069788054642,0.0,0.002970468986746678,12.922305362538662,0.0,0.5098038983515344,0.9311994546394774,0.4763149850946977,0.41198409588631346,0.0,0.5112736136502133,0.0,1.85731057640695,0.5173953996289364,0.31696671277896904,Banks—Regional,Financial Services,HWBK
2020Q2,2020,Q2,2020-08-06,2020-06-30,3282000.0,15025000.0,0.0,0.4903846067644388,0.0,0.0,1683736000.0,120031000.0,1454484000.0,0.0,1563705000.0,0.0,60412000.0,117151133.6358,265768133.6358,17.934599248794136,0.0,0.1053532145181905,1.477843223833843,0.0,17.934599248794136,0.027342936408094577,7.797080441650583,8.92376094117916,0.9760073117427998,0.22851919561243145,0.0,0.006401986704896972,0.008923607976547392,0.0,0.0019492366974395035,143.74372225251534,0.0,2.788571361974407,0.6853401763542182,0.27751744611948936,0.41754589577413465,0.0,2.78110599078341,0.0,0.7384262080671362,0.2735485905021523,0.2823039602154338,Banks—Regional,Financial Services,HWBK
2020Q1,2020,Q1,2020-05-07,2020-03-31,868000.0,13797000.0,0.0,0.1294378698224852,0.0,0.0,1526498000.0,116670000.0,1290920000.0,0.0,1409828000.0,0.0,61708000.0,105187049.34400001,262914049.344,17.3980602214163,0.0,0.12152587163559991,1.5900317133796178,0.0,17.3980602214163,0.0074397874346447245,7.6239073236210775,30.295809142857145,0.9015775207336933,0.8675115207373272,0.0,0.007158675946288934,0.009038334802928009,0.0,0.0005686217734972467,-115.46328138748629,0.0,-0.7846153846153847,-0.5990536661205241,0.21668916945021294,0.38894681882064386,0.0,-0.7866273352999017,0.0,-0.5789034146942801,0.18627193001104317,0.2770212091381072,Banks—Regional,Financial Services,HWBK
2019Q4,2019,Q4,2020-03-16,2019-12-31,4068000.0,13876000.0,0.0,0.6009615384615384,0.0,0.0,1492962000.0,115038000.0,1274191000.0,0.0,1377924000.0,0.0,61590000.0,147550590.72,262741590.72,16.99444775357386,0.0,0.09955310316002684,1.2919991654931413,0.0,16.99444775357386,0.03536222813331247,10.633510429518592,9.06776,1.282624791112502,0.1851032448377581,0.0,0.0051033343636619774,0.009294275406875727,0.0,0.0027247846897643746,19.120200948555137,0.0,0.04838705659625347,0.9889880780763463,0.1970471723523952,0.39693778359372145,0.0,0.0538860103626943,0.0,1.071512307015168,0.1748029152771873,0.2795043290278198,Banks—Regional,Financial Services,HWBK
2019Q3,2019,Q3,2019-11-07,2019-09-30,3860000.0,13852000.0,0.0,0.5732248740390316,0.0,0.0,1449338000.0,112814000.0,1223529000.0,0.0,1336524000.0,0.0,58275000.0,137168157.84,261462157.84,16.753313714984277,0.0,0.10953345596403323,1.4071923697413442,0.0,16.753313714984277,0.03421561153757512,9.902408160554433,8.883948046632124,1.2158788611342564,0.18756476683937823,0.0,0.005278192923203874,0.009557466926279446,0.0,0.002663284892826932,122.58101683646113,0.0,0.10714296936451899,1.4210934890006892,0.18350403356266304,0.3779204693720296,0.0,0.09659090909090909,0.0,1.0849773860728316,0.23717521358263166,0.23727468432770393,Banks—Regional,Financial Services,HWBK
2019Q2,2019,Q2,2019-08-08,2019-06-30,3520000.0,13305000.0,0.0,0.5177514466519647,0.0,0.0,1470914000.0,109380000.0,1214170000.0,0.0,1361534000.0,0.0,55167000.0,155864688.59109998,257758688.59109998,16.088537850793152,0.0,0.09305030749588351,1.2513165112452003,0.0,16.088537850793152,0.03218138599378314,11.714745478474256,11.06993526925426,1.4249834393042604,0.1715909090909091,0.0,0.0038751561079017156,0.009045396263819639,0.0,0.0023930698871585964,28.842466430625457,0.0,-0.24363637442449512,0.6343626459423232,0.15011362423621288,0.339817016787293,0.0,-0.2456065152164595,0.0,1.5184772412102516,0.21312396538488118,0.2044936454899067,Banks—Regional,Financial Services,HWBK
2019Q1,2019,Q1,2019-05-10,2019-03-31,4666000.0,12720000.0,0.0,0.6845271627889509,0.0,0.0,1538311000.0,104870000.0,1275209000.0,0.0,1433441000.0,0.0,58168000.0,132276702.98879999,250785702.9888,15.38499004750906,0.0,0.09551319596622529,1.401058453323162,0.0,15.38499004750906,0.04449318203490035,10.399111870188678,7.087264412173167,1.2613397824811672,0.1292327475353622,0.0,0.004558625868162564,0.008268809102970726,0.0,0.0030331967983067143,49.30179015609392,0.0,0.7499998338571714,1.281525933049924,0.12554616718276168,0.3287288928042624,0.0,0.7815960290187094,0.0,1.266154923514016,0.07108566718701619,0.1325542972371181,Banks—Regional,Financial Services,HWBK
2018Q4,2018,Q4,2019-03-14,2018-12-31,2619000.0,13043000.0,0.0,0.391158415872638,0.0,0.0,1481682000.0,99414000.0,1219977000.0,0.0,1382268000.0,0.0,54105000.0,115733004.7444,224438004.7444,14.847889559206733,0.0,0.09761811238848822,1.4549158066268333,0.0,14.847889559206733,0.026344378055404672,8.873189047335735,11.047442224551355,1.1641519780352867,0.23024054982817868,0.0,0.005210268249163189,0.008802833536480837,0.0,0.0017675857572677538,28.227562132780488,0.0,-0.14362884989270328,0.498270663261953,0.12653820735639684,0.32202949669205677,0.0,-0.15461588121368625,0.0,0.28622715141247956,0.09571605795352359,0.11534772321779674,Banks—Regional,Financial Services,HWBK
2018Q3,2018,Q3,2018-11-08,2018-09-30,3098000.0,12841000.0,0.0,0.4567627200234721,0.0,0.0,1451664000.0,94872000.0,1184467000.0,0.0,1356792000.0,0.0,52090000.0,127777154.05780001,227393154.0578,14.002507321384346,0.0,0.0883117580927818,1.3512838350619782,0.0,14.002507321384346,0.0326545239902184,9.95071677110817,10.311261625064558,1.3468373604203558,0.1868947708198838,0.0,0.0045313264665300754,0.008845710853200189,0.0,0.0021341026573642387,30.99130585927723,0.0,0.06540116564385105,0.9300066827425548,0.08549708933772218,0.2910726209093223,0.0,0.06570347437220503,0.0,0.1926662350266428,0.0383520064122493,0.06501263465183534,Banks—Regional,Financial Services,HWBK
2018Q2,2018,Q2,2018-08-09,2018-06-30,2907000.0,12624000.0,0.0,0.42872369089951007,0.0,0.0,1448650000.0,93133000.0,1174327000.0,0.0,1355517000.0,0.0,49594000.0,121912618.5696,219001618.5696,13.750936090696262,0.0,0.08542850239878508,1.3288093371844567,0.0,13.750936090696262,0.031213425960722838,9.657209962737642,10.484401321775026,1.3090163375989177,0.1393188854489164,0.0,0.0033220515214246278,0.00871432022917889,0.0,0.0020066958892762227,31.947751197484276,0.0,0.39318358291133665,0.5687296315644644,0.014386256030575858,0.28998529537484685,0.0,0.39090909090909093,0.0,0.47511013698347604,0.0606687250223329,0.08687028619998456,Banks—Regional,Financial Services,HWBK
2018Q1,2018,Q1,2018-05-10,2018-03-31,2090000.0,12196000.0,0.0,0.30772950252801995,0.0,0.0,1452908000.0,91271000.0,1189905000.0,0.0,1361637000.0,0.0,52280000.0,110779076.169,223825076.169,13.438650442696128,0.0,0.09210011920919976,1.4661064303009719,0.0,13.438650442696128,0.02289883971907835,9.083230253279764,13.251085666148326,1.2137379470916283,0.19425837320574163,0.0,0.00366495202921374,0.008394199770391518,0.0,0.0014384943850539746,57.191056359834796,0.0,1.8841892419746815,15.98520716868911,0.0376485339543092,-0.021013901886740894,0.0,1.8811129848229342,0.0,-0.046778071715986184,0.06192442569668177,0.07285355632054133,Banks—Regional,Financial Services,HWBK
2017Q4,2017,Q4,2018-03-16,2017-12-31,-2372000.0,12296000.0,0.0,-0.34803579134344603,0.0,0.0,1429216000.0,91371000.0,1154113000.0,0.0,1337845000.0,0.0,50595000.0,111764915.46990001,255847915.4699,13.406567576240306,0.0,0.11955365738978573,1.870046294776242,0.0,13.406567576240306,-0.02596009674842127,9.089534439647041,-11.77960744834528,1.223198996069869,-0.17158516020236086,0.0,0.003641572118484815,0.008603318182835905,0.0,-0.001659651165394174,30.951236629714764,0.0,-2.344430335686687,-2.0462655750950423,0.3071092683403662,-0.03722454748393837,0.0,-2.3431483578708945,0.0,-2.1518857621040324,0.05354797866599917,0.10201526210901068,Banks—Regional,Financial Services,HWBK
2017Q3,2017,Q3,2017-11-09,2017-09-30,1766000.0,12103000.0,0.0,0.25887231350346,0.0,0.0,1386532000.0,96072000.0,1126438000.0,0.0,1290460000.0,0.0,52155000.0,111495707.52540001,231189707.5254,14.096329909758662,0.0,0.10017367071225186,1.4457282038471146,0.0,14.096329909758662,0.018382046798234658,9.212237257324631,15.783650555690828,1.160543212646765,0.22253680634201586,0.0,0.0035247993731998164,0.008728972717542761,0.0,0.0012736813863654067,42.6696163510907,0.0,-0.08229090365072661,2.0916411697154116,-0.08133544760634433,0.03233641490741238,0.0,-0.07972902553413236,0.0,0.09442613387246357,0.021696236258981077,0.15938982914795047,Banks—Regional,Financial Services,HWBK
2017Q2,2017,Q2,2017-08-14,2017-06-30,1919000.0,11992000.0,0.0,0.28208537382191873,0.0,0.0,1383550000.0,95147000.0,1118230000.0,0.0,1288403000.0,0.0,50796000.0,112635698.085,256708698.08499998,13.986230882248098,0.0,0.11914928987026129,1.7325717048356752,0.0,13.986230882248098,0.02016879144902099,9.392569887008005,14.673749099140176,1.1838071414232714,0.1761334028139656,0.0,0.0030008248339254747,0.008667558093310686,0.0,0.0013870116728705144,34.19420099726776,0.0,-0.08152733630846297,1.5244291169975879,-0.07458185997522468,0.005258156504191412,0.0,-0.08619047619047619,0.0,-0.10955381984451099,0.035963430965222025,0.16474165089080098,Banks—Regional,Financial Services,HWBK
2017Q1,2017,Q1,2017-05-15,2017-03-31,2100000.0,11849000.0,0.0,0.3071244087855131,0.0,0.0,1319663000.0,93077000.0,1055434000.0,0.0,1226586000.0,0.0,53435000.0,109544269.17530002,234184269.1753,13.623939913385367,0.0,0.10713795870612422,1.51902188510588,0.0,13.623939913385367,0.022561964824822457,9.24502229515571,13.040984425630954,1.1769209275685724,0.16,0.0,0.00306725310716447,0.008978807468270308,0.0,0.0015913153585422944,64.62788741905605,0.0,0.05865675565968914,0.40321453146348435,-0.10159554153156596,-0.1310490328959617,0.0,0.056338028169014086,0.0,0.024505657114006547,0.04609780919346247,0.17663531408492952,Banks—Regional,Financial Services,HWBK
2016Q4,2016,Q4,2017-03-31,2016-12-31,1988000.0,11957000.0,0.0,0.29010763606201356,0.0,0.0,1287048000.0,91017000.0,1024634000.0,0.0,1196031000.0,0.0,51671000.0,92171971.6274,209460971.62739998,13.282055689867349,0.0,0.11101217670203442,1.5697946537460035,0.0,13.282055689867349,0.0218420734588044,7.708620191302166,11.591042709683098,1.0126896253161497,0.14185110663983905,0.0,0.0030594984030499974,0.00929025180102063,0.0,0.0015446199364747856,22.848778291373325,0.0,0.05520169851380042,2.8827262926760846,-0.1219412119220886,-0.14246269226640304,0.0,0.055201698513800426,0.0,0.11121157736132276,0.009058303714649078,0.18261045306760257,Banks—Regional,Financial Services,HWBK
2016Q3,2016,Q3,2016-11-14,2016-09-30,1884000.0,11394000.0,0.0,0.2749309790446849,0.0,0.0,1277719000.0,92788000.0,1008694000.0,0.0,1184931000.0,0.0,50021000.0,79413746.9552,188793746.95520002,13.540496647345128,0.0,0.10055888657834783,1.3847264732508513,0.0,13.540496647345128,0.020304349700392292,6.969786462629454,10.537917589596605,0.855862255412338,0.1449044585987261,0.0,0.0034376919672863262,0.008917453681130201,0.0,0.0014745026097287431,19.88326163124687,0.0,0.33733554605233473,0.20132476969189353,-0.16335462696572595,-0.15621224555394211,0.0,0.3342776203966006,0.0,0.16046841780881507,-0.04768404564572669,0.24847386926225476,Banks—Regional,Financial Services,HWBK
2016Q2,2016,Q2,2016-08-15,2016-06-30,1412000.0,11080000.0,0.0,0.20558114966453292,0.0,0.0,1265724000.0,91741000.0,982937000.0,0.0,1173983000.0,0.0,48419000.0,71974645.65280001,177367645.65280002,13.357096495307305,0.0,0.09756155370365104,1.3460284932581943,0.0,13.357096495307305,0.015391155535692874,6.495906647364622,12.743386269971671,0.7845417605301883,0.19192634560906516,0.0,0.0037652147855966192,0.008753883153041264,0.0,0.001115567058853273,80.06078493081202,0.0,-0.3194152696646314,-0.0333687880683444,-0.1757154213535293,-0.1522339495728627,0.0,-0.2932932932932933,0.0,-0.24862336214149283,-0.12205753955566438,0.2530389170746907,Banks—Regional,Financial Services,HWBK
2016Q1,2016,Q1,2016-05-16,2016-03-31,1998000.0,11524000.0,0.0,0.30206547473263123,0.0,0.0,1234156000.0,89853000.0,941373000.0,0.0,1144303000.0,0.0,50427000.0,74140159.248,155442159.248,13.584328879455013,0.0,0.08061055490553869,1.1072084404527396,0.0,13.584328879455013,0.022236319321558545,6.433543843110031,9.276796702702702,0.8251272550499148,0.13563563563563563,0.0,0.003655238979100392,0.009337555381977643,0.0,0.0016189201365143467,22.184368416517053,0.0,-0.0067328239924279365,1.097778499081164,-0.07933921066306995,-0.11752497729189425,0.0,0.0020060180541624875,0.0,15.709391462928545,0.006743577263470748,-0.010401440093054435,Banks—Regional,Financial Services,HWBK
2015Q4,2015,Q4,2016-03-30,2015-12-31,1994000.0,11657000.0,0.0,0.3041130141305792,0.0,0.0,1200921000.0,87286000.0,918594000.0,0.0,1113635000.0,0.0,48700000.0,78476049.0051,157478049.0051,13.312341299599666,0.0,0.08284141921075575,1.139770409916825,0.0,13.312341299599666,0.022844442407717158,6.732096508973149,9.83902319522317,0.8990679949258759,0.13691073219658978,0.0,0.0034787684071895396,0.009706716761552176,0.0,0.001660392315564471,48.65223124928704,0.0,-0.20675971084599395,1.3222369095326334,-0.14786437800241412,-0.13129775562480275,0.0,-0.21465143757384797,0.0,-0.08577512561278458,0.2880581330300985,-0.04399128666723027,Banks—Regional,Financial Services,HWBK
2015Q3,2015,Q3,2015-11-16,2015-09-30,2539000.0,12088000.0,0.0,0.3833806959741252,0.0,0.0,1227624000.0,87073000.0,934636000.0,0.0,1140551000.0,0.0,46979000.0,70306820.82599999,182128820.82599998,13.147738219990154,0.0,0.1054769212723114,1.4870970335235951,0.0,13.147738219990154,0.02915944092887577,5.816249241065519,6.922688147499015,0.8074468644241038,0.10319023237495077,0.0,0.003726523215271176,0.00984666314767388,0.0,0.002068222843476504,14.357120854809065,0.0,0.3175921120913338,0.7852600287305853,-0.12208864541171084,-0.20786112676988203,0.0,0.3175921120913337,0.0,2.6151401929902645,-0.05577239296606274,-0.0371331385505168,Banks—Regional,Financial Services,HWBK
2015Q2,2015,Q2,2015-08-14,2015-06-30,1927000.0,11638000.0,0.0,0.2909706975746905,0.0,0.0,1204363000.0,83789000.0,917227000.0,0.0,1120574000.0,0.0,44711000.0,72067786.12,146140786.12,12.651864960604954,0.0,0.08011371986685077,1.1515354044086932,0.0,12.651864960604954,0.022998245593096947,6.192454555765596,9.34973872859367,0.8601103500459487,0.13544369486248053,0.0,0.003621590367232999,0.009663199550301694,0.0,0.001600015942037409,15.707887122929382,0.0,-0.09869009263732696,1.4627271868307345,-0.1420026812375348,-0.23002633956765142,0.0,-0.09869036482694106,0.0,1.6039453630600575,-0.07745685083705547,-0.09064918535125736,Banks—Regional,Financial Services,HWBK
2015Q1,2015,Q1,2015-05-15,2015-03-31,2138000.0,11199000.0,0.0,0.32283090998755487,0.0,0.0,1197511000.0,82956000.0,917973000.0,0.0,1114555000.0,0.0,45893000.0,64796125.008,136215125.00800002,12.526080902211225,0.0,0.07472666221855165,1.0787164279859203,0.0,12.526080902211225,0.025772698780076184,5.7858849011518885,7.5767218203928905,0.7810902768696659,0.1225444340505145,0.0,0.004043451671958043,0.0093518973938444,0.0,0.0017853698212375502,47.22749636151604,0.0,0.06846576711644176,3.329968730253884,-0.09073120669931131,-0.22868236435726289,0.0,0.06846576711644178,0.0,0.4737355045332815,-0.1240556605271187,-0.20107177635847315,Banks—Regional,Financial Services,HWBK
2014Q4,2014,Q4,2015-03-31,2014-12-31,2001000.0,11341000.0,0.0,0.30214436430547115,0.0,0.0,1169731000.0,80568000.0,925751000.0,0.0,1089163000.0,0.0,44016000.0,83909127.54,154031127.54000002,12.165500821270964,0.0,0.07906604167966823,1.1479247343858603,0.0,12.165500821270964,0.024836163240988977,7.39874151662111,10.48339924287856,1.0414696596663686,0.13093453273363317,0.0,0.003122425505796172,0.009695391504542497,0.0,0.0017106497134811336,23.689759328063243,0.0,0.2761479591836735,1.5391467654747102,-0.10631199364607609,-0.25241680569025055,0.0,0.27614795918367346,0.0,2.9608416606456136,-0.1382578332384962,-0.21455149224662257,Banks—Regional,Financial Services,HWBK
2014Q3,2014,Q3,2014-11-14,2014-09-30,1568000.0,11511000.0,0.0,0.23676280021538168,0.0,0.0,1156526000.0,80521000.0,905635000.0,0.0,1076005000.0,0.0,42277000.0,66537885.11400001,131342885.11400001,12.158403977131854,0.0,0.0730515353740426,1.0492418126948249,0.0,12.158403977131854,0.019473180909328,5.780374000000001,10.608718927614795,0.8263420115746203,0.1600765306122449,0.0,0.003772287014682827,0.009953083631496395,0.0,0.0013557844786887627,34.87310540566038,0.0,-0.2526215443279313,-0.177670394770655,-0.11702349702418287,-0.257813186617395,0.0,-0.2526215443279314,0.0,0.03454698858844345,-0.12541327386883444,-0.24233854512835754,Banks—Regional,Financial Services,HWBK
2014Q2,2014,Q2,2014-08-14,2014-06-30,2098000.0,11269000.0,0.0,0.31679104263512164,0.0,0.0,1170544000.0,79525000.0,910072000.0,0.0,1091019000.0,0.0,40970000.0,60586098.77460001,107007098.7746,12.008011280056268,0.0,0.06277935729028554,0.9240616158440742,0.0,12.008011280056268,0.026381640993398302,5.376350942816577,7.219506527001907,0.7618497173794405,0.12011439466158245,0.0,0.004159369972599193,0.009627147719351003,0.0,0.0017923290367555598,25.980316798713552,0.0,0.055863110216406636,0.7421079369793249,-0.12131833782797485,-0.25388118594875136,0.0,0.05586311021640664,0.0,0.48953398680360544,-0.1305560115268762,-0.2378594928954576,Banks—Regional,Financial Services,HWBK
2014Q1,2014,Q1,2014-05-15,2014-03-31,1987000.0,10980000.0,0.0,0.3000304107321195,0.0,0.0,1164969000.0,76682000.0,910538000.0,0.0,1088287000.0,0.0,41821000.0,61558967.822399996,110730967.8224,11.578727707982077,0.0,0.06307979010600281,0.9583213792024203,0.0,11.578727707982077,0.025912208862575312,5.606463371803279,7.745214874484146,0.8027825020526329,0.1268243583291394,0.0,0.0040936358895267665,0.009425143501672577,0.0,0.00170562478486552,13.8959295310158,0.0,0.1492192018507809,0.8805048308913795,-0.10697052375565212,-0.278771134429706,0.0,0.1492192018507808,0.0,1.0836454257522563,-0.12388615895863947,-0.24781429486103637,Banks—Regional,Financial Services,HWBK
2013Q4,2013,Q4,2014-03-31,2013-12-31,1729000.0,11452000.0,0.0,0.2610732663089253,0.0,0.0,1140122000.0,74380000.0,893022000.0,0.0,1065742000.0,0.0,40086000.0,56533691.896800004,102940691.89680001,11.231133341849546,0.0,0.06445450574587631,0.9879806399569777,0.0,11.231133341849546,0.023245496101102447,4.936578055955292,8.174333703990747,0.7600657689809089,0.145748987854251,0.0,0.004457518897934633,0.010044539093184764,0.0,0.0015165043740932988,14.932301082091918,0.0,0.10197578075207125,1.0495039540185382,0.0003745978814815924,-0.2986714485542147,0.0,0.10197578075207138,0.0,1.276632168266419,-0.17117885706864494,-0.26710782713817505,Banks—Regional,Financial Services,HWBK
2013Q3,2013,Q3,2013-11-14,2013-09-30,1569000.0,11563000.0,0.0,0.2369137968991925,0.0,0.0,1131315000.0,71827000.0,877005000.0,0.0,1059488000.0,0.0,38609000.0,63347748.828600004,112163748.8286,10.845638808080498,0.0,0.06496775875861277,1.0232781544544531,0.0,10.845638808080498,0.021844153312821083,5.478487315454467,10.093650227629062,0.8819489722332827,0.15423836838750796,0.0,0.0038201831079235247,0.010220849188775893,0.0,0.0013868816377401519,27.08326157699872,0.0,-0.13410596026490057,-0.21836796021536886,-0.047082178645215404,-0.3561433023551999,0.0,-0.13410596026490065,0.0,0.10321864481009242,-0.1602179080507579,-0.34656045312559025,Banks—Regional,Financial Services,HWBK
2013Q2,2013,Q2,2013-08-14,2013-06-30,1812000.0,12169000.0,0.0,0.2736059910652242,0.0,0.0,1165536000.0,70596000.0,904799000.0,0.0,1094940000.0,0.0,37292000.0,59139709.3938,116820709.39379999,10.659761890309365,0.0,0.06736728852648052,1.112230154682985,0.0,10.659761890309365,0.02566717661057284,4.859866003270605,8.159452179056291,0.8377204005014448,0.25938189845474613,0.0,0.007947282880109539,0.010440689948658814,0.0,0.0015546495346347089,10.893296996463437,0.0,14.323527399955946,0.3853961042633677,0.035458062282303894,-0.3592836330693998,0.0,14.323529411764707,0.0,1.315755223094689,-0.10285562648935066,-0.3512627657996835,Banks—Regional,Financial Services,HWBK
2013Q1,2013,Q1,2013-05-15,2013-03-31,-136000.0,11461000.0,0.0,-0.02053555209907317,0.0,0.0,1186319000.0,90910000.0,914692000.0,0.0,1095409000.0,0.0,38440000.0,52436242.9997,102735242.99970001,13.727110597990746,0.0,0.05863262748046689,0.7651193488065119,0.0,13.727110597990746,-0.0014959850401495985,4.575189163223104,-96.39015257297794,0.5767929050676494,-3.4558823529411766,0.0,0.008963266113529319,0.009660976516434449,0.0,-0.0001146403286131302,8.726284406673324,0.0,-1.061733999092147,-1.1261276369036022,-0.030232566114220174,-0.18324777169180098,0.0,-1.061733999092147,0.0,-1.2754330384625008,-0.06945877189253963,-0.15472664009542744,Banks—Regional,Financial Services,HWBK
2012Q4,2012,Q4,2013-04-01,2012-12-31,2203000.0,9141000.0,0.0,0.33264574466366315,0.0,0.0,1181606000.0,92220000.0,941655000.0,0.0,1089386000.0,0.0,39118000.0,33554374.2226,44289374.2226,13.924916283650937,0.0,0.058913038694793356,0.754847104749512,0.0,13.924916283650937,0.02388852743439601,3.6707553027677498,3.807804609918293,0.36385137955541097,0.2133454380390377,0.0,0.014007115641079045,0.007736081231815004,0.0,0.0018644116566774373,15.963070515033303,0.0,2.4013994910941476,1.2380784021231752,-0.24631421521620547,-0.16311932637040774,0.0,2.4013994910941476,0.0,1.7954728480645443,-0.27967522267843875,-0.14429882100488425,Banks—Regional,Financial Services,HWBK
2012Q3,2012,Q3,2012-11-14,2012-09-30,-1572000.0,12802000.0,0.0,-0.23736682279222807,0.0,0.0,1157291000.0,90431000.0,900425000.0,0.0,1066860000.0,0.0,37457000.0,39594903.3207,97010903.32069999,13.654783175524159,0.0,0.06714128080145788,0.8592407470889407,0.0,13.654783175524159,-0.017383419402638475,3.092868561216997,-6.296899383062978,0.4378465716479968,-0.2934643765903308,0.0,0.01165114601400785,0.01106204057579295,0.0,-0.0013583446168681861,22.13435230836227,0.0,-3.124235336087272,-1.7423167711765892,0.13118667876439374,-0.1714065352992021,0.0,-3.124235336087272,0.0,-1.8244275093203417,-0.01799436209340395,-0.16646954390280339,Banks—Regional,Financial Services,HWBK
2012Q2,2012,Q2,2012-08-14,2012-06-30,740031.0,12615130.0,0.0,0.1117422437899207,0.0,0.0,1187219209.0,92141571.0,918595804.0,0.0,1095077638.0,0.0,39570876.0,41294940.3994,78732485.3994,13.913073762948157,0.0,0.06550325703161698,0.8439917417948083,0.0,13.913073762948157,0.00803145629023408,3.2734454896144554,13.950408969151292,0.44816839946651227,0.8119078795347763,0.0,0.014549893865659386,0.010625779893357504,0.0,0.0006233313901847422,8.49415033061309,0.0,-0.48989236490468624,-0.6842924637817065,0.06557900710199367,-0.1365231928674367,0.0,-0.48989236490468624,0.0,-0.3855033015358452,-0.01635592593248149,-0.13550996466337603,Banks—Regional,Financial Services,HWBK
2012Q1,2012,Q1,2012-05-15,2012-03-31,1450735.0,12785057.0,0.0,0.21905620716506552,0.0,0.0,1205981240.0,103834093.0,935895828.0,0.0,1102147147.0,0.0,41534781.0,32315936.6156,46655020.615600005,15.678606076922856,0.0,0.0645377841864273,0.7495741981393337,0.0,15.678606076922856,0.013971663430430312,2.527633362573198,5.568890358266672,0.3112266470666817,0.4210534660017164,0.0,0.018902036084113626,0.010601373036283715,0.0,0.0012029498899999473,6.806820106656399,0.0,2.421620217936657,-0.3659977086635391,0.10541595698920998,-0.01872567104971394,0.0,2.421620217936657,0.0,0.3729816747757732,0.039839205870571784,-0.02339328121627403,Banks—Regional,Financial Services,HWBK
2011Q4,2011,Q4,2012-03-30,2011-12-31,-1020480.0,13160547.0,0.0,-0.15408911916222195,0.0,0.0,1171161423.0,102575773.0,916550927.0,0.0,1068585650.0,0.0,40354112.0,26027057.73,60788516.730000004,15.488603901060314,0.0,0.06651174421410225,0.7593994831508606,0.0,15.488603901060314,-0.009948547987057334,1.977657747052611,-6.376180260759643,0.2537349411931802,-0.598578120100345,0.0,0.023469306686015483,0.01123717597040421,0.0,-0.000871340175623254,4.428482929356607,0.0,-1.6733001724025314,-1.4295361074675417,0.1293478681426867,-0.014691148242050199,0.0,-1.6733001724025311,0.0,0.9707820690428811,0.14962267734622714,-0.03281353651355422,Banks—Regional,Financial Services,HWBK
2011Q3,2011,Q3,2011-11-14,2011-09-30,1515639.0,13161643.0,0.0,0.22885649741093497,0.0,0.0,1169516047.0,106275682.0,923228170.0,0.0,1063240365.0,0.0,42104547.0,31189421.979500003,67860592.9795,16.04727797482009,0.0,0.06667507658404964,0.7337292081550697,0.0,16.04727797482009,0.014261390484419567,2.3697210127565382,5.144599403205513,0.2934765639001028,0.39711831115456914,0.0,0.01929782476878236,0.011253922538097504,0.0,0.0012959540007064136,8.832190086610305,0.0,0.0760706115893998,-0.4655002635141521,0.11105638843133273,0.040043473891798,0.0,0.07607061158939975,0.0,-0.24495080813976455,0.08466367437557176,-0.04734542742121598,Banks—Regional,Financial Services,HWBK
2011Q2,2011,Q2,2011-08-15,2011-06-30,1408494.0,12961155.0,0.0,0.21267795528111735,0.0,0.0,1194707174.0,104344261.0,934522229.0,0.0,1090362913.0,0.0,41318862.0,32976215.9173,91050301.9173,15.75563976474109,0.0,0.07796275943346767,0.8926477326817236,0.0,15.75563976474109,0.013498528682856836,2.5442343616213217,5.8530984010759015,0.3160328666020262,0.4273287639137973,0.0,0.018252245846202025,0.010848813233961547,0.0,0.0011789449587753123,7.7707492958393685,0.0,0.47700177324858933,-0.5159355521536825,0.08126057640024494,0.05581136155518841,0.0,0.47700177324858933,0.0,0.07688873902954668,0.10286255795274829,-0.05299045395100888,Banks—Regional,Financial Services,HWBK
2011Q1,2011,Q1,2011-05-16,2011-03-31,953617.0,12532616.0,0.0,0.14399302636810188,0.0,0.0,1204547240.0,101945554.0,946863794.0,0.0,1102601686.0,0.0,42089899.0,37351808.04,100772154.03999999,15.393442907616741,0.0,0.08410420001460465,0.9937410512281879,0.0,15.393442907616741,0.009354179388735286,2.980368028510568,9.792140880458296,0.36638976958230074,0.6311653420608064,0.0,0.016114079386878324,0.01040442050242878,0.0,0.0007916808642556849,9.862970244845956,0.0,1.1525744235042341,-0.6424520431502246,0.10006642081672391,0.04531703119440369,0.0,1.1525744235042341,0.0,-0.11560692116836602,0.06044174663605843,-0.08410231662508161,Banks—Regional,Financial Services,HWBK
2010Q4,2010,Q4,2011-03-30,2010-12-31,-6250176.0,13817213.0,0.0,-0.9437559917380642,0.0,0.0,1200172204.0,101488311.0,980880652.0,0.0,1098683893.0,0.0,41857302.0,35572961.2954,101190954.2954,15.324400720495886,0.0,0.0970460552342537,1.1476393374996654,0.0,15.324400720495886,-0.061585180977147214,2.5745395468246746,-1.422878383560719,0.35051289104023026,-0.09629968820078026,0.0,0.016919873355548596,0.01151269205698085,0.0,-0.005207732673002315,3.525729917019929,0.0,-5.394717487389274,-3.3499157771164407,0.2140660225004795,0.05761990353199032,0.0,-5.394717487389274,0.0,-7.349697646422434,0.13924483354445338,-0.07901099463012835,Banks—Regional,Financial Services,HWBK
2010Q3,2010,Q3,2010-11-09,2010-09-30,1422202.0,13769046.0,0.0,0.21474781813533866,0.0,0.0,1215066175.0,109921399.0,1009362747.0,0.0,1105144776.0,0.0,48828486.0,41675081.1408,106229433.1408,16.597769235055214,0.0,0.09600633233000663,1.0612496571300007,0.0,16.597769235055214,0.012938354250749665,3.026722486133026,7.325802020528728,0.3791352868498335,0.4171594471108886,0.0,0.01423596508416087,0.011331930954295555,0.0,0.0011704728756851454,-61.008666567315814,0.0,0.8175895182666086,-0.45933371674208795,0.24292783591375253,0.15417240035064697,0.0,0.8175895182666084,0.0,-0.3284195950376031,0.21663501128684276,0.007178432641116619,Banks—Regional,Financial Services,HWBK
2010Q2,2010,Q2,2010-08-13,2010-06-30,782466.0,13564147.0,0.0,0.11814978903495135,0.0,0.0,1239543334.0,108820622.0,1030719600.0,0.0,1130722712.0,0.0,48127292.0,49844795.7504,110830672.7504,16.431555533342262,0.0,0.09425711130483155,1.0736547159232375,0.0,16.431555533342262,0.007190420212815913,3.674746060360449,15.925546844974734,0.45804549573701203,1.0881022306400534,0.0,0.01708108112757524,0.010942858251053287,0.0,0.0006312534451498248,8.209391099399177,0.0,0.5846837343646994,-0.6636071506071562,0.3848912912976591,0.16033756974533234,0.0,0.5846834950827109,0.0,-0.6661891014909062,0.14574089148867167,0.019779478632283933,Banks—Regional,Financial Services,HWBK
2010Q1,2010,Q1,2010-05-17,2010-03-31,493768.0,12316490.0,0.0,0.07455733057190599,0.0,0.0,1260410845.0,107551022.0,1059757121.0,0.0,1152859823.0,0.0,50099798.0,46496385.369600005,111461156.3696,16.239847662465635,0.0,0.09807443619703225,1.1493529368786473,0.0,16.239847662465635,0.004591011696755425,3.7751327991659966,23.54161537888239,0.4323193262598658,1.7242956206153497,0.0,0.018311143828325604,0.009771805795593579,0.0,0.00039175162762107146,8.564734601454683,0.0,-0.37343857066720804,-0.7775536183718246,0.47483059838878616,0.1758223098753353,0.0,-0.3734385706672081,0.0,-0.7842128327233414,0.06490276299133065,0.016400663366143407,Banks—Regional,Financial Services,HWBK
2009Q4,2009,Q4,2010-03-15,2009-12-31,788060.0,12690111.0,0.0,0.1189944466439628,0.0,0.0,1236470554.0,107771283.0,1041395626.0,0.0,1128699271.0,0.0,50576551.0,37945204.195199996,142172563.1952,16.273106343038496,0.0,0.10417013295085716,1.195154204483211,0.0,16.273106343038496,0.007312337554708335,2.9901396603386683,12.037536543917975,0.3520901221450615,1.0803783975839403,0.0,0.022437697149293532,0.010263172834118296,0.0,0.0006373463544688667,-7.296507789444051,0.0,-0.5867059510860729,-0.565057169303645,0.5030226221674763,0.1838214136126444,0.0,-0.5867059510860729,0.0,-0.6682931818963044,0.08897811316866722,0.035215041188871574,Banks—Regional,Financial Services,HWBK
2009Q3,2009,Q3,2009-11-09,2009-09-30,1906778.0,13036587.0,0.0,0.2879171547634471,0.0,0.0,1240227674.0,108491553.0,1031580445.0,0.0,1131736121.0,0.0,50759013.0,38779659.6072,137912792.6072,16.38186472448692,0.0,0.09753625768553847,1.114991560679383,0.0,16.38186472448692,0.01757535906965955,2.9746788486280953,5.084448688730413,0.35744404550278674,0.43696749175834837,0.0,0.02148549029154718,0.010511446626532863,0.0,0.0015374419068155706,16.847653649169512,0.0,0.5833236834402113,-0.06498023950914662,0.580081189519244,0.19653255537841247,0.0,0.583323922516873,0.0,-0.3275627081083498,0.10049946519572234,0.06172844538588445,Banks—Regional,Financial Services,HWBK
2009Q2,2009,Q2,2009-08-10,2009-06-30,1204288.0,12824893.0,0.0,0.1818435218109458,0.0,0.0,1257337756.0,106584885.0,1055130051.0,0.0,1150752871.0,0.0,49822755.0,51789209.02,141680144.02,16.09396660949428,0.0,0.0963588959464922,1.1367059972903288,0.0,16.09396660949428,0.01129886287347404,4.038178643673675,10.751001633330233,0.4858963728299749,1.0353445355263857,0.0,0.02407553665317594,0.010200038087458816,0.0,0.0009578078716344536,10.933944794875092,0.0,0.1397432026885451,-0.42977156989787496,0.5475785126792766,0.20861588091905667,0.0,0.139743202688545,0.0,-0.5861160886961918,0.06989316904639033,0.07848320046133815,Banks—Regional,Financial Services,HWBK
2009Q1,2009,Q1,2009-05-08,2009-03-31,1056631.0,12295225.0,0.0,0.15954780110291014,0.0,0.0,1267542353.0,106321297.0,1070008525.0,0.0,1161221056.0,0.0,51432211.0,44936741.6833,126838043.6833,16.054165689592143,0.0,0.10519872861400159,1.2541593054494058,0.0,16.054165689592143,0.00993809358815478,3.654812472589969,10.632080093074121,0.422650428006912,1.0448112917376076,0.0,0.024567424309054342,0.00970005063018198,0.0,0.0008336060704395256,8.106366283026503,0.0,1.0302529903625268,-0.5356391150735993,0.5015977414736683,0.19620057720515957,0.0,1.03014992542207,0.0,-0.6038281037417171,0.0792291217481094,0.09018449723445962,Banks—Regional,Financial Services,HWBK
2008Q4,2008,Q4,2009-03-16,2008-12-31,-35045891.0,11486843.0,0.0,-5.273786134561269,0.0,0.0,1279698867.0,106418383.0,1078861146.0,0.0,1173280484.0,0.0,51598678.0,66157948.68,190978356.68,16.014082584683912,0.0,0.13951991957182847,1.6777503845364763,0.0,16.014082584683912,-0.3293217770467345,5.759454419286483,-0.4719379846841389,0.6216778230881407,-0.024786472114519786,0.0,0.013130153176327292,0.008976207837808454,0.0,-0.027386045189020238,74.61419978413542,0.0,-18.45565869701558,-17.75195702385937,0.4047555401842208,0.21790405829900114,0.0,-18.399409691192535,0.0,-14.131522714806847,0.005866792793338583,0.1052185848751848,Banks—Regional,Financial Services,HWBK
2008Q3,2008,Q3,2008-11-10,2008-09-30,2014200.0,12175788.0,0.0,0.30212472792349776,0.0,0.0,1285274891.0,111938765.0,1039243705.0,0.0,1173336126.0,0.0,87528898.0,91907821.65,272245926.65,16.844802341504522,0.0,0.16241366688303258,1.864825004992685,0.0,16.844802341504522,0.01799376650260524,7.548408501363526,11.40748456583259,0.821054454638659,0.4312699831198491,0.0,0.009451469792288347,0.009473294845530441,0.0,0.0015671355708449766,25.971303911301558,0.0,0.5376090700925467,-0.20469189199948645,0.4016465812400461,0.29012124922362115,0.0,0.5288509708074628,0.0,-0.23688757119698686,0.0953604967757009,0.17135053973786604,Banks—Regional,Financial Services,HWBK
2008Q2,2008,Q2,2008-08-08,2008-06-30,1317460.0,11837925.0,0.0,0.19648994910345663,0.0,0.0,1247633213.0,110985817.0,1010459320.0,0.0,1136647396.0,0.0,86383362.0,97347415.96880001,246706521.9688,16.637255485411984,0.0,0.14743400310552648,1.6573609491021721,0.0,16.637255485411984,0.011870525762764804,8.223351302597374,18.472556276623198,0.8771158207431136,0.6630129187982937,0.0,0.008972944903642392,0.009488305438370852,0.0,0.0010559673999316656,46.83415600484183,0.0,0.21341562448749296,-0.35454358336393255,0.5257023434972639,0.2863712090081843,0.0,0.2121541115583669,0.0,-0.43770341522117323,0.19990125642853485,0.17486336324047583,Banks—Regional,Financial Services,HWBK
2008Q1,2008,Q1,2008-05-12,2008-03-31,1086875.0,11912581.0,0.0,0.1619312831796175,0.0,0.0,1233427311.0,112194684.0,967452412.0,0.0,1121232627.0,0.0,85939395.0,106165069.83150001,214821190.8315,16.806946001757172,0.0,0.1144751212663881,1.258497604039778,0.0,16.806946001757172,0.009687401944997679,8.912012420440206,24.419797546060956,0.9462575769766419,0.8056069005175388,0.0,0.008247477267143513,0.00965811352948062,0.0,0.000881182855533511,26.27960146607727,0.0,0.0894920897870799,-0.5386051539163276,0.4664943945625553,0.3248689954314839,0.0,0.09421279097628699,0.0,-0.5142295194695143,0.41517504952306256,0.21688223193195652,Banks—Regional,Financial Services,HWBK
2007Q4,2007,Q4,2008-03-17,2007-12-31,993294.0,12238889.0,0.0,0.14863006780642513,0.0,0.0,1195804079.0,111198823.0,953551845.0,0.0,1084605256.0,0.0,85728114.0,96481062.216,188672888.21600002,16.639070207294782,0.0,0.1065400505294647,1.1457048155986327,0.0,16.639070207294782,0.008932594547336171,7.883155261560098,24.28310807676277,0.8676446351954643,0.8815043682937781,0.0,0.009075283583007604,0.010234861391537368,0.0,0.0008306494495575308,106.9028026397433,0.0,-0.5308039454963768,-0.545408932328962,0.4795261738895045,0.31460778699954633,0.0,-0.5351894981111256,0.0,-0.45673445911521854,0.4364931082422287,0.21044422612196953,Banks—Regional,Financial Services,HWBK
2007Q3,2007,Q3,2007-11-09,2007-09-30,2136987.0,11420422.0,0.0,0.31677603931189363,0.0,0.0,1185614607.0,110132232.0,920120528.0,0.0,1075482375.0,0.0,85610413.0,121103888.99400002,205382165.99400002,16.4794724520967,0.0,0.0941606651443693,1.0136747251249751,0.0,16.4794724520967,0.019403829026183723,10.604151842550127,14.167597766621885,1.0996225791010938,0.41022523768277486,0.0,0.007238793132757551,0.009632490973519188,0.0,0.001802429716522546,84.13725882110188,0.0,-0.09541980579931306,0.07347302508539372,0.5431362888489689,0.3409452136341124,0.0,-0.09565735149985527,0.0,0.03844617586229665,0.3716998843665126,0.20366183069021726,Banks—Regional,Financial Services,HWBK
2007Q2,2007,Q2,2007-08-09,2007-06-30,2363028.0,11934658.0,0.0,0.3501912172549898,0.0,0.0,1160108036.0,107574377.0,900986145.0,0.0,1052533659.0,0.0,84350072.0,125300967.312,194632746.312,16.11285172690479,0.0,0.08522806232849851,0.9191199870950681,0.0,16.11285172690479,0.021966457681646626,10.498915621377671,13.256398920368275,1.1647845035811828,0.37056987898577587,0.0,0.006988509496655241,0.010287540151131236,0.0,0.00203690339750392,142.4062345854681,0.0,0.02640180769831921,0.20585508429202512,0.6455339300540629,0.34428694074904165,0.0,0.024433956006653757,0.0,0.10989902827618944,0.4285814782436759,0.21003410511258128,Banks—Regional,Financial Services,HWBK
2007Q1,2007,Q1,2007-05-10,2007-03-31,2306667.0,11659088.0,0.0,0.3411833597996919,0.0,0.0,1140551941.0,106668743.0,867863516.0,0.0,1033883198.0,0.0,82862711.0,183658383.09,241538390.09,15.977801124885206,0.0,0.07819598634131823,0.8361079496361928,0.0,15.977801124885206,0.02162458218899233,15.752379867962228,19.905168701203948,1.7217638262597696,0.37962523415820315,0.0,0.004767922842764476,0.010222320949081617,0.0,0.002022412936299584,93.9324326443394,0.0,-0.04892329128851838,0.21933586536322322,0.6487349542935175,0.37121035164596905,0.0,-0.03685329997394494,0.0,0.00560990740688253,0.41251824090165956,0.190510631172045,Banks—Regional,Financial Services,HWBK
