Quarters,Year,Quarter,FillingDate,Date,NetIncome,Revenue,OperatingIncome,EPSDiluted,GrossProfit,GrossProfitRatio,TotalAssets,CommonStockEquity,CurrentAssets,CurrentLiability,TotalLiability,Inventory,RetainedEarnings,MarketCap,EnterpriseValue,bookValuePerShare,currentRatio,debtToAssets,debtToEquity,roic,shareholdersEquityPerShare,roe,priceToSalesRatio,peRatio,pbRatio,payoutRatio,inventoryTurnover,dividendYield,assetTurnover,quickRatio,returnOnAssets,priceToFreeCashFlowsRatio,grossProfitMargin,epsdilutedGrowth,fiveYNetIncomeGrowthPerShare,fiveYRevenueGrowthPerShare,fiveYShareholdersEquityGrowthPerShare,grossProfitGrowth,netIncomeGrowth,operatingIncomeGrowth,threeYNetIncomeGrowthPerShare,threeYRevenueGrowthPerShare,threeYShareholdersEquityGrowthPerShare,Industry,Sector,Symbol
2023Q4,2023,Q4,2023-03-31,2023-03-31,6913000.0,146587000.0,9274000.0,0.18,75708000.0,0.516471447,2135513000.0,1730858000.0,1336428000.0,385549000.0,404655000.0,226669000.0,0.0,914064549.12,759569549.12,46.05196274215615,3.466298706519794,0.0,0.0,0.0020692796069990567,46.05196274215615,0.003993972931343877,6.235645378648857,33.05600134239838,0.528099098320024,,0.3126982516356449,,0.06864252289730852,2.878386404840889,0.003237161281621793,0.0,0.5164714469905244,-0.05263157894736847,-0.9153112304503487,-0.11564561993043468,-0.1702899253785784,0.18206941777132418,-0.04845147969717825,-0.4178645408323395,-0.8701589209563663,-0.1470587311882378,-0.16255446640046406,Drug Manufacturers—Specialty & Generic,Healthcare,TARO
2023Q3,2023,Q3,2022-12-31,2022-12-31,7265000.0,139202000.0,15931000.0,0.19,64047000.0,0.460101148,0.0,1719935000.0,1390110000.0,374075000.0,397589000.0,222675000.0,0.0,1091469503.52,999496503.52,45.76116166225507,3.716126445231571,0.0,0.0,0.007336730659799082,45.76116166225507,0.004223996837089774,7.840903891610752,37.55917080247763,0.6345992746935204,0.0,0.3375098237341417,0.0,0.0,2.309424580632226,0.0,217.25109544585987,0.4601011479720119,3.540106951871658,-0.5689330115128979,-0.045162262903424,-0.16571197107711225,0.3638047783314169,3.582651972982581,4.95604668487708,-0.8900397561901603,-0.03442007431667826,-0.14591723184974606,Drug Manufacturers—Specialty & Generic,Healthcare,TARO
2023Q2,2023,Q2,2022-09-30,2022-09-30,-2813000.0,130498000.0,-4027000.0,-0.0748,46962000.0,0.3598675842,2107279000.0,1706280000.0,1356608000.0,374851000.0,400999000.0,215524000.0,0.0,1126795032.18,951604032.1800001,45.3980297561592,3.619059306231009,0.0,0.0,-0.0013513078428523911,45.3980297561592,-0.0016486157019949832,8.634577021716808,-100.1417554372556,0.6603810817568043,0.0,0.38759488502440564,0.0,0.06192725310696875,3.044100189141819,-0.001334896802938766,59.43638739212997,0.3598675841775353,-1.202162162162162,-1.0575917811179787,-0.17617269826328064,-0.16845450515390153,-0.42452760826409824,-1.1998011222387954,-1.2881368059530625,-1.0513441816071045,-0.16810106557667673,-0.13627009322418915,Drug Manufacturers—Specialty & Generic,Healthcare,TARO
2023Q1,2023,Q1,2022-06-30,2022-06-30,14079000.0,156665000.0,13976000.0,0.37,81606000.0,0.5208949031,2119992000.0,1713714000.0,1348267000.0,374452000.0,406278000.0,216833000.0,0.0,1359069658.56,1133268658.56,45.595822001984786,3.6006404025081986,0.0,0.0,0.007152537616981427,45.595822001984786,0.008215489865870267,8.675005001500015,24.13292241210313,0.7930551180418669,0.0,0.34616040916281193,0.0,0.07389886376929725,3.0215728584705115,0.006641062796463383,-22.599934457895436,0.5208949031372674,-0.4931506849315068,-0.7216905133085884,0.046188337714050204,-0.1371172125109181,0.05509082681492016,-0.4862428842504744,0.15791217895608947,-0.7818711362639842,-0.004053148240021644,-0.10764826063945539,Drug Manufacturers—Specialty & Generic,Healthcare,TARO
2022Q4,2022,Q4,2022-03-31,2022-03-31,27404000.0,143264000.0,12070000.0,0.73,77345000.0,0.5398774291,2176361000.0,1711443000.0,1337886000.0,432119000.0,464918000.0,210439000.0,2388691000.0,1625922384.6599998,1376992384.6599998,45.53539878564501,3.0961054709466604,0.0010126996394440077,0.0012878021646061247,0.0077059074471155205,45.53539878564501,0.01601221892870519,11.349134357968504,14.832892868376879,0.9500301118179221,0.0,0.31324516843360783,0.0,0.06582731449424062,2.6091123047123594,0.012591661034175855,42.27567302808112,0.5398774290819746,0.0428571428571429,-0.6435761610414339,-0.21273263472432147,-0.10653859286242878,0.01724228634558224,0.04146239501387147,-0.7097929840590512,-0.5190026194776288,-0.18332439096040826,-0.07883028782724805,Drug Manufacturers—Specialty & Generic,Healthcare,TARO
2022Q3,2022,Q3,2021-12-31,2021-12-31,26313000.0,138984000.0,41591000.0,0.7,76034000.0,0.5470701664,2123019000.0,1696554000.0,1237238000.0,394793000.0,426465000.0,182446000.0,0.0,1883378888.01,1565275888.01,45.139255558836126,3.1338904185231247,0.0,0.0,0.016330292004983173,45.139255558836126,0.015509674316290552,13.551048235840097,17.893996199692168,1.1101202130966654,0.0,0.3450335989827127,0.0,0.06546526432405927,2.671759630996497,0.012394142492365824,-9.646678317574628,0.5470701663500834,0.12903225806451607,-0.7949004559715659,-0.31274092432417916,-0.07363674649056104,0.2254653880248207,0.12848994296007205,0.701341732798822,-0.7084574332827005,-0.1836355347017149,-0.044728951870532926,Drug Manufacturers—Specialty & Generic,Healthcare,TARO
2022Q2,2022,Q2,2021-09-30,2021-09-30,23317000.0,131986000.0,24446000.0,0.62,62045000.0,0.4700877365781219,2317158000.0,1673108000.0,1411947000.0,613958000.0,644050000.0,182928000.0,0.0,2392524905.4,1868856905.4,44.49686680365037,2.2997452594477146,0.0,0.0,0.011579747093077785,44.49686680365037,0.013936338837660212,18.127111249678,25.65215192134494,1.4299883243639981,0.0,0.3823416863465407,0.0,0.05696029360104059,2.001796539828457,0.010062757912926093,-44.28387482925204,0.4700877365781219,2.24,-0.7928840506866256,-0.3663596675253643,-0.039535786431788005,-0.2014594970269505,2.2424468481909736,2.2712428497139885,-0.6113733952344594,-0.1343126068060293,-0.25523742723892406,Drug Manufacturers—Specialty & Generic,Healthcare,TARO
2022Q1,2022,Q1,2021-06-30,2021-06-30,-18767000.0,147113000.0,-19230000.0,-0.5,77698000.0,0.5281518288662457,2413305000.0,1658056000.0,1480767000.0,729150000.0,755249000.0,182860000.0,0.0,2719687182.7999997,2104799182.7999997,43.87037984168567,2.030812590002057,0.0,0.0,-0.013536796759280411,43.87037984168567,-0.0113186768118809,18.487062209322083,-36.22964755688176,1.6402866868187804,0.0,0.37960734988515804,0.0,0.06095914109488854,1.7800274291983817,-0.007776472513834762,67.88017727749214,0.5281518288662457,0.358974358974359,-1.191445993483587,-0.2945381515645932,-0.02854182391045611,0.009930589856240414,0.3699388974686094,0.5409076801871703,-1.2897698150756167,-0.011638300507505323,-0.24280921542649453,Drug Manufacturers—Specialty & Generic,Healthcare,TARO
2021Q4,2021,Q4,2021-03-31,2021-03-31,-29786000.0,148348000.0,-41887000.0,-0.78,76934000.0,0.5186049019872192,2406873000.0,1703649000.0,1470835000.0,676301000.0,711416000.0,180292000.0,2338617000.0,2807322365.0,2203834365.0,44.75585537181441,2.1748230447685275,0.0007017403909554015,0.0009914013978231432,-0.018768697917242238,44.75585537181441,-0.017483648333664975,18.923897625852725,-23.56243172127845,1.6478290804032991,0.0,0.39610187917378475,0.0,0.0616351589801373,1.887499796688161,-0.012375393300768258,58.20697418619117,0.5186049019872192,-1.9069767441860468,-1.2915440416738257,-0.3703239676548396,-0.007416905984550436,0.05118325408536919,-1.9048269996050913,-2.1536258227987553,-1.3602918891745905,-0.1163188233925815,-0.1936416628275275,Drug Manufacturers—Specialty & Generic,Healthcare,TARO
2021Q3,2021,Q3,2020-12-31,2020-12-31,32919000.0,140145000.0,36309000.0,0.86,73188000.0,0.5222305469335331,2371824000.0,1759668000.0,1522274000.0,584077000.0,621251000.0,169527000.0,0.0,2808625640.02,2255707640.02,45.9993039724155,2.6062899241024726,0.0,0.0,0.01741740605824846,45.9993039724155,0.018707506188667407,20.040855114488565,21.329821987454057,1.5961111073338834,0.0,0.39496363411138047,0.0,0.05908743650456358,2.3160422341574827,0.013879191710683423,74.76907784101799,0.5222305469335331,-0.2711864406779661,-0.8049734012190521,-0.3925829030441086,0.11347171986530279,-0.10295631710545669,-0.2706062217495347,-0.11359308627508423,0.9190721299135869,-0.0555103018511548,-0.1613703138435556,Drug Manufacturers—Specialty & Generic,Healthcare,TARO
2021Q2,2021,Q2,2020-09-30,2020-09-30,45132000.0,142843000.0,40962000.0,1.18,81588000.0,0.5711725460820621,2346108000.0,1727957000.0,1485830000.0,587316000.0,627363000.0,167213000.0,0.0,2098469784.45,1599673784.45,45.16550209696778,2.529864672510199,0.0,0.0,0.02195624091771598,45.16550209696778,0.02611870550019474,14.690742874694594,11.62406820243951,1.2144224563747825,0.0,0.36632917297100104,0.0,0.060885091393917075,2.245157632347833,0.0192369660731731,-18.076232099664054,0.5711725460820621,1.1037818821459981,-0.6210727115216513,-0.2458424023063844,0.20158979730343166,0.2562436485695809,1.1037712856216575,1.0911973069610248,-0.09225772011212352,-0.11411266249379086,-0.17271366196018342,Drug Manufacturers—Specialty & Generic,Healthcare,TARO
2021Q1,2021,Q1,2020-07-23,2020-06-30,-434918000.0,117634000.0,-449158000.0,-11.37,64946000.0,0.5521022833534522,2379693000.0,1683279000.0,1522936000.0,596487000.0,705555000.0,166223000.0,0.0,2543796827.1299996,2011752827.1299996,43.997704343500345,2.553175509273463,0.0,0.0,-0.2721911838124581,43.997704343500345,-0.2583754683567014,21.624673369348994,-1.4622278378510432,1.5112152097958804,0.0,0.3169717788753662,0.0,0.049432426787825154,2.274505563407082,-0.1827622302540706,43.17813808483552,0.5521022833534522,-9.007042253521126,-5.698449344556268,-0.38822598854714024,0.23634605049462673,-0.36496171935348243,-9.024909587423426,-8.850902798412893,-9.44599442376329,-0.22828318524713184,-0.16736095326042255,Drug Manufacturers—Specialty & Generic,Healthcare,TARO
2020Q4,2020,Q4,2020-04-06,2020-03-31,54196000.0,174940000.0,57211000.0,1.42,102271000.0,0.5846061506802332,2341252000.0,2103864000.0,1532598000.0,222731000.0,231493000.0,153073000.0,2725270000.0,2341410224.4,1829570224.4,54.990994511862866,6.880937094522092,0.0006466625549065201,0.0007196282649448824,0.021623323877908822,54.990994511862866,0.02576022024237308,13.384075822567738,10.800659755332498,1.112909496241202,0.0,0.47473427710961436,0.0,0.07472070499032142,6.15549249992143,0.023148298431779235,56.35298621868156,0.5846061506802332,-0.19318181818181823,-0.6015737415994888,-0.19788462344458005,0.66850266209071,0.0865329452011134,-0.19925534115422122,-0.016959345681982197,-0.30752001463766,-0.05558798164853908,0.0789920072458523,Drug Manufacturers—Specialty & Generic,Healthcare,TARO
2020Q3,2020,Q3,2020-01-10,2019-12-31,67682000.0,147683000.0,58198000.0,1.76,94126000.0,0.6373516247638523,2290963000.0,2062934000.0,1457710000.0,214179000.0,222359000.0,157875000.0,0.0,3385519549.2000003,2876158549.2000003,53.57930562322804,6.806036072630837,0.0,0.0,0.027062031183803743,53.57930562322804,0.0328086114243112,22.92423331866227,12.50524345173015,1.6411186926969066,0.0,0.339236737925574,0.0,0.06446328465365875,6.068918988322851,0.029543034959534482,36.82634500717922,0.6373516247638523,0.20547945205479456,-0.47154400919217804,-0.30881075976223077,0.7428625552133619,-0.07359034674173007,0.2047776709744028,-0.06975480323519069,-0.48501740056739684,-0.28712854437771707,0.0995728499158675,Drug Manufacturers—Specialty & Generic,Healthcare,TARO
2020Q2,2020,Q2,2019-11-04,2019-09-30,56178000.0,160850000.0,62562000.0,1.46,101603000.0,0.6316630400994716,2249706000.0,2025630000.0,1479866000.0,209501000.0,218400000.0,148439000.0,0.0,2907771775.2000003,2347104775.2000003,52.56044673227076,7.063765805413817,0.0,0.0,0.023960161118244193,52.56044673227076,0.027733593992979963,18.07753668138017,12.93999330342839,1.43549008219665,0.0,0.39913365085994923,0.0,0.07149823132444862,6.355229807972277,0.024971262911687126,82.8307014727247,0.6316630400994716,-0.15116279069767444,-0.5645452769527374,-0.2872862890474245,0.8801395073761465,-0.0011894931382957807,-0.15117175105389602,-0.08752534165657862,-0.5131438993890048,-0.24659329188282758,0.13451646737884318,Drug Manufacturers—Specialty & Generic,Healthcare,TARO
2020Q1,2020,Q1,2019-06-30,2019-06-30,66183000.0,161296000.0,68563000.0,1.72,101724000.0,0.6306666005356611,2172200000.0,1969201000.0,1533655000.0,189233000.0,197355000.0,148283000.0,0.0,3336326077.9199996,2703340077.9199996,51.09624376891847,8.104585352449098,0.0,0.0,0.02660588324860586,51.09624376891847,0.03360906276200347,20.684493588929666,12.602655054621277,1.694253698794587,0.0,0.40174531133036157,0.0,0.07425467268207347,7.320985240417897,0.030468188932879108,44.719872366731444,0.6306666005356611,0.13157894736842102,0.5956521340566987,0.376532306306288,1.0250466787473231,-0.1490166224683571,0.13261115104220145,-0.09045926083149823,-0.3378984498620165,-0.24146992512845114,0.13146646908250204,Drug Manufacturers—Specialty & Generic,Healthcare,TARO
2019Q4,2019,Q4,2019-05-16,2019-03-31,58434000.0,179921000.0,75382000.0,1.52,119537000.0,0.6643860360936189,2135326000.0,1905536000.0,1482720000.0,216821000.0,224204000.0,148079000.0,2481029000.0,4197162422.08,3629711422.08,49.43214934655332,6.838451994963587,0.0,0.0,0.03120782117924678,49.43214934655332,0.030665387586484853,23.327807326993515,17.956850558236642,2.202615128803654,0.0,0.4077823324036494,0.0,0.08425926532997771,6.117968277980454,0.027365376527986828,83.79074927791419,0.6643860360936189,-0.36666666666666664,-0.27570713439290806,0.06802675722860109,1.0848973418288426,0.01696400466212365,-0.37507753513143544,-0.044999619935642436,-0.4352188435083646,-0.2458809344699434,0.09629266013616013,Drug Manufacturers—Specialty & Generic,Healthcare,TARO
2019Q3,2019,Q3,2019-01-15,2018-12-31,93506000.0,176381000.0,78934000.0,2.4,117543000.0,0.6664153168425171,2069518000.0,1839976000.0,1461748000.0,218639000.0,223999000.0,148047000.0,0.0,3295793828.32,2729324828.32,47.25282488904494,6.68566907093428,0.0,0.0,0.033648687834839104,47.25282488904494,0.05081914111923199,18.685651109359853,8.811717505614613,1.7912156616825439,0.0,0.3974278438603957,0.0,0.08522805793426295,6.008539190171927,0.04518250143270076,33.44659300703275,0.6664153168425171,0.4999999999999999,-0.07156200180325689,-0.05205698776154379,1.235873522240208,0.08272692102208876,0.4946611253196931,0.0026930210106450546,-0.4557708664211703,-0.24897170555043044,0.14381478965965255,Drug Manufacturers—Specialty & Generic,Healthcare,TARO
2019Q2,2019,Q2,2018-10-29,2018-09-30,62560000.0,158973000.0,78722000.0,1.6,108562000.0,0.6828958376579671,2555506000.0,2342409000.0,1865004000.0,203059000.0,207717000.0,153107000.0,0.0,3856681825.38,3031081825.38,59.74637882068386,9.184542423630571,0.0,0.0,0.025702997924752162,59.74637882068386,0.02670754765713417,24.25998015625295,15.411931846946933,1.6464596171633563,0.0,0.32925339795045294,0.0,0.062208032381845316,8.430539892346559,0.02448047470833565,56.65092725080056,0.6828958376579671,-0.06432748538011689,-0.25833553167570167,-0.11569940262316934,1.5799256298442725,0.0847305209728023,-0.07011311443732628,0.2464887974032143,-0.48744202967015277,-0.1809668756331789,0.5895016303068904,Drug Manufacturers—Specialty & Generic,Healthcare,TARO
2019Q1,2019,Q1,2018-08-02,2018-06-30,67277000.0,154618000.0,63155000.0,1.71,100082000.0,0.6472855683038198,2477889000.0,2274672000.0,1833199000.0,192629000.0,197825000.0,141034000.0,0.0,4542014620.42,3900025620.42,57.93834359248846,9.516734240431088,0.0,0.0,0.022963799989714397,57.93834359248846,0.029576571918940402,29.37571706023878,16.87803640330276,1.9967778301311134,0.0,0.38668689819476154,0.0,0.062399082444774566,8.7845807225288,0.027150933718177044,59.51510961410957,0.6472855683038198,-0.2119815668202765,0.30484048791318497,0.1509436158896874,1.7852400862209121,-0.15847270220047255,-0.2203112867523497,-0.15593007404239395,-0.2917490502839433,-0.21640511594241985,0.6280813588256164,Drug Manufacturers—Specialty & Generic,Healthcare,TARO
2018Q4,2018,Q4,2018-05-11,2018-03-31,86287000.0,175216000.0,74822000.0,2.17,118929000.0,0.6787565062551365,2433210000.0,2205158000.0,1896635000.0,215756000.0,222811000.0,144595000.0,2662327000.0,3922934473.08,3346323473.08,55.50368032251343,8.79064776877584,0.0,0.0,0.03019871346119878,55.50368032251343,0.03912962245789191,22.389133829558943,11.36594873236988,1.7789811310935542,0.0,0.3892734880182579,0.0,0.07201022517579658,8.084748512208236,0.035462208358505845,44.727213858256945,0.6787565062551365,3.822222222222222,0.9770478987271587,0.1953234018325654,1.802731305730799,0.15559291072330833,3.8011907411529045,0.21131959397108582,-0.3891504672327238,-0.22637652684121162,0.6840582571018544,Drug Manufacturers—Specialty & Generic,Healthcare,TARO
2018Q3,2018,Q3,2018-01-03,2017-12-31,17972000.0,155461000.0,61769000.0,0.45,102916000.0,0.662005261769833,2421889000.0,2198374000.0,1906923000.0,213573000.0,218415000.0,149186000.0,0.0,4196707586.6899996,3627514586.6899996,54.850555294836575,8.928670758944248,0.0,0.0,0.006586452471802537,54.850555294836575,0.008175133075627714,26.99524373759335,58.378416240401734,1.9090052860386812,0.0,0.3522113335031437,0.0,0.06418997732761493,8.230146132704041,0.007420653878026615,51.74030139796081,0.662005261769833,-0.6538461538461539,-0.7740905160444917,-0.06575718725358816,1.908781741043265,-0.1774616368286445,-0.6569770770904511,-0.3042699615917462,-0.8651969388889144,-0.30103468967272967,0.7842145926315787,Drug Manufacturers—Specialty & Generic,Healthcare,TARO
2018Q2,2018,Q2,2017-10-30,2017-09-30,52393000.0,169915000.0,88783000.0,1.3,125120000.0,0.7363681840920461,2413817000.0,2201042000.0,1927085000.0,201546000.0,206316000.0,150191000.0,0.0,4543209025.79,4039888025.79,54.59476365097909,9.561514492969346,0.0,0.0,0.03568287041779013,54.59476365097909,0.023803725689923227,26.73812803925492,21.67851156542859,2.064117370677161,0.0,0.2982535571372452,0.0,0.07039266025552061,8.816319847578221,0.021705456544551638,76.64112123669427,0.7363681840920461,-0.03703703703703707,-0.11139382367106959,0.16992396360498888,2.2233299080076954,0.07359515372008615,-0.03860762977778593,0.1435802977999897,-0.6117837311541249,-0.28030331667762304,0.9529090488693871,Drug Manufacturers—Specialty & Generic,Healthcare,TARO
2018Q1,2018,Q1,2017-08-09,2017-06-30,54497000.0,161321000.0,77636000.0,1.35,116543000.0,0.7224291939673074,2357647000.0,2139515000.0,1934056000.0,205767000.0,211762000.0,144354000.0,0.0,4537250008.2,4106537008.2,52.841269594292044,9.399252552644496,0.0,0.0,0.030675934778805126,52.841269594292044,0.025471660633367844,28.12560056161318,20.81421916894508,2.1206909080796352,0.0,0.31019576873519267,0.0,0.06842457755550344,8.692448254579208,0.023114995586701485,68.6889714359246,0.7224291939673074,-0.34146341463414626,-0.04702500217916104,0.1151012549743007,2.4578736583447514,-0.18970575965736852,-0.3432988696888632,-0.23694763327567228,0.25061416719028917,0.31042659088249747,1.0942055540647027,Drug Manufacturers—Specialty & Generic,Healthcare,TARO
2017Q4,2017,Q4,2017-05-16,2017-03-31,82986000.0,196414000.0,101744000.0,2.05,143828000.0,0.7322695938171413,2289753000.0,2067494000.0,1999024000.0,209837000.0,215947000.0,141045000.0,2451177000.0,4730901965.3,4130502965.3,50.965154646722944,9.526556327053855,0.0,0.0,0.04071790486688946,50.965154646722944,0.04013844780202506,24.086378594703024,14.252108684898657,2.2882300820703714,0.0,0.3728313658761388,0.0,0.08577955788244408,8.161887560344457,0.036242337055568875,43.95360169927718,0.7322695938171413,-0.4005847953216375,0.9254819263817413,0.48366939865464087,2.661869019572687,-0.14051463470019482,-0.40647126979358883,-0.21146408946825906,-0.022559848673443548,0.1079227221933904,1.1495548312883017,Drug Manufacturers—Specialty & Generic,Healthcare,TARO
2017Q3,2017,Q3,2017-01-04,2016-12-31,139818000.0,220395000.0,129029000.0,3.42,167342000.0,0.7592821978720026,2247179000.0,1995923000.0,1781875000.0,239463000.0,244920000.0,145955000.0,0.0,4311966049.05,3762320049.05,48.72738138935278,7.441128692115274,0.0,0.0,0.05639777159726598,48.72738138935278,0.07005180059551395,19.564718115429116,7.709962324325194,2.160386973370215,0.0,0.3634887465314652,0.0,0.09807629921781932,6.827447246547483,0.062219342562385996,35.73620348787098,0.7592821978720026,0.13999999999999999,1.4328821781492436,0.615751613673653,2.8203323050931233,-0.0561114558068701,0.1306921565297557,-0.08851432971411213,0.31974548414707454,0.12601931019725815,1.3056454743685102,Drug Manufacturers—Specialty & Generic,Healthcare,TARO
2017Q2,2017,Q2,2016-10-03,2016-09-30,123657000.0,228794000.0,141559000.0,3.0,177290000.0,0.7748892016399032,2150779000.0,1913385000.0,1579041000.0,225972000.0,231152000.0,149603000.0,0.0,4564105767.37,4198467767.37,46.32850050533425,6.987772821411502,0.0,0.0,0.0574935978209189,46.32850050533425,0.064627348913052,19.948537843518622,9.227350185129026,2.3853567198289944,0.0,0.34427117103266647,0.0,0.10637727074701771,6.3210309241852976,0.057494052155056374,36.03800932805356,0.7748892016399032,0.15830115830115837,1.2625081375390121,0.7845186106230471,3.133821270094159,-0.03009447948750212,0.12520814944902955,-0.007432389793786242,0.39163857325158435,0.20814260031918547,1.0005243531945502,Drug Manufacturers—Specialty & Generic,Healthcare,TARO
2017Q1,2017,Q1,2016-07-06,2016-06-30,109897000.0,233784000.0,142619000.0,2.59,182791000.0,0.7818798549088047,2168323000.0,1913429000.0,1685126000.0,243378000.0,248895000.0,147945000.0,0.0,6169165766.4,5730433766.4,45.159308883763956,6.923904379196148,0.0,0.0,0.05838592364482857,45.159308883763956,0.05743458471675719,26.388314711015294,14.03397218850378,3.224141458292939,0.0,0.34467538612322146,0.0,0.10781788506601646,6.311675665014915,0.05068294714394488,131.90433539448364,0.7818798549088047,-0.03358208955223892,2.23486364098252,1.2009865069470573,3.4138071746333574,-0.18480214423647254,-0.04395824271422358,-0.21517169271406558,0.9749872013811373,0.6124877493285509,1.1709201466608459,Drug Manufacturers—Specialty & Generic,Healthcare,TARO
2016Q4,2016,Q4,2016-05-02,2016-03-31,114950000.0,265073000.0,181720000.0,2.68,224229000.0,0.8459141444055034,2188033000.0,1931142000.0,1877595000.0,245462000.0,250889000.0,138553000.0,1994821000.0,6135159418.5,5558402418.5,45.09028578227808,7.649228801199371,0.0,0.0,0.07845044793182646,45.09028578227808,0.05952436433985694,23.14516913642657,13.343104433449325,3.176959238885592,0.0,0.2947897194575361,0.0,0.12114671031012786,6.163129119782288,0.05253577071278175,41.02248935850116,0.8459141444055034,-0.3922902494331066,3.6324127483774813,1.5442629921999433,3.7877393165141666,0.04693803227252353,-0.3917925057408015,0.0480238533274123,1.4432477451142247,0.6775051548710928,1.2768932584652128,Drug Manufacturers—Specialty & Generic,Healthcare,TARO
2016Q3,2016,Q3,2016-02-02,2015-12-31,188998000.0,258342000.0,173393000.0,4.41,214176000.0,0.8290405741226746,2070473000.0,1769522000.0,1865170000.0,290418000.0,295013000.0,126875000.0,0.0,6619922525.150001,6096708525.150001,41.31160509220661,6.42236362759884,0.0,0.0,0.09222173490164953,41.31160509220661,0.10680737509903805,25.62464688339488,8.756603939128986,3.741079526081055,0.0,0.3481064039408867,0.0,0.12477438730183876,5.98193293804103,0.09128252336543388,63.6561615957498,0.8290405741226746,0.4180064308681673,11.177519058670319,1.6173326162994526,3.7978193425743463,0.2691384653673625,0.417329093799682,0.3873326772441052,1.2229613665627275,0.45268007211305467,1.1907971932002044,Drug Manufacturers—Specialty & Generic,Healthcare,TARO
2016Q2,2016,Q2,2015-10-27,2015-09-30,133348000.0,212058000.0,124983000.0,3.11,168757000.0,0.7958058644333155,1901491000.0,1610032000.0,1708424000.0,275970000.0,285619000.0,125856000.0,0.0,6120483530.37,5638227530.37,37.58812050362504,6.190614921911802,0.0028603869279423357,0.003378193725342105,0.06300493761835917,37.58812050362504,0.08282319854512209,28.862309039838156,11.474644408558808,3.801467008338965,0.0,0.34405193236714976,0.0,0.11152195829483284,5.730702612602819,0.07012812577077672,108.11282997191408,0.7958058644333155,0.28512396694214875,5.519473724725133,0.8944343752590497,3.990034874446355,-0.017735326302065143,0.28669574279208,-0.06987318786651982,1.1287075936452675,0.37427618361512754,1.2192405443806522,Drug Manufacturers—Specialty & Generic,Healthcare,TARO
2016Q1,2016,Q1,2015-07-01,2015-06-30,103636000.0,215278000.0,134372000.0,2.42,171804000.0,0.7980564665223572,1789017000.0,1524312000.0,1570950000.0,249004000.0,259004000.0,119382000.0,0.0,6154750356.7699995,5721417356.7699995,35.58688469615616,6.308934796228173,0.003166543414623785,0.0037164307569578932,0.06807474061724529,35.58688469615616,0.06798870572428742,28.589778596837576,14.847037604620981,4.03772348231202,0.0,0.3641587509004708,0.0,0.12033312148515078,5.82949671491221,0.05792901912055615,93.45344382347135,0.7980564665223572,-0.3202247191011236,4.016588882277118,1.01355682725996,4.454055542273208,-0.1394094221955068,-0.31949150316497255,-0.12484613230342384,0.7130804074553214,0.4066344311881615,1.328765983826453,Drug Manufacturers—Specialty & Generic,Healthcare,TARO
2015Q4,2015,Q4,2015-05-19,2015-03-31,152292000.0,244180000.0,153541000.0,3.56,199635000.0,0.8175731018101401,1737745000.0,1411720000.0,1513807000.0,310005000.0,320362000.0,120272000.0,1453889000.0,6040813158.99,5565060158.99,32.95828994540329,4.88316962629635,0.0033882992038532698,0.0041707987419601624,0.08723593556198565,32.95828994540329,0.10787691610234323,24.739180764149395,9.916497844584745,4.279044824037345,0.0,0.37036883065052545,0.0,0.14051543811088507,3.8152610441767068,0.08763771439422931,29.077319658194945,0.8175731018101401,0.06906906906906907,15.321477039127512,1.5128050067542644,0.0,0.03173741821451828,0.06885080220659452,-0.036272909866934475,2.3465607953378,0.7468748914488812,1.368067785249555,Drug Manufacturers—Specialty & Generic,Healthcare,TARO
2015Q3,2015,Q3,2014-12-31,2014-12-31,142482000.0,237700000.0,159320000.0,3.33,193494000.0,0.8140260832982751,1599018000.0,1316794000.0,1351573000.0,266521000.0,276587000.0,125077000.0,0.0,6347501255.2699995,6070389255.2699995,30.742129069764104,5.071168875998514,0.0038192190456892918,0.004637779333745445,0.10057985543588942,30.742129069764104,0.10820371295737982,26.70383363596971,11.137373940690754,4.820420851910018,0.0,0.35343028694324297,0.0,0.14865373623061154,4.600868224267506,0.08910593876992004,68.11354496480308,0.8140260832982751,-0.0059701492537313485,0.6177976037884461,1.653726678697237,3.118567002769289,-0.02319664393277769,-0.006297729888063605,-0.005970912857116118,1.3708539784009697,0.666436827586266,1.4102495447913537,Drug Manufacturers—Specialty & Generic,Healthcare,TARO
2015Q2,2015,Q2,2014-11-05,2014-09-30,143385000.0,250834000.0,160277000.0,3.35,198089000.0,0.7897214891123213,1447923000.0,1197431000.0,1214763000.0,234684000.0,244987000.0,125778000.0,0.0,6590331384.14,6348633384.14,27.955609956636774,5.1761645446643145,0.011683632347852751,0.014127745147737113,0.11171895946624359,27.955609956636774,0.11974385162902915,26.273676551583918,11.490622073682744,5.503725378865255,0.0,0.4193499658127812,0.0,0.1732371127470176,4.639016720355883,0.09902805604994189,117.81282082518459,0.7897214891123213,2.1018518518518516,12.50593669574773,1.4483844742247782,3.7969188916437533,1.32043998266309,2.1104386307431993,1.9412401592865138,1.5295761674936155,0.8864072226229446,1.4944363360928379,Drug Manufacturers—Specialty & Generic,Healthcare,TARO
2015Q1,2015,Q1,2014-07-03,2014-06-30,46098000.0,130230000.0,54493000.0,1.08,85367000.0,0.6555094832219919,1346772000.0,1080759000.0,1094712000.0,250495000.0,260827000.0,127441000.0,0.0,6006850555.52,5706835555.52,25.232131340560592,4.370195013872532,0.013259853932217182,0.016523572785422096,0.0448538511927472,25.232131340560592,0.042653357501533644,46.124937076864015,32.57652477070589,5.557992628809939,0.0,0.35202956662298635,0.0,0.0966978820468498,3.86022874708078,0.034228510839251186,201.88379900248708,0.6555094832219919,-0.4857142857142857,2.3789936503735865,0.2315779923303828,3.6881417660846294,-0.39609360630456003,-0.4857429718875502,-0.4633557866540613,0.34227767159644756,0.21284073919463953,1.466152939340002,Drug Manufacturers—Specialty & Generic,Healthcare,TARO
2014Q4,2014,Q4,2014-05-19,2014-03-31,89640000.0,187176000.0,101544000.0,2.1,141358000.0,0.7552143437192802,1284376000.0,1015507000.0,1051271000.0,253304000.0,263783000.0,117639000.0,969632000.0,4754239779.0,4562134779.0,23.70963229450527,4.150234500836939,0.013907142456726067,0.017589243599502515,0.08226845357458942,23.70963229450527,0.08827117882988497,25.399836405308374,13.259258642904955,4.681641563278244,0.0,0.389479679358036,0.0,0.14573302522002904,3.129705808040931,0.06979264639015366,60.04950966250695,0.7552143437192802,-0.18918918918918912,6.386156402915027,1.017318102706078,3.678614653764008,-0.18035277336456726,-0.22466807940146175,-0.24723115928062034,2.6122120672585725,0.7964692524363901,1.517516505985688,Drug Manufacturers—Specialty & Generic,Healthcare,TARO
2014Q3,2014,Q3,2013-12-31,2013-12-31,115615000.0,213598000.0,134894000.0,2.59,172462000.0,0.8074139270966957,1205024000.0,944697000.0,978365000.0,243933000.0,255160000.0,119822000.0,0.0,4420875494.0,4231611494.0,21.13394358805256,4.010793947518376,0.015095964893645272,0.019255909566771146,0.11644168858717342,21.13394358805256,0.12238315565731658,20.69717644359966,9.559476482290362,4.679675593338394,0.0,0.34330924204236285,0.0,0.17725622062299173,3.5192860334600073,0.09594414717051279,44.327552781454294,0.8074139270966957,0.20465116279069767,40.05881261068554,1.586466331825458,4.043321304876856,0.08146308733249305,0.20012248795881082,0.12163971230199976,6.138183335141186,1.073638209732523,1.4544396932851695,Drug Manufacturers—Specialty & Generic,Healthcare,TARO
2014Q2,2014,Q2,2013-10-31,2013-09-30,96336000.0,205316000.0,120265000.0,2.15,159471000.0,0.7767100469520154,1291911000.0,1036943000.0,1096366000.0,227390000.0,249901000.0,112042000.0,0.0,3403016660.0,3081657660.0,23.15817872017118,4.821522494392894,0.022642426606786382,0.02820984374261652,0.08981136846511079,23.15817872017118,0.0929038529600952,16.57453223324047,8.831113654293306,3.2817779376494176,0.0,0.40917691579943233,0.0,0.15892426026251033,4.3284797044724925,0.07456860418403435,36.82001947567164,0.7767100469520154,0.6287878787878787,5.729114983966742,0.9867937805267806,3.4043809560092413,0.4943634915428946,0.6384788080821825,0.6351461590754589,3.5055525277000865,0.7546120740831465,2.0743787636620694,Drug Manufacturers—Specialty & Generic,Healthcare,TARO
2014Q1,2014,Q1,2013-07-02,2013-06-30,58796000.0,153195000.0,73550000.0,1.32,106715000.0,0.6965958419008453,1170375000.0,931311000.0,975574000.0,211463000.0,234300000.0,112537000.0,0.0,2535349620.79,2290502620.79,20.801920767663784,4.613450107110936,0.024531453593933567,0.030828584651099365,0.0594639324456702,20.801920767663784,0.06313250890411473,16.549819646790038,10.78028105989353,2.722344760010351,0.0,0.41301971795942666,0.0,0.13089394424863826,4.045804703423294,0.050236889885720386,41.8976025116917,0.6965958419008453,0.19999999999999996,2.9438054891076795,0.5213229229618559,0.0,-0.10680058589663109,0.19584274004922,0.1647425847625382,1.7229411358089097,0.37088629435635473,2.1881079847671905,Drug Manufacturers—Specialty & Generic,Healthcare,TARO
2013Q4,2013,Q4,2013-04-12,2013-03-31,49167000.0,165133000.0,63147000.0,1.1,119475000.0,0.7235077180212314,1106636000.0,886347000.0,909771000.0,192531000.0,215675000.0,109626000.0,609245000.0,2624565550.48,2415880550.48,19.803425397584128,4.725322155912554,0.025843186015998033,0.032266144072242584,0.052272436843036466,19.803425397584128,0.055471502695896756,15.893646639254419,13.34515808611467,2.961103891004313,0.0,0.4164887891558572,0.0,0.14922070129654194,3.5092115036020175,0.044429243219992844,36.32164229341674,0.7235077180212314,-0.4444444444444444,2.876903597292114,0.7031493566969556,2.907804014376544,-0.146155825221903,-0.44617412167565923,-0.3930215792762051,4.042855375351109,0.626308774441887,0.0,Drug Manufacturers—Specialty & Generic,Healthcare,TARO
2013Q3,2013,Q3,2013-01-25,2012-12-31,88777000.0,185695000.0,104035000.0,1.98,139926000.0,0.7535259430787044,1045308000.0,843391000.0,841672000.0,173842000.0,197202000.0,110732000.0,0.0,2168311535.04,1919646535.04,18.85688242637409,4.841591790246316,0.02710205987134892,0.0335905884696422,0.09858647855709665,18.85688242637409,0.10526197220506266,11.6767362343628,6.1060621980918475,2.5709445975117116,0.0,0.4133312863490229,0.0,0.17764620571161802,4.16148571691536,0.08492903526998741,24.667374292280037,0.7535259430787044,0.35616438356164387,2.6636944634543034,0.7543673443402814,3.566516566700253,0.15327745221670006,0.35848508033664883,0.2623921563868901,-0.034639602417876246,0.9854184224833309,1.5262835101667975,Drug Manufacturers—Specialty & Generic,Healthcare,TARO
2013Q2,2013,Q2,2012-10-23,2012-09-30,65350000.0,160974000.0,82411000.0,1.46,121329000.0,0.7537179917253718,966382000.0,756842000.0,770824000.0,172189000.0,205199000.0,109891000.0,0.0,2044772558.3999999,1673713558.3999999,16.93738004147503,4.4766158116952885,0.03895560968643869,0.0497408970432402,0.08293286406033026,16.93738004147503,0.08634563092428803,12.702502009020089,7.822389282325936,2.701716551671287,0.0,0.3607665777907199,0.0,0.1665738807221161,3.7948707524870926,0.06762336219010702,33.60846400289278,0.7537179917253718,0.03546099290780145,3.5741080788621145,0.5609077022147321,2.2212668794367185,0.06339398401346234,0.03876905469631702,0.04334890551609759,4.900504060137115,0.5061612894635306,1.9062946014030007,Drug Manufacturers—Specialty & Generic,Healthcare,TARO
2013Q1,2013,Q1,2012-07-19,2012-06-30,62911000.0,159152000.0,78987000.0,1.41,114096000.0,0.716899567708857,876185000.0,680678000.0,678716000.0,158111000.0,191298000.0,104049000.0,0.0,1651201892.56,1346150892.56,15.281434434937285,4.2926551599825435,0.04281401758760992,0.05511122733509824,0.08718925462602933,15.281434434937285,0.0924240242816721,10.374999324922086,6.561658106531449,2.4258193926643727,0.0,0.43302674701342636,0.0,0.18164200482774756,3.5900158749233135,0.07180104658262809,94.86939917035335,0.716899567708857,0.3301886792452829,3.2413879429407118,0.5885563386312739,0.0,0.15050922658061913,0.33139338017438413,0.19276071396212738,3.4343422856490293,0.4473058322695627,1.8392976420881955,Drug Manufacturers—Specialty & Generic,Healthcare,TARO
2012Q4,2012,Q4,2012-04-05,2012-03-31,47252000.0,145141000.0,66222000.0,1.06,99170000.0,0.6832666166004092,856424000.0,619008000.0,653661000.0,198899000.0,233466000.0,109638000.0,343039000.0,1694980360.0,1423180360.0,13.917798363162154,3.2863966133565277,0.04542843264551204,0.06285217638544252,0.07315872938519564,13.917798363162154,0.07633503928866832,11.678163716661729,8.967770464742234,2.738220443031431,0.0,0.41929805359455663,0.0,0.16947329827281812,2.655478408639561,0.05517360559722754,22.16124104387846,0.6832666166004092,-0.24285714285714277,2.749464346182366,0.5064222298490502,1.746394990913203,-0.06486624107723787,-0.24275641025641026,-0.11073212655100177,2.749464346182366,0.5064222298490502,1.746394990913203,Drug Manufacturers—Specialty & Generic,Healthcare,TARO
2012Q3,2012,Q3,2012-01-12,2011-12-31,62400000.0,148105000.0,74468000.0,1.4,106049000.0,0.7160392964450897,795845000.0,567264000.0,581431000.0,190383000.0,224782000.0,107378000.0,295787000.0,1312004446.5,1116876446.5,12.754749455797672,3.0540069228870226,0.05615038104153447,0.07877637220059795,0.1133978979891505,12.754749455797672,0.11000169233372821,8.858610084061983,5.256428070913461,2.3128639337239805,0.0,0.3916630967237237,0.0,0.18609779542498853,2.4051096999206862,0.07840722753802562,22.26755679735234,0.7160392964450897,0.06060606060606049,1.5896981762920113,0.4071351872033137,2.088780710248653,0.13657213898355947,0.05879358615423772,0.20233789718419012,22.187911203456927,0.8025116052267046,2.043743322242793,Drug Manufacturers—Specialty & Generic,Healthcare,TARO
2012Q2,2012,Q2,2011-09-30,2011-09-30,58935000.0,138251000.0,61936000.0,1.32,93306000.0,0.6749028940116165,713916000.0,499109000.0,488231000.0,173006000.0,210956000.0,92883000.0,0.0,904055035.365267,754442035.365267,11.207185187345797,2.8220466342207784,0.07919419091321668,0.11327786114856675,0.08483703102502717,11.207185187345797,0.11808041930720543,6.539229628467549,3.8349666385223844,1.8113378748234692,0.0,0.4838883326335282,0.0,0.1936516340858028,2.2826202559448805,0.08255172877481384,14.88720067458078,0.6749028940116165,0.65,3.138988859381224,0.34508555417393943,1.1314591965999743,0.3913808529674918,0.651349155201883,0.8130616785222915,3.138988859381224,0.34508555417393943,1.1314591965999743,Drug Manufacturers—Specialty & Generic,Healthcare,TARO
2012Q1,2012,Q1,2011-06-30,2011-06-30,35689000.0,111584000.0,34161000.0,0.8,67060000.0,0.6009822196730714,636816000.0,455411000.0,395511000.0,132362000.0,177269000.0,90910000.0,0.0,919156878.8499999,830243878.8499999,10.231373301330322,2.9881008144331456,0.09489711313786085,0.13269771700727476,0.07603308431978684,10.231373301330322,0.07836657436908638,8.237353732165902,6.438656720908402,2.018301883024345,0.0,0.4897591024089759,0.0,0.17522172809728398,2.297721400401928,0.05604287580714053,28.727243369483684,0.6009822196730714,0.37931034482758635,1.4078187615223905,0.11455230111853779,0.0,0.0625891300903185,0.3909501909735755,0.0230294681360805,1.4078187615223905,0.11455230111853779,0.0,Drug Manufacturers—Specialty & Generic,Healthcare,TARO
2011Q4,2011,Q4,2011-03-31,2011-03-31,25658000.0,107727000.0,33392000.0,0.58,63110000.0,0.5858327067494685,597581000.0,417066000.0,344725000.0,134444000.0,177019000.0,86024000.0,0.0,631054923.0,574070923.0,9.417865677596497,2.5640787242271874,0.10541332472083283,0.15103844475454725,0.05591052968525745,9.417865677596497,0.061520239002939583,5.85790863014843,6.148715049886975,1.513081677720073,0.0,0.518657583930066,0.0,0.18027179579002678,1.9207923001398353,0.04293643874219562,26.886580162754036,0.5858327067494685,0.5675675675675674,1.0447737467752347,0.12293494585012815,0.8584246191196991,-0.01264119653305798,0.5990277950891187,0.3085152239507818,1.0447737467752347,0.12293494585012815,0.8584246191196991,Drug Manufacturers—Specialty & Generic,Healthcare,TARO
2011Q3,2011,Q3,2010-12-31,2010-12-31,16046000.0,102048000.0,25519000.0,0.37,63918000.0,0.6263523047977423,556442000.0,381312000.0,295637000.0,129786000.0,171929000.0,83709000.0,113107000.0,641683216.44,615959216.44,8.610496173880573,2.2778805109950224,0.1067856128760949,0.15583039610607585,0.043750202709896456,8.610496173880573,0.04208102551191675,6.28805284219191,9.997557279695874,1.6828298517749245,0.0,0.4555065763537971,0.0,0.18339377688959496,1.6295594285978456,0.02883678802103364,21.79852622346027,0.6263523047977423,-0.19565217391304351,2.5401409801326316,-0.06872721116424711,0.06430574784144838,0.03967208315034402,-0.14920466595970308,0.059319219593192196,-0.3312060353253959,-0.026285591514805366,1.0851789037269537,Drug Manufacturers—Specialty & Generic,Healthcare,TARO
2011Q2,2011,Q2,2010-10-29,2010-09-30,18860000.0,103215000.0,24090000.0,0.46,61479000.0,0.5956401685801482,545207000.0,297508000.0,314559000.0,195107000.0,247699000.0,75588000.0,0.0,435244421.28,477569421.28,7.53263683508734,1.6122384127683784,0.24174671271645448,0.44302001962972426,0.05426328266650366,7.53263683508734,0.06339325329066782,4.216871784914983,5.769411734888653,1.4629671177917905,0.0,0.5521511351008096,0.0,0.18931341673896337,1.0069910356881095,0.03459236583536161,45.45633642610966,0.5956401685801482,0.0,5.526941575622264,0.05474331637856883,-0.4258939844651627,0.08556848480567866,-0.0036978341257263604,0.2119535141117875,0.4935160432813107,0.13232651813647076,0.4326084372125084,Drug Manufacturers—Specialty & Generic,Healthcare,TARO
2011Q1,2011,Q1,2010-06-30,2010-06-30,18930000.0,97968000.0,19877000.0,0.46,56633000.0,0.5780765147803364,520254000.0,256096000.0,294330000.0,214972000.0,264158000.0,75273000.0,0.0,510241446.0,567299446.0,6.524848238220146,1.3691550527510559,0.2755711633163801,0.5598174122204174,0.04321238573547442,6.524848238220146,0.07391759340247407,5.20824601910828,6.738529397781299,1.9923835046232663,0.0,0.5491344838122567,0.0,0.1883080187754443,0.8722624341774743,0.036386072956671164,90.30822053097346,0.5780765147803364,1.1904761904761905,1.1716456965062576,-0.07123525412831606,-0.4949920921989985,0.06551146732893078,1.2140350877192982,0.09769162800971946,0.4483623745087258,0.10973676607959139,0.0,Drug Manufacturers—Specialty & Generic,Healthcare,TARO
2010Q4,2010,Q4,2010-03-31,2010-03-31,8550000.0,89043000.0,18108000.0,0.21,53151000.0,0.5969138506115023,,,,,,,,522016248.6,,,0.0,0.0,0.0,0.0,,0.0,5.862518655031839,15.263633,0.0,0.0,0.0,0.0,0.0,0.0,0.0,34.6417312761298,0.5969138506115023,-0.19230769230769237,0.26494502092335576,-0.1568248907627715,0.0,0.11753327305985997,-0.8940546702683948,0.5622465706151324,-0.23120864892497842,0.04724845826490639,0.0,Drug Manufacturers—Specialty & Generic,Healthcare,TARO
2010Q3,2010,Q3,2010-03-25,2009-12-31,80702000.0,82077000.0,11591000.0,0.26,47561000.0,0.5794680604797934,575889000.0,292968000.0,289504000.0,230409000.0,280193000.0,67977000.0,49029000.0,348534156.96000004,418974156.96000004,7.464277999870673,1.2564786965786927,0.2843377803708701,0.5589245241801153,0.12268950359039331,7.464277999870673,0.2754635318533082,4.246429047845316,1.079694917598077,1.1896663013025315,0.0,0.5077599776394958,0.0,0.14252225689325548,0.9614511585918952,0.14013464400257689,22.18973431973006,0.5794680604797934,0.08333333333333341,11.54082258453394,-0.21405207333440235,-0.4081042885210343,-0.06514004914004914,7.297552950853382,-0.31071598477640344,2.7951571999747697,-0.11637399730282257,0.8076025704647651,Drug Manufacturers—Specialty & Generic,Healthcare,TARO
2010Q2,2010,Q2,2009-09-30,2009-09-30,9726000.0,93856000.0,16816000.0,0.24,50875000.0,0.5420537845209683,524721000.0,228688000.0,280956000.0,225503000.0,296033000.0,66922000.0,0.0,361014467.59999996,454671467.59999996,5.827826275181665,1.245908036700177,0.33419855504163165,0.7668133002168894,0.03953351087298864,5.827826275181665,0.042529559924438534,3.846471910160245,9.279623370347522,1.578633192821661,0.0,0.6422551627267565,0.0,0.17886838910582958,0.8191509647321765,0.018535564614337904,11.541383235294116,0.5420537845209683,-0.22580645161290325,0.7882685789830834,-0.05123102276569874,-0.5259016656015328,-0.1211932770206077,-0.22135937875270195,-0.1849949110647991,-0.22479367317716548,0.03634830687402761,0.10837589481866926,Drug Manufacturers—Specialty & Generic,Healthcare,TARO
2010Q1,2010,Q1,2009-06-30,2009-06-30,12491000.0,96817000.0,20633000.0,0.31,57891000.0,0.5979425100963673,477941000.0,211072000.0,244357000.0,193059000.0,266869000.0,65522000.0,0.0,343151165.0,440247165.0,5.382117819707824,1.2657115182405378,0.35560456206937674,0.8052133869011522,0.05153878713693341,5.382117819707824,0.05917885839902971,3.5443275974260717,6.867968237130734,1.625754079176774,,0.5940905344769696,,0.20257102864161058,0.8939495180229878,0.026135025034470783,0.0,0.5979425100963673,0.14814814814814806,2.0433673735757805,0.4592085320330969,-0.5534989210822778,0.24384426969189119,0.1249099423631124,0.4715783467655659,-0.04351363297614192,0.09759547927766735,0.0,Drug Manufacturers—Specialty & Generic,Healthcare,TARO
2009Q4,2009,Q4,2009-03-31,2009-03-31,11104000.0,84893000.0,14021000.0,0.27,46542000.0,0.5482430824685192,467120000.0,198592000.0,232620000.0,185178000.0,268528000.0,66647000.0,0.0,352692900.0,455608900.0,5.067660846022134,1.2561967404335288,0.39319874978592223,0.9248660570415727,0.028148655890921057,5.067660846022134,0.0559136319690622,4.154558090773091,7.940672280259366,1.7759673098614244,,0.5754347532522094,,0.1817370268881658,0.8625376664614587,0.02377119369755095,0.0,0.5482430824685192,5.214798626287855,-0.2612313380567769,-0.2530536385843279,-0.5883891408370999,0.16775391409072662,5.278998073217727,13.066265060240964,0.0,0.0,0.0,Drug Manufacturers—Specialty & Generic,Healthcare,TARO
2009Q3,2009,Q3,2009-02-10,2008-12-31,-2595000.0,72399000.0,-1162000.0,-0.06406,39856000.0,0.5505048412270888,473098000.0,164217000.0,226630000.0,239403000.0,308881000.0,66099000.0,-64994000.0,301748370.0,420943370.0,4.190481294066311,0.9466464497103211,0.39742928526436383,1.144966720863248,0.0014563817765687152,4.190481294066311,-0.015802261641608358,4.167852732772552,-29.070170520231212,1.8374977621074553,0.0,0.49233725169821024,0.0,0.1530317185868467,0.6705471527090304,-0.005485121475888716,9.135584922797458,0.5505048412270888,-1.2066451612903226,-1.1155607047012293,-0.39565384611830307,-0.6503101380294596,-0.1929369836384254,-1.2071194827999043,-1.073730964467005,0.7185319280509024,-0.25337406682922087,-0.482032947064555,Drug Manufacturers—Specialty & Generic,Healthcare,TARO
2009Q2,2009,Q2,2008-09-30,2008-09-30,12529000.0,90439000.0,15760000.0,0.31,49384000.0,0.5460476122027001,507198000.0,206042000.0,244558000.0,206312000.0,301156000.0,70999000.0,0.0,386770537.85999995,532410537.85999995,5.257987206709417,1.1853794253363836,0.4177717577750701,1.0283971229166868,0.047364283871774014,5.257987206709417,0.06080799060385746,4.276590164199073,7.717506142948359,1.8771441641024644,0.0,0.5782475809518444,0.0,0.17831103434950454,0.8412452983830315,0.024702384473124894,23.587884238580227,0.5460476122027001,-0.03125000000000003,-0.4127597891804559,-0.19745375701444232,-0.525587706960191,-0.023259493670886075,-0.03984979691930416,-0.10945357970277449,3.3701851111571117,-0.06851663412915975,-0.5992582476675192,Drug Manufacturers—Specialty & Generic,Healthcare,TARO
2009Q1,2009,Q1,2008-06-30,2008-06-30,13049000.0,88139000.0,17697000.0,0.32,50560000.0,0.5736393650937723,,,,,,,,368352893.2,,,0.0,0.0,0.0,0.0,,0.0,4.1792270527235384,7.057109609931795,0.0,,0.0,,0.0,0.0,0.0,0.0,0.5736393650937723,0.0,-0.3514091475482099,-0.1315942891446632,0.0,0.0,0.0,0.0,0.4993800824485409,-0.1630765292630919,0.0,Drug Manufacturers—Specialty & Generic,Healthcare,TARO
2008Q3,2008,Q3,2007-12-31,2007-12-31,20100000.0,87800000.0,26300000.0,0.54178,60600000.0,0.6902050113895216,483400000.0,153200000.0,208400000.0,232900000.0,330100000.0,67000000.0,0.0,285670000.0,425870000.0,4.129380053908355,0.8948046371833405,0.3835333057509309,1.2101827676240209,0.0706435602547621,4.129380053908355,0.13120104438642297,3.2536446469248292,3.5531094527363183,1.8646866840731073,0.0,0.4059701492537313,0.0,0.18163011998345055,0.6075568913696866,0.041580471659081505,-57.134,0.6902050113895216,0.0,0.2068351150896475,0.09939410917085738,-0.5582589178046348,0.0,0.0,0.0,2.3044277018662926,-0.11054232869271331,-0.6725520746926249,Drug Manufacturers—Specialty & Generic,Healthcare,TARO
