Quarters,Year,Quarter,FillingDate,Date,NetIncome,Revenue,OperatingIncome,EPSDiluted,GrossProfit,GrossProfitRatio,TotalAssets,CommonStockEquity,CurrentAssets,CurrentLiability,TotalLiability,Inventory,RetainedEarnings,MarketCap,EnterpriseValue,bookValuePerShare,currentRatio,debtToAssets,debtToEquity,roic,shareholdersEquityPerShare,roe,priceToSalesRatio,peRatio,pbRatio,payoutRatio,inventoryTurnover,dividendYield,assetTurnover,quickRatio,returnOnAssets,priceToFreeCashFlowsRatio,grossProfitMargin,epsdilutedGrowth,fiveYNetIncomeGrowthPerShare,fiveYRevenueGrowthPerShare,fiveYShareholdersEquityGrowthPerShare,grossProfitGrowth,netIncomeGrowth,operatingIncomeGrowth,threeYNetIncomeGrowthPerShare,threeYRevenueGrowthPerShare,threeYShareholdersEquityGrowthPerShare,Industry,Sector,Symbol
2023Q1,2023,Q1,2023-03-13,2023-03-31,2816569000.0,17275858000.0,5347775000.0,3.23,5749498000.0,0.3328053518,109842826000.0,33848687000.0,52800816000.0,33036978000.0,75990317000.0,414340000.0,30538798000.0,72012905835.18146,103182672835.18146,38.757089045315055,1.5982338336151691,0.5324554468400149,1.7278782778191661,0.04424317089954704,38.757089045315055,0.08321058361879738,4.168412696792337,6.391899668992794,2.1274948075587528,0.0,27.818603079596468,0.0,0.15727798190479914,1.465065146091752,0.025641811145681922,-63.90995444141746,0.3328053518383863,-0.5305232558139534,4.608695649292814,2.618058853496219,1.3762439877355046,0.027998692629088575,-0.5302784922517445,0.01890949233766115,2.2249999988263647,1.592795311897348,0.8114129421358797,Telecom Services,Communication Services,TKC
2022Q4,2022,Q4,2022-12-31,2022-12-31,5996253000.0,16043928000.0,5248528000.0,6.88,5592904000.0,0.3485994203,101264805000.0,30891061000.0,46806650000.0,29258764000.0,70369754000.0,277670000.0,27727913000.0,77988214557.71165,105719297557.71165,35.457585417282004,1.5997480276337033,0.5318170513437517,1.7433635575029294,0.18783227793854002,35.457585417282004,0.19410964874272205,4.860917760146497,3.251539526338851,2.5246207813228447,0.0,37.63829005654194,0.0,0.15843538137460492,1.5043835071091862,0.059213593508623256,32.598726182702364,0.34859942029158947,1.5018181818181817,26.76649050946237,2.437319100744766,1.0602075027655173,0.16266389934188727,1.5027852537239672,0.24470242438802162,6.949287170497468,1.4045891304631644,0.7147166332764885,Telecom Services,Communication Services,TKC
2022Q3,2022,Q3,2022-09-30,2022-09-30,2395832000.0,14662487000.0,4216693000.0,2.75,4810422000.0,0.3280768126,90655393000.0,25531773000.0,43828810000.0,23447037000.0,65123651000.0,328952000.0,21755216000.0,42866528732.75765,70443976732.75766,29.306051417338967,1.8692685988425743,0.5727367593012365,2.033610278455789,0.043287437338708365,29.306051417338967,0.09383727483398822,2.923551013737141,4.473031574496631,1.6789483727885899,0.5209534725306282,29.949855906028844,0.02911635340899942,0.16173871751898974,1.7154127832868604,0.02642790374313418,9.4521454343141,0.32807681261712285,0.2910798122065728,3.0740740747570623,2.257263216869329,0.7658821901680761,0.3476288994815866,0.2893197446580426,0.4674639180137089,1.9729729731935028,1.213260786189965,0.460906189490863,Telecom Services,Communication Services,TKC
2022Q2,2022,Q2,2022-06-30,2022-06-30,1858214000.0,12477056000.0,2873456000.0,2.13,3569545000.0,0.2860887216,84545150000.0,23834029000.0,38526213000.0,22174774000.0,60711088000.0,378920000.0,19451535000.0,36631737726.477,62894059726.477,27.255908968723187,1.7373892063116405,0.5705192432682419,2.0237717676688236,0.039802185320539335,27.255908968723187,0.0779647452807916,2.9359279726304823,4.928352940844945,1.5369511267472653,0.0,23.507629578802913,0.0,0.14757861332081143,1.5746030151197934,0.02197895444031976,9.658281715912075,0.2860887215702166,1.290322580645161,1.656250000178683,1.9095095490453786,0.6938051378557607,0.14519562883745582,1.314349055311305,0.28753893257422564,3.047619049414087,1.0419800714440715,0.39797324558920727,Telecom Services,Communication Services,TKC
2022Q1,2022,Q1,2022-03-31,2022-03-31,802910000.0,10695016000.0,2231743000.0,0.93,3116974000.0,0.2914417332,75324584000.0,23379417000.0,32226998000.0,18759897000.0,51944855000.0,469230000.0,19036912000.0,49582137442.135376,71633538442.13538,26.93501347983575,1.7178664680301816,0.5423912862233663,1.747494302360063,0.028093154981622712,26.93501347983575,0.03434260144297011,4.636004045448401,15.43826127527848,2.120760215797313,0.0,16.14995204910172,0.0,0.14198572938683604,1.5088207573847554,0.010659335337318292,143.30263194411316,0.29144173323349865,-0.41875,0.7619398716139226,1.6557013497248998,0.4255526595620037,0.006725447176187466,-0.4201568279673172,0.00030658086585787285,0.7147007415891584,0.8988252347971324,0.3897125327791641,Telecom Services,Communication Services,TKC
2021Q4,2021,Q4,2021-12-31,2021-12-31,1384702000.0,10191515000.0,2231059000.0,1.6,3096151000.0,0.303796933,70682643000.0,22562025000.0,29511606000.0,17091346000.0,48120371000.0,260535000.0,18234018000.0,41414483394.163025,59563951394.163025,25.993310590567386,1.7266987632220423,0.5203276425302885,1.6300900739184536,0.1289104926753812,25.993310590567386,0.06137312586082145,4.0636238473046475,7.4771473201748515,1.8355836142439796,0.6224653391126755,27.23382271096014,0.020812260092600374,0.14418695407301055,1.5575489490412282,0.019590410618912483,6.749629290409462,0.303796933036943,-0.018404907975460003,2.9738865551181255,1.5363111156687974,0.4179816762461062,0.058308375199875855,-0.031076597108418223,-0.11342143516226223,0.6151219687507783,0.8252034897577177,0.42785574695533,Telecom Services,Communication Services,TKC
2021Q3,2021,Q3,2021-09-30,2021-09-30,1429114000.0,9354233000.0,2516482000.0,1.63,2925566000.0,0.3127531675,,,,,,,,33891240623.783844,,,0.0,0.0,0.0,0.0,,0.0,3.6230913452534104,5.9287153830596875,0.0,0.603121234555116,0.0,0.025432205612299846,0.0,0.0,0.0,15.256181306385415,0.31275316746974335,0.28346456692913374,8.285714286723474,1.7018961303821418,0.0,0.2132874267191756,0.28456567795657994,0.47534113660414085,4.909090913089694,0.6097483760736655,0.0,Telecom Services,Communication Services,TKC
2021Q2,2021,Q2,2021-06-30,2021-06-30,1112527000.0,8548282000.0,1705695000.0,1.27,2411272000.0,0.2820767962,55860843000.0,20253278000.0,22511112000.0,13989876000.0,35607355000.0,406407000.0,15634684000.0,35321053858.05299,46955785858.05299,23.211058655044873,1.6091001807306942,0.43102482359602057,1.1888154598974052,0.0407574843503288,23.211058655044873,0.05493071294434412,4.131947665981655,7.937122842423823,1.7439672658447187,0.0,15.100650333286582,0.0,0.15302815963590094,1.4319901763246508,0.019916043873523356,24.181190482844666,0.2820767962498196,0.0,1.6842105255893969,1.5554984857106047,0.32821367296968534,0.06807868074605584,0.006912911613745815,0.04108695240844762,1.6842105265570613,0.6767466695205551,0.3609225321390552,Telecom Services,Communication Services,TKC
2021Q1,2021,Q1,2021-03-31,2021-03-31,1104889000.0,7826512000.0,1638379000.0,1.27,2257579000.0,0.2884527616,55987228000.0,21734068000.0,23831523000.0,12136394000.0,34252965000.0,380414000.0,17585666000.0,32808273442.130753,44237083442.13075,25.08029014225315,1.963641177107467,0.4446688091076772,1.1454723524376569,0.025559142890779915,25.08029014225315,0.05083673245155946,4.1919406042092255,7.423432001343744,1.509532106098626,0.0,14.639137886618263,0.0,0.13979102519596076,1.7009867181306078,0.0197346616267553,129.91214705724494,0.28845276158779287,-0.15333333333333332,0.9615384611833963,1.4241309872950665,0.4635268878647599,-0.018190350029529366,-0.15142091754054773,0.31966105927032695,1.2173913036143575,0.6519103257332493,0.537702911369582,Telecom Services,Communication Services,TKC
2020Q4,2020,Q4,2020-12-31,2020-12-31,1302046000.0,7872167000.0,1241515000.0,1.5,2299406000.0,0.2920931428,51498393000.0,20784767000.0,20583372000.0,11565262000.0,30713455000.0,203715000.0,16392070000.0,34441690645.119354,44167557645.119354,23.984832793342168,1.779758383337965,0.4191669048779833,1.0385693522568715,0.04254088316661602,23.984832793342168,0.06264424325757416,4.375121951188199,6.6129942116329525,1.657064072217858,0.0,27.355673367204183,0.0,0.15286238155043014,1.6599840972041966,0.025283235537077828,-479.73605567561395,0.29209314284110083,0.08695652173913052,2.0338941231914567,3.0233491151959853,0.44649349732930627,-0.044191778008986084,0.0754986602172067,-0.33470891254220647,5.061534376023947,0.695581415346398,0.39360116860455285,Telecom Services,Communication Services,TKC
2020Q3,2020,Q3,2020-09-30,2020-09-30,1210644000.0,7649471000.0,1866123000.0,1.38,2405719000.0,0.3144948193,51528102000.0,20288804000.0,22693508000.0,11832068000.0,31239127000.0,284297000.0,16022893000.0,32629052670.09002,41945894670.09002,23.043194769460225,1.9179663267655325,0.44326819955448776,1.1257819337206865,0.031918696392505524,23.043194769460225,0.05967054539045279,4.26553060598439,6.737953657328252,1.6082294781934912,0.0,18.444626570100986,0.0,0.14845241146277813,1.7354803065702462,0.02349483006379703,12.58112717143142,0.31449481931495654,0.40816326530612235,0.7901173891126481,1.1277089406622878,0.4780217456601662,0.21881191981246545,0.42148756449063846,0.4119410867446689,1.0370370356869862,0.6814599546180111,0.38850391915605376,Telecom Services,Communication Services,TKC
2020Q2,2020,Q2,2020-06-30,2020-06-30,851674000.0,6923903000.0,1321672000.0,0.98,1973823000.0,0.285073751,47041969000.0,19532025000.0,20031169000.0,10657707000.0,27503819000.0,270792000.0,14809504000.0,34437558215.57501,43284428215.57501,22.36034488807332,1.8795008157007882,0.42038986505858206,1.0124893348231943,0.025404031326340115,22.36034488807332,0.043603978594129386,4.973720489090476,10.108785232252895,1.763133019519226,0.0,18.28000827203167,0.0,0.14718565458006233,1.678450533496558,0.018104556805434737,21.966889274036607,0.28507375103319615,-0.020000000000000018,0.1806231397789575,1.213883647198566,0.38499899441087077,-0.055013307122841575,-0.02411764571077617,-0.01585081897511391,0.21874999982112425,0.6163174339432609,0.3895727014317076,Telecom Services,Communication Services,TKC
2020Q1,2020,Q1,2020-03-31,2020-03-31,872722000.0,6658197000.0,1342959000.0,1.0,2088731000.0,0.3137082006,45328696000.0,18672807000.0,19035751000.0,10449136000.0,26651103000.0,255838000.0,13957830000.0,27203532807.966003,37491264807.966,21.39605395532598,1.821753588047854,0.4301887925476612,1.0442938225624032,0.026465158614690246,21.39605395532598,0.0467375901223635,4.085720624962884,7.792725750000001,1.456852888157951,0.0,17.860779086765845,0.0,0.14688701832499218,1.563521806970452,0.019253190076326043,22.267022899285912,0.31370820058343124,0.14942528735632185,5.84941590240556,1.1264656577685717,0.39953654569954694,0.007808263065559881,0.1549731942336171,0.10010886741030726,0.9047619043465365,0.6443527629088834,0.1323997161902692,Telecom Services,Communication Services,TKC
2019Q4,2019,Q4,2019-12-31,2019-12-31,755621000.0,6683779000.0,1220751000.0,0.87,2072548000.0,0.3100862551,45714975000.0,18046489000.0,19332144000.0,12655525000.0,27632031000.0,178399000.0,13202526000.0,30103564450.472,40170576450.472,20.678393577794534,1.5275655494339428,0.44418108070714246,1.1251898915074283,0.023362226094692063,20.678393577794534,0.041870803789036196,4.503973642825713,9.959875536304576,1.6681119773753221,1.3366489284972227,25.847852286167523,0.033550844175336984,0.14620546112078153,1.4112814758771366,0.01652896014927275,35.10668889882074,0.31008625509610654,-0.06451612903225812,3.570063810646396,0.9786907771760959,0.061083200927480534,-0.10173654467180662,-0.05694844686621296,-0.21148775651252769,1.1567694366987584,0.6543462618344612,0.12804342814871025,Telecom Services,Communication Services,TKC
2019Q3,2019,Q3,2019-09-30,2019-09-30,801251000.0,6586857000.0,1548170000.0,0.93,2307283000.0,0.3502858799,45514997000.0,17376481000.0,19870389000.0,13059086000.0,28084231000.0,162133000.0,12505277000.0,28602230950.664413,38302020950.66441,20.06018704565305,1.5215757825624243,0.4542496619301106,1.189836538249603,0.030386774369575893,20.06018704565305,0.04611123506537371,4.342318491302364,8.924241888828973,1.64603126206419,0.0,26.395453115651964,0.0,0.14471838809524692,1.3351331785394476,0.017604109695975593,19.76696903439282,0.35028587989689164,0.7547169811320755,0.014086814784700356,0.9992292802365604,0.06516020377704056,0.210052958890517,0.7225129201743901,0.16698400925042325,4.285714286715901,0.9316362975405243,0.2103615810435892,Telecom Services,Communication Services,TKC
2019Q2,2019,Q2,2019-06-30,2019-06-30,465164000.0,6191140000.0,1326642000.0,0.53,1906762000.0,0.3079823748,45611894000.0,17274624000.0,20303603000.0,11739630000.0,28281344000.0,182136000.0,12989459000.0,29349475631.628277,40724762631.62828,19.496731468015735,1.7294925819638267,0.48369004365396445,1.2771345413943598,0.024199839102316517,19.496731468015735,0.02692759043554291,4.740560806511931,15.773724767839019,1.698993600765393,0.0,23.52296086440901,0.0,0.13573520976787326,1.4737484912216143,0.010198304854431172,21.53516210479577,0.3079823748130393,-0.018518518518518535,-0.06530009599090364,1.0987605742870954,0.08232338010627571,0.07905778065512133,-0.014104985174399506,0.06255125970730707,0.10526315708047429,0.8227243431327735,0.11566756600343275,Telecom Services,Communication Services,TKC
2019Q1,2019,Q1,2019-03-31,2019-03-31,471819000.0,5675359000.0,1248544000.0,0.54,1767062000.0,0.3113568675,46078585000.0,16951401000.0,21040263000.0,11615257000.0,28976304000.0,235735000.0,12727673000.0,26218111158.132,40196730158.132,19.381715890530813,1.8114332726344324,0.4962580773693463,1.3489663774693312,0.022622977602483812,19.381715890530813,0.027833628618661076,4.619639243637627,13.892038662141626,1.546663379512525,0.0,16.579196979659365,0.0,0.12316695488804615,1.5110846019162556,0.010239442031477312,-39.909020298642055,0.3113568674686482,-0.45454545454545453,1.9681403790268117,1.0421726630624062,0.12054260490921698,0.020346154867752302,-0.4538303840049822,-0.03839358469000935,-0.17005618140086676,0.7417116500088798,0.13099418618604639,Telecom Services,Communication Services,TKC
2018Q4,2018,Q4,2018-12-31,2018-12-31,863869000.0,5626319000.0,1298394000.0,0.99,1731826000.0,0.3078080002,42765275000.0,15921744000.0,18337109000.0,11740048000.0,26711721000.0,180434000.0,11359317000.0,25924648211.460938,38660954211.46094,18.204437420232324,1.561927941010122,0.47130633440332137,1.2659131436857671,0.033263623481329614,18.204437420232324,0.054257184388845844,4.607745883491664,7.50248249776903,1.6282543050221718,0.7214068336750132,21.584030725916403,0.024038937574647253,0.1315627924759048,1.239589054491089,0.020200244240215923,-27.458886008288022,0.30780800022181465,2.535714285714285,0.40084794810577823,0.6700128614279913,0.07957974804561584,-0.1569546063040039,2.579157361794159,-0.5949562713593392,0.9944220788569108,1.8491339191143672,0.09788550863752053,Telecom Services,Communication Services,TKC
2018Q3,2018,Q3,2018-09-30,2018-09-30,241361000.0,5799240000.0,3205565000.0,0.28,2054250000.0,0.3542274505,45404096000.0,14802682000.0,21077808000.0,13472543000.0,30513204000.0,154950000.0,10652643000.0,25610925868.994686,39916832868.99469,16.86576351735957,1.5645010745187453,0.5077757301896287,1.5574946486048946,0.054151408609111336,16.86576351735957,0.016305220905238657,4.4162555557270755,26.527614101899943,1.7301544320816111,2.797821520461052,24.169022265246856,0.026367067065604186,0.12772504048973907,1.1579681727495692,0.005315841989233747,19.656998067370704,0.35422745049351295,-0.4166666666666666,-0.666179173022286,0.8934718899221694,0.013387197093203173,0.19881300442934927,-0.4184842972618087,0.7422192776689573,-0.6419765221779408,0.6181964772412507,0.08179293215266535,Telecom Services,Communication Services,TKC
2018Q2,2018,Q2,2018-06-30,2018-06-30,415055000.0,5105321000.0,1839932000.0,0.48,1713570000.0,0.3356439291,41026158000.0,14902996000.0,17690806000.0,12451012000.0,26073872000.0,267569000.0,10546900000.0,26382548155.8,37750321155.8,17.05538567177844,1.420832780500091,0.44967959222503845,1.237913906707081,0.03992767630933182,17.05538567177844,0.02785044027388855,5.167657069124546,15.890995263157896,1.7702848578768995,1.4029779185891027,12.676173248769476,0.02207190134027986,0.12444063126749524,1.079546626410769,0.010116838140193386,32.057610827815736,0.3356439291476481,-0.15789473684210523,-0.2850032978931242,0.7177146120975285,0.07167807192038977,0.04052255355117328,-0.1711829545908383,0.2486881503258925,-0.4248246241258331,0.6318626574215004,0.05641000275009953,Telecom Services,Communication Services,TKC
2018Q1,2018,Q1,2018-03-31,2018-03-31,500780000.0,4761595000.0,1473492000.0,0.57,1646836000.0,0.3458580581,37073119000.0,14204935000.0,14532098000.0,11704144000.0,22825501000.0,116018000.0,10259896000.0,32605375678.069855,43146172678.069855,16.310231291631588,1.2416198912111813,0.4081245767317285,1.065154539601906,0.036379667064500576,16.310231291631588,0.03525394519580695,6.847574327104648,16.277295258431774,2.2953554999068886,0.03834218618954431,26.847204744091435,0.0005888906231163119,0.12843793909004528,0.9017759863515008,0.013507900427800531,-41.68094239399619,0.34585805806667724,1.2799999999999998,-0.11725123966827795,0.7656887721591293,0.06727432660896611,-0.00179174101947397,1.3197039109509405,10.345026178010471,3.7884141443008073,0.5238807359491243,0.06686797524029504,Telecom Services,Communication Services,TKC
2017Q4,2017,Q4,2017-12-31,2017-12-31,215881000.0,4666017000.0,129880000.0,0.25,1649792000.0,0.35357608,33982469000.0,14989161000.0,14069106000.0,9223843000.0,18937381000.0,104102000.0,11312276000.0,34199044624.72857,42022860624.72857,17.210686481670198,1.5252976443766444,0.3689004763014718,0.8363476114507009,0.003629922857330274,17.210686481670198,0.01440247389430269,7.329387060683356,39.60404647088971,2.2815849816229585,4.897573200050028,28.973746902076808,0.03091586363308801,0.13730659181944666,1.1755298740449074,0.00635271674933331,720.601880038108,0.3535760799842778,-0.6323529411764706,-0.5197919462052534,0.698958833539156,0.16771791373954417,-0.008568847949972687,-0.640559570964514,-0.8620474294278282,0.3083666301272721,0.3842003596100363,-0.11685739835513506,Telecom Services,Communication Services,TKC
2017Q3,2017,Q3,2017-09-30,2017-09-30,600603000.0,4597427000.0,941483000.0,0.68,1664051000.0,0.3619526748,32321873000.0,14766559000.0,13534313000.0,8358660000.0,17505119000.0,97107000.0,11099830000.0,28040943247.3488,35001468247.3488,16.595700200447475,1.6191964980032685,0.36715022672108144,0.8036390197607987,0.027955791062751027,16.595700200447475,0.04067318594670566,6.099268840451148,11.671995997084931,1.8989490542345582,1.664020992236136,30.20766783033149,0.03564131174847309,0.1422388795352299,1.222405983734235,0.01858193675842981,70.44011848651483,0.3619526748331186,-0.15,0.04234132355490636,0.6534974576835038,0.15885423843928173,0.08613703444071531,-0.14695919315184647,0.17220303446077687,-0.2599907027938426,0.35844587125605853,-0.1187978772530016,Telecom Services,Communication Services,TKC
2017Q2,2017,Q2,2017-06-30,2017-06-30,704073000.0,4316018000.0,803174000.0,0.8,1532082000.0,0.3549758134,31914257000.0,14162011000.0,13401956000.0,9193571000.0,17713107000.0,142800000.0,10588335000.0,25433480685.0975,31636383685.0975,16.091525736677873,1.4577530319828933,0.35085955471249103,0.7906660996097236,0.02514037191019612,16.091525736677873,0.04971560889198575,5.892811541818755,9.030839375,1.79589471333538,1.270376793315466,19.495350140056022,0.035167738583421156,0.13523792830270184,1.1008132748417345,0.022061394065981232,-30.84491205624515,0.3549758133538831,0.5094339622641509,0.3063933195031775,0.6644358060684677,0.18187626245613542,0.06693547544682496,0.5353597690220947,0.036079488651388984,0.4243046161687484,0.47297240142514546,-0.10671003727165516,Telecom Services,Communication Services,TKC
2017Q1,2017,Q1,2017-03-31,2017-03-31,458572000.0,4052602000.0,775205000.0,0.53,1435965000.0,0.3543316121,32954673000.0,16503732000.0,14719862000.0,7673723000.0,16418270000.0,142315000.0,13234662000.0,26429123768.4995,30708663768.4995,18.894435992362038,1.9182164902225425,0.3256004391243694,0.6501593700140065,0.021306858675583285,18.894435992362038,0.027785957745799558,6.5215196973449405,14.408382854000843,1.6014028686662811,0.08626562459112201,18.38623476091768,0.0014967957449709252,0.12297503300973431,1.4890676924356014,0.01391523441910651,-41.9671774486024,0.3543316121346236,0.325,-0.09973937815351532,0.7160276877995139,0.4447827822983099,0.0004939885288756849,0.3077807151881226,0.8782330379835777,1.8885619714117055,0.46015250805119573,0.09237080167477259,Telecom Services,Communication Services,TKC
2016Q4,2016,Q4,2016-12-31,2016-12-31,350649000.0,4043598000.0,412731000.0,0.4,1435256000.0,0.354945274,31600158000.0,16011765000.0,13350846000.0,7358858000.0,15531761000.0,131973000.0,12780967000.0,21316103618.66592,25044913618.66592,18.33120344642307,1.814255146654549,0.3095288953934977,0.6108734421220896,0.0125659144306599,18.33120344642307,0.021899459553646958,5.27156844440667,15.197607592397183,1.3312775711276001,0.01353775427849502,19.764209345851047,0.00022269548342048704,0.12796132221870538,1.4956171188518654,0.011096431859612853,-15.599222544459632,0.3549452739861875,1.2222222222222223,-0.24934785418328098,0.5441976091292356,0.47709426606962013,0.11616115269938393,1.156048820979494,-0.3449837170770725,-0.4306479904538097,0.2017899869570566,0.08709736759389432,Telecom Services,Communication Services,TKC
2016Q3,2016,Q3,2016-09-30,2016-09-30,162635000.0,3658491000.0,630108000.0,0.18,1285886000.0,0.3514798861,30230336000.0,15402663000.0,11649154000.0,7333338000.0,14785052000.0,141740000.0,12429816000.0,22449638012.251934,24984313012.251934,16.57371430143784,1.5885199891236432,0.27061822931772905,0.531134129208696,0.01656711219815553,16.57371430143784,0.010558888420788016,6.136310848448701,34.50923542326672,1.4575166652839144,0.06755003535524334,16.739135035981374,0.0004893620108263826,0.12102052057906336,1.4409634466596248,0.005379860812661824,20.11546013378738,0.3514798861060475,-0.625,-0.7356268212948571,0.2667231782077817,0.36291840725944835,0.14688369603995718,-0.6091312853592767,0.3236979040840635,-0.7875685645298769,0.12810158231813737,-0.004160715044398421,Telecom Services,Communication Services,TKC
2016Q2,2016,Q2,2016-06-30,2016-06-30,416086000.0,3358090000.0,476021000.0,0.48,1121200000.0,0.3338802712,28595282000.0,15307931000.0,9951882000.0,6103184000.0,13245476000.0,112175000.0,12269454000.0,23205886189.726852,26782313189.726852,17.47539505684236,1.630604943255848,0.256890035216299,0.47987170833210574,0.018309826884346094,17.47539505684236,0.027181073653911817,6.91044200415321,13.942962626552477,1.5159387764242505,0.08575871334291468,19.941074214397148,0.0015376702147146058,0.11743510695225877,1.4309239242991856,0.014550861921907257,-10.981094684003018,0.33388027122560743,-0.2615384615384616,13.112835575541627,0.42917849434545813,0.5364963002672136,-0.0707866323225693,-0.26057812261203656,-0.38340446752977597,-0.28500329763536614,0.1270490947759011,0.098069433372777,Telecom Services,Communication Services,TKC
2016Q1,2016,Q1,2016-03-31,2016-03-31,562718000.0,3225382000.0,772015000.0,0.65,1206612000.0,0.3740989439,26175162000.0,14835743000.0,8645167000.0,5758943000.0,11273405000.0,82862000.0,11818533000.0,25631086352.4,27140058352.4,17.136883749942246,1.5011725241941098,0.15401562748685185,0.27173455350365666,0.03266249955500085,17.136883749942246,0.03792988325559428,7.946682393713365,11.387180769230769,1.7276577487490852,0.0,24.363037339190463,0.0,0.12322300049184032,1.2749711188320496,0.02149816684993201,-38.46530443390266,0.3740989439390435,0.30000000000000004,0.7571261426638615,0.5679935152307364,0.501067144814068,0.625697498382854,0.31248973307601396,1.1380134890742877,-0.002110097165764454,0.20321860908001285,0.1213670571170751,Telecom Services,Communication Services,TKC
2015Q4,2015,Q4,2015-12-31,2015-12-31,428740877.6,1954679531.7,361089864.0,0.5,742211882.1000001,0.3797102646,26207310000.0,14354817000.0,8794857000.0,6304417000.0,11788408000.0,75471000.0,11258411000.0,21462552872.652,22760286872.652,16.58136233424202,1.395030975901499,0.16089136962168188,0.2937362419876199,0.018681521669205167,16.58136233424202,0.029867387205284472,10.980087796788792,12.514874364671497,1.4951463939005283,1.734793347589117,16.065344961640893,0.03465462970380074,0.07458527913395156,1.2481230223191138,0.01635959118276542,-10.204891259630914,0.379710264553951,-0.34210526315789475,-0.10411547862423394,-0.287781941041944,0.4982102036453308,-0.4950805525216022,-0.3657053712957389,-0.6522406605584826,-0.04057376179678727,-0.28399874306029205,0.12501926361403015,Telecom Services,Communication Services,TKC
2015Q3,2015,Q3,2015-09-30,2015-09-30,675933325.3,3593255509.6,1038332614.1000001,0.76,1469960972.6,0.409088908,20570880978.6,13719697600.3,9184020805.4,5371947042.8,6778632335.4,69916584.3,23771313157.3,23167725504.0,22731975100.0,15.590565454886363,1.709626087567134,0.16845118045283797,0.25257037616661676,0.04684014532594594,15.590565454886363,0.04926736324605433,6.4475586114328465,8.568790972732945,1.6886469497325804,0.8951164640853669,30.36896836792412,0.026115599824226923,0.17467679256605897,1.5138300258003428,0.03285874464993391,24.86690172756114,0.40908890800354897,-0.06172839506172845,0.2697622991610142,0.6090237872302657,0.4701996936055916,0.20802943765138412,-0.06990381711650001,0.7422795731350119,0.18611656018873662,0.3067058689390503,0.08866710285432604,Telecom Services,Communication Services,TKC
2015Q2,2015,Q2,2015-06-30,2015-06-30,726734866.5,3150721969.1,595962112.0,0.81,1216825457.05,0.386205279,20820232523.05,14207305262.25,9495119789.9,5818718958.6,7217825014.75,72421740.3,21501772152.35,27216317040.0,26930544328.5,16.144665070738636,1.631823062336826,0.19428403077255518,0.2847154067244551,0.02778498941376344,16.144665070738636,0.05115219621774408,8.638120820217694,9.362533124038572,1.915656525823798,5.7250439879920085,26.703259325708306,0.15287112772110772,0.15132981659123393,1.4740112805110654,0.034905223354034814,8851.831396432477,0.3862052789753406,4.857142857142858,0.6530952319373322,0.3500879199044319,0.6096778909495133,-0.0012051607374154825,5.004817748224637,-0.32055766032935934,0.348581782167093,0.21517524845178834,0.18577919363599185,Telecom Services,Communication Services,TKC
2015Q1,2015,Q1,2015-03-31,2015-03-31,-181465153.26999998,3157221238.23,877134198.4499999,-0.21,1218293696.78,0.3858753014,23971024592.02,13453401798.29,13359215588.11,9739408384.04,11047298233.27,70659228.66,20034996594.41,29784088664.0,25738987429.86,15.28795658896591,1.3716660254232473,0.1721430899463389,0.3067214006032655,-0.13478677220085858,15.28795658896591,-0.013488421440967084,9.433640032365151,-41.03279352439169,2.2138704478287208,-0.020189528479601964,27.440542137528624,0.00012300849360646397,0.1317098994292069,1.262843712724377,-0.007570187606015392,-19.50184697305327,0.3858753013656399,-2.1052631578947367,-1.4291015780689111,0.3883443350991427,0.4496679795523264,-0.02513876351017093,-2.0884406088195933,0.6812355746469001,-1.3536059127504176,0.32696940547928266,0.16900956795909644,Telecom Services,Communication Services,TKC
2014Q4,2014,Q4,2014-12-31,2014-12-31,166720307.75,3406049067.39,521719984.79999995,0.19,1249709857.3399997,0.3669089413,23771867575.5,17149443448.5,13351322853.0,5007533008.5,7006454829.0,71556160.5,21631827244.5,31033715328.0,25682853735.0,19.48800391875,2.6662475974370805,0.1560928518642883,0.21636962243952904,0.011176216949127087,19.48800391875,0.009721616229160044,9.111352982292951,46.5355956734071,1.8096048085288978,0.019395811725881368,30.134920529309287,0.00010419879366111328,0.14328066806582654,2.569287893591725,0.00701334496418897,-183.8004792096046,0.36690894130237295,-0.7912087912087912,-0.3774877201875675,0.461212089508277,0.9556197771491538,-0.08252086702070821,-0.792298690678015,-0.49064318713600946,-0.6457415754418431,0.2910746700111143,0.5703070957485221,Telecom Services,Communication Services,TKC
2014Q3,2014,Q3,2014-09-30,2014-09-30,802692618.04,3347121302.23,1024272124.42,0.91,1362112567.38,0.4069504641,22716314664.91,16573060594.62,12986949609.27,4630618962.3,6481115038.74,66796786.29,20941247483.61,26347098096.0,21197437384.41,18.833023402977275,2.8045817880941475,0.15622514276454977,0.2141342259233664,0.03889161284293883,18.833023402977275,0.04843357770022108,7.871569541996102,8.205849133237908,1.5897545263638797,0.000470565184618625,29.71712929768855,1.4336273339239021e-05,0.14734438008997622,2.6766305659392344,0.03533551237868364,58.4852293021588,0.406950464111504,0.5689655172413794,0.6249153403477818,0.4206443037449747,0.9479108599108578,0.1987343415170862,0.62397556994169,0.3449751743922568,0.37798960338809867,0.22389587535078512,0.5487098301217193,Telecom Services,Communication Services,TKC
2014Q2,2014,Q2,2014-06-30,2014-06-30,494276288.94,2929837993.29,761554669.5,0.58,1136292271.11,0.3878345061,22079154066.03,15852123318.42,12055596370.56,4409984895.57,6227030747.61,64543538.07,18765733513.59,29215792320.0,24760099268.07,18.013776498204546,2.7337046851725755,0.15706156655092968,0.21875848781093374,0.028607865052205538,18.013776498204546,0.031180446872101742,9.971811542792079,14.777055350285323,1.843020757102713,0.009769429382007368,27.78815317243423,0.00016528038148376322,0.13269702202031908,2.5631021034436063,0.022386559170782337,-95.51578446199161,0.38783450611002024,2.2222222222222223,0.3044440766471699,0.3594152505999036,0.9617137000811792,0.042601369485161134,2.090362968162861,-0.0358391525141544,15.323175633159725,0.24120800830755756,0.5838326317260918,Telecom Services,Communication Services,TKC
2014Q1,2014,Q1,2014-03-31,2014-03-31,159941176.5,2796212531.7,789862678.5,0.18,1089862630.4999998,0.3897638746,21389227849.5,15221116902.6,12035980217.1,4371129527.1,6446612644.5,64518717.9,18722653798.8,25887313584.0,21440228058.6,17.296723752954545,2.753517172730683,0.16353223677411832,0.22980102547550352,0.021238114128878764,17.296723752954545,0.010507847585920558,9.257992119884182,40.463803866041964,1.7007499350838078,0.0020968071345905098,26.447362203395553,1.2954832061341326e-05,0.1307299427251351,2.5409677948090468,0.007477650788770237,-51.290547402200524,0.3897638745783752,-0.7464788732394367,-0.7205971940288474,0.3104436258384,0.7623815007612026,-0.11728572815499502,-0.7422289756607802,0.015247193866760317,-0.5086768837122992,0.3372975860524944,0.5150679736957806,Telecom Services,Communication Services,TKC
2013Q4,2013,Q4,2013-12-31,2013-12-31,620477716.26,3389798115.39,778000356.2400001,0.71,1234672039.71,0.3642317323,21173805275.22,14839019496.99,11582810385.39,4288565662.11,6515373703.68,69736175.55,17909203193.55,25195583160.0,20426737057.559998,16.862522155670455,2.7008588180718647,0.15669194048756205,0.2235838181055687,0.034643680866971234,16.862522155670455,0.04181392957842396,7.432768059433894,10.151687361098658,1.697927761676623,0.0016767130756458217,30.903990055130002,4.129148721795253e-05,0.1600939496386664,2.588036649901553,0.029304024864446717,128.01117762752256,0.36423173229829636,-0.13414634146341461,-0.1815144890774893,-0.11456883344185582,0.7929381079839048,-0.025678123651658703,-0.1440975849215972,-0.16865081923596237,0.2754930839953406,0.21508323465728593,0.5236144198266086,Telecom Services,Communication Services,TKC
2013Q3,2013,Q3,2013-09-30,2013-09-30,724939789.08,3070863337.56,935828619.5999999,0.82,1267211657.34,0.4126564806,20696144268.48,14645805609.0,11232440174.88,3913939301.94,6050338659.48,61769829.24,16689209572.74,26079416000.0,21571640220.02,16.64296091931818,2.869855485319478,0.1554280556479833,0.21963704482621746,0.04121782707849168,16.64296091931818,0.049498116282146815,8.492535529347844,8.993648987420261,1.7806747335205602,0.0,29.199557492900073,0.0,0.14837852392809664,2.7159279891722132,0.03502777037479756,58.648818919763265,0.41265648061918697,0.20588235294117632,-0.06067368603904974,0.16857026489458882,0.7674451037215727,0.11325996071471583,0.24002286702931633,0.24954804623165627,0.3618225036130226,0.3751018106745786,0.5694412184775868,Telecom Services,Communication Services,TKC
2013Q2,2013,Q2,2013-06-30,2013-06-30,584618081.13,2993247824.22,748933682.4000001,0.68,1138289080.7699997,0.380285612,19645392204.0,14004895485.33,10582809255.63,3625538682.51,5803468308.09,66541156.47,15134853626.46,24968587600.0,21069870290.199997,15.914653960602273,2.918961892940942,0.15969031775406545,0.22400587899753813,0.03452354989396453,15.914653960602273,0.04174383748471255,8.341637267040019,10.677307290829328,1.7828471212908636,0.0,27.876863611264497,0.0,0.1523638618734496,2.706976275298072,0.0297585344725755,127.23720907878332,0.38028561202299466,0.07936507936507943,0.12059020414388043,0.3940868346384597,0.9289919261394154,0.12179311635931536,0.01990293736705059,0.0827083197065716,0.32982385594727137,0.2826100710860233,0.5867450027764223,Telecom Services,Communication Services,TKC
2013Q1,2013,Q1,2013-03-31,2013-03-31,573209527.8,2724845227.5,691722478.5,0.63,1014704997.0,0.372389957,18887574324.6,13448279583.6,9919468955.1,3546713352.0,5585912341.5,80706238.2,13626917432.1,26325912272.0,22727597058.8,15.282135890454546,2.7968059356999877,0.15996425662584315,0.2246634424513661,0.033690494111661265,15.282135890454546,0.04262326078489782,9.66143398029017,11.481801590528272,1.957567293894165,0.0,21.189690767918854,0.0,0.14426655221422705,2.5603522406961075,0.03034849885691393,-50.09742810387683,0.37238995696316113,0.2115384615384615,-0.11663212162867333,0.29838092256266974,0.7373011466884356,-0.01097686867839697,0.261899818515988,0.15169871151386985,0.35543992061741236,0.19821296962464258,0.4491160365767267,Telecom Services,Communication Services,TKC
2012Q4,2012,Q4,2012-12-31,2012-12-31,454243292.05,2775025651.51,600610621.15,0.52,1025966900.9400003,0.3697143846,18783128438.28,12970088002.99,9825218422.77,4213240552.89,5954083629.16,87620972.19,12914006853.99,25240363124.1608,21263489384.6008,14.738736367034091,2.3319861041474503,0.1627973461629596,0.23576119619890581,0.02873347649397739,14.738736367034091,0.03502237548004941,9.095542273789984,13.891434153188616,1.9460440914774153,0.00012645965500284595,19.961645104522322,2.275856718757484e-06,0.1477403330669081,2.22206359959396,0.02418358014973973,55.845429575529785,0.3697143845793755,-0.1746031746031746,0.028828864117199957,0.40830615153726885,0.9136177201582252,-0.05665149291751682,-0.2029014240183761,-0.16047186491002804,0.6960862845069339,0.19049988724595807,0.4790311234403799,Telecom Services,Communication Services,TKC
2012Q3,2012,Q3,2012-09-30,2012-09-30,569870911.5,2749857940.5,715414524.0,0.63,1087579927.5,0.3955040409,18170892960.0,12602289133.5,9287507955.0,4100045845.5,5707115304.0,59697610.5,12506171898.0,23996863176.0,20597831265.0,14.32078310625,2.265220513373891,0.174020127957432,0.250914820672885,0.03547159668481242,14.32078310625,0.04521963473962379,8.726582861817477,10.527324123649361,1.9041670066282168,0.0001949014202315536,27.84496731238514,4.6284653617179085e-06,0.1513331208627625,2.127035407682492,0.031361745003642354,82.13806854791478,0.39550404094774727,0.0,0.18184417751447254,0.32805368498687887,1.010465211519282,0.08305207525331508,0.05749368148123072,0.08165998378120143,0.15360720318494184,0.16714324535429387,0.4812071507691304,Telecom Services,Communication Services,TKC
2012Q2,2012,Q2,2012-06-30,2012-06-30,538888242.53,2592812825.24,661404262.6400001,0.63,1004180641.3099997,0.3872939194,17414807423.64,11981408797.27,8643999873.41,4399190880.81,5567925488.18,59208195.97,12025714853.9,19921719400.0,17003130156.65,13.615237269625,1.9649067539025322,0.1802881224542276,0.2620462239820568,0.03546243570886015,13.615237269625,0.044977034975451906,7.683439084406711,9.24204585837246,1.6627192792669943,0.0,26.83128843741395,0.0,0.14888552954770812,1.8223977591451674,0.03094425504806202,223.04162478761026,0.38729391938156943,0.08620689655172423,0.5136404801074508,0.32541669072244145,1.0706734858091,0.12924187535178408,0.050086286190526866,0.04761377756151008,0.4221794402692717,0.2030389750746185,0.4827094964979369,Telecom Services,Communication Services,TKC
2012Q1,2012,Q1,2012-03-31,2012-03-31,513184725.5,2379272065.5,631343608.5,0.58,889252040.0,0.3737496241,17269364912.5,11508376122.0,8580652257.5,4613551721.5,5870093120.5,56977300.5,11316015944.5,19681089120.0,16995275644.5,13.077700138636363,1.859879931011195,0.19695352844377506,0.2955466798654567,0.035107972980809025,13.077700138636363,0.04459227957617495,8.27189517557928,9.587721604936972,1.710153449223529,0.0,26.15111653982273,0.0,0.13777414963174606,1.696906063286669,0.029716479332053722,-45.0470306689295,0.37374962405281936,0.0943396226415093,0.3618486371822654,0.32708519468204195,1.0965800682227145,0.1779993616716611,0.09044911694592397,-0.04019729407036572,-0.10351258241347419,0.11504468169816245,0.33250071666884357,Telecom Services,Communication Services,TKC
2011Q4,2011,Q4,2011-12-31,2011-12-31,470617764.3,2638150330.5,657784776.6,0.53,754883295.3,0.2861411219,17155789285.5,10921076199.0,8416181907.0,3890342722.5,6348848058.0,49153099.5,11414255121.0,19529116992.0,18325956816.0,12.4103138625,2.163352307837706,0.20556741487147592,0.3229234179158024,0.03539558010686465,12.4103138625,0.04309261795491296,7.40257928679095,10.374192430372736,1.7882044439712088,0.00013454931964624098,38.31430885045204,3.2424046630443783e-06,0.15377609777066645,2.0545326771014323,0.02743200889613188,-128.36059235164504,0.28614112189616175,-0.1846153846153846,0.33946556048193793,0.9451593959002784,0.9234367001783943,-0.33753227420413023,-0.19208627088329064,-0.18882504056762844,-0.37919797735187855,-0.3109027602307163,0.31954902420304515,Telecom Services,Communication Services,TKC
2011Q3,2011,Q3,2011-09-30,2011-09-30,582509923.2,2734808875.2,810903700.8000001,0.65,1139501995.1999998,0.416666044,16756848604.8,10701204494.4,8439498475.2,3472747905.6,6161257958.4,39949545.6,10715773651.2,18362847360.0,15644470814.400002,12.160459652727273,2.4302076351671933,0.20800962408895632,0.32571901424966004,0.043704721276039096,12.160459652727273,0.054434052120472115,6.714490188517142,7.880916113464759,1.715960793909637,0.00014904230218614067,39.933041941783685,4.727949772599972e-06,0.16320544153013436,2.283247596525453,0.03476249842307103,44.83064444882172,0.41666604402717783,17.581632653061227,0.23922565777589022,0.5125444625714963,1.0182453302181547,0.30152134745074927,17.88001655095534,1.1957781630760471,-0.24522435208098334,0.040689858334047396,0.2914135277015999,Telecom Services,Communication Services,TKC
2011Q2,2011,Q2,2011-06-30,2011-06-30,-34508847.870000005,2360473001.85,369301286.64000005,-0.0392,875515409.28,0.3709067668,15447533003.79,10008711148.44,7543433317.26,3026445262.26,5515861280.64,37266570.87,8849096737.89,19146247560.000004,16841926665.000004,11.373535395954546,2.492506113137806,0.20162914888842284,0.3111962055639368,-0.01297464678935781,11.373535395954546,-0.00344788128643104,8.111191081191906,-138.705351973259,1.9129583495857223,0.0,39.84690723893266,0.0,0.1528058235105156,2.3023331228620094,-0.002233939093157035,149.0157958847285,0.3709067668191174,-1.1005128205128205,-1.2508794805837664,0.2790816896222769,1.0946408258677105,0.020404312361294627,-1.1060076901146627,-0.12658560444139444,-1.0661462211443549,0.09937583810191944,0.3785695878006325,Telecom Services,Communication Services,TKC
2011Q1,2011,Q1,2011-03-31,2011-03-31,325531551.84,2090942630.02,422824822.35,0.39,858008339.1199999,0.4103452322,15196870612.44,10046491092.72,6929879323.18,2410068098.11,5203025880.72,35473397.58,7469443956.82,20228323896.0,18106849482.58,11.416467150818182,2.8753873505128267,0.18486256682808824,0.27963320558814114,0.025011023812167608,11.416467150818182,0.03240251236333552,9.674260596909114,15.534841232488503,2.0134715403926524,0.0,34.75658874004028,0.0,0.1375903423372162,2.620273099429147,0.021420959626617022,-77.83703504892519,0.4103452322418779,-0.29090909090909095,0.29391761729435667,0.3740519861521755,0.9587161280133014,-0.27584488864473855,-0.3308168333635965,-0.2521615957805338,-0.4983263495366025,-0.0036718439667843992,0.2978448571862133,Telecom Services,Communication Services,TKC
2010Q4,2010,Q4,2010-12-31,2010-12-31,486461058.9,2789766181.2,565395973.1999999,0.55,1184840548.1999998,0.4247096248,15244256296.8,9739353542.4,6906584143.2,2821620906.0,5542285926.0,37954370.4,7156647818.4,23399989753.976,21129597479.576,11.067447207272727,2.447736380359807,0.18820821186286843,0.29458774715482705,0.03459789607959094,11.067447207272727,0.04994798235655021,8.387796049599629,12.025623287755419,2.402622479213308,0.1285576527778265,42.285660810223845,0.0026725777471493903,0.18300441339244697,2.325212158319612,0.031911104709130056,89.80645166030183,0.4247096248368558,-0.08333333333333323,0.48136162159502904,0.9060458704535733,1.6544429998339034,0.17237976623801768,-0.0861673933194286,0.06907650328126748,0.1017998227483947,0.41578686748238025,0.4369524337325955,Telecom Services,Communication Services,TKC
2010Q3,2010,Q3,2010-09-30,2010-09-30,532330599.0,2233189800.0,528863904.0,0.6,1010628622.5,0.4525493635,14489414377.5,9331859923.5,6508120806.0,2596455921.0,5171872339.5,29704789.5,6924885718.5,21294022464.000004,19290554151.000004,10.604386276704545,2.5065400700095304,0.18059795249996122,0.28041125680748114,0.03520475377637749,10.604386276704545,0.057044426659197484,9.535249741871471,10.000375003804733,2.2818626338760435,0.1547543381025895,41.15703891791591,0.003868713374341258,0.15412560796575922,2.3529570814539547,0.036739276352440696,82.01989064603886,0.4525493634710314,0.19999999999999996,0.20765183074325108,0.3277840692843454,1.8012587009430794,-0.04951566877855181,0.21088613686494145,-0.07064018388557224,0.10399005501957714,0.07852696660608133,0.4887279236512162,Telecom Services,Communication Services,TKC
2010Q2,2010,Q2,2010-06-30,2010-06-30,439620690.0,2333716140.0,569062590.0,0.5,1063277520.0,0.4556156174,14208216150.0,8826179040.0,6217006530.0,3168676020.0,5383267770.0,30273600.0,6187717140.0,18005014896.0,16554955566.0,10.029748909090909,1.962020254124939,0.19591807730205457,0.3153852167947864,0.03840208250022661,10.029748909090909,0.04980872107937661,7.715169204768837,10.238948771951566,2.039955774112645,0.0,41.96523109243697,0.0,0.16425117096772207,1.669927612227141,0.030941300819103883,75.83148583053493,0.4556156174160924,0.041666666666666706,0.5459434444199591,0.6769083409583492,2.0937414430363703,0.0821865203762309,0.039549072818764956,0.057431402595448613,0.2348157182882392,0.1929693857010436,0.5253744554059693,Telecom Services,Communication Services,TKC
2010Q1,2010,Q1,2010-03-31,2010-03-31,422895562.6,2274090914.2,538155561.3000001,0.48,982527041.2999997,0.4320526656,14216264234.9,9280333143.9,6397272986.3,3115653786.7,4935931091.0,38367534.8,6744588722.9,20076534192.000004,17994481132.9,10.545833118068181,2.0532682461730722,0.16301974293011598,0.2497250589030118,0.03526130324178449,10.545833118068181,0.04556900663398824,8.828377997835108,11.8684942380145,2.163341970670136,0.0,33.66293611597897,0.0,0.15996402969334625,1.8753332054870577,0.02974730601600799,-47.93156329558943,0.43205266560138467,0.6,1.435229880322719,0.8725849588248124,2.238428359103007,0.010098238537510447,0.5790378769660548,0.39916534505237333,0.122246467947997,0.26841836516143014,0.6906782755190333,Telecom Services,Communication Services,TKC
2009Q4,2009,Q4,2009-12-31,2009-12-31,267818504.4,2330975148.54,384626136.71999997,0.3,972704439.8399999,0.4172950709,13894449261.720001,8769313774.02,6366602474.58,3436912432.38,5125135487.7,42211038.9,6285873956.22,23060634959.999996,20698608187.859993,9.965129288659092,1.8524191697753678,0.16341890369096349,0.2589274057528804,0.02415320388888249,9.965129288659092,0.030540417563052657,9.893127764336725,21.526364479242453,2.629696639242116,0.03557657086221858,32.178092368629194,0.0004131743994268578,0.1677630472883851,1.7939095436512171,0.019275215545092185,33795.406542272445,0.41729507088449685,-0.46428571428571436,0.44827440325809015,0.9860509737561869,2.309736579060166,-0.12768885678546418,-0.45784676917649964,-0.34116536984185925,-0.23773879713792093,0.7186731777082966,0.5444649996924695,Telecom Services,Communication Services,TKC
2009Q3,2009,Q3,2009-09-30,2009-09-30,493990424.06,2356058651.28,583797692.34,0.56,1115088861.8200002,0.4732856974,13168819031.74,8508120641.3,5687100237.88,3005329619.9,4611423540.42,34417760.88,6741055879.92,23611832465.3112,21439140830.211197,9.668318910568182,1.892338264735578,0.13273123495031033,0.20544062391820142,0.04444351616712792,9.668318910568182,0.05806105071689729,10.021750711716518,11.949539563566171,2.7752112905751445,0.08725097002035194,36.05608725642352,0.0018254044341251825,0.1789119165204819,1.767332278426329,0.03751212791893981,73.23446128996923,0.4732856973718351,0.302325581395349,1.4571278944016721,0.8214009912807964,2.4559291288823983,0.10161264590284402,0.30368965091852107,0.20990963988699196,0.05091017991218371,0.3030685613182452,0.6046300920819095,Telecom Services,Communication Services,TKC
2009Q2,2009,Q2,2009-06-30,2009-06-30,378917193.76,2155219306.24,482513464.72,0.43,1012233171.0399997,0.4696659723,12094858853.279999,8080752720.32,4806771696.72,2990281070.0,4014106132.96,29882383.44,6490838178.16,18770875200.0,16947507138.8,9.182673545818181,1.6074648450087001,0.09951950518823759,0.14895572356436793,0.043468757355058264,9.182673545818181,0.04689132397371452,8.709496590742642,12.384549651690632,2.322911719943915,0.0,38.24949698189135,0.0,0.17819301013632968,1.447142617774054,0.03132878178708482,-81.98822466002105,0.4696659723255467,-0.3384615384615385,1.9449559526124298,1.6636570021745918,2.5752670482449114,-0.06708152875411011,-0.3380658471818925,-0.41662465363933904,1.7547297178069223,0.16785981011918805,0.6911542655881354,Telecom Services,Communication Services,TKC
2009Q1,2009,Q1,2009-03-31,2009-03-31,572439406.77,2133790783.95,827106369.39,0.65,1085017825.5,0.5084930695,12725104689.57,8636675371.38,6382871588.1,3001452490.47,3987307885.26,37359070.35,5881874231.73,18035427520.0,14605977945.189999,9.814403831113635,2.1265942434092975,0.10206139800048171,0.15037522176921678,0.06212093886967946,9.814403831113635,0.06628006520505975,8.452294224747488,7.876566194911893,2.0882372839629184,0.0,28.072779879813044,0.0,0.16768355435998414,1.9370403018971627,0.044985044974851486,-22.498181673663826,0.50849306954614,-0.24418604651162787,2.4000504784732173,1.144755765010067,2.86497299561136,-0.43564031997064667,-0.24488285712102523,-0.16816960674675693,1.2753230188184188,0.40220942584716474,0.683851126349548,Telecom Services,Communication Services,TKC
2008Q4,2008,Q4,2008-12-31,2008-12-31,758080268.96,3828415176.04,994320929.0,0.86,1922564392.7,0.5021828366,12398627318.28,8276370183.06,6254885160.72,3235004886.12,4032945628.74,29901128.46,6818801971.38,19158353280.0,15363288901.02,9.404966117113636,1.9335009933236869,0.0979559058920471,0.14674534172793116,0.07318955731531053,9.404966117113636,0.09159574211791927,5.004251733171959,6.318049045875803,2.3148255643776237,0.18998262352558248,63.73842331367315,0.007517456027410723,0.3087773410525494,1.8583271498023333,0.061142274019505304,26.497243224069933,0.5021828365774696,-0.02272727272727275,40.48631155430047,6.552312194909481,3.008419583099889,0.3424548194041923,-0.01773256833866354,0.16212391948686602,1.3084910826472353,1.615679760493052,1.255709560271693,Telecom Services,Communication Services,TKC
2008Q3,2008,Q3,2008-09-30,2008-09-30,771765656.2,2627880778.6,855606628.8,0.88,1432125956.8,0.5449737174,12232708888.4,8286427441.6,5507919740.4,2678905244.4,3730719407.8,29711759.0,5262699626.8,16673676800.0,13687911525.2,9.41639482,2.056033804074925,0.08577539465481719,0.12662458459871587,0.0723556783362519,9.41639482,0.09313611464520134,6.344913717464336,5.401146276091574,2.0121671151422684,0.039564449382659635,40.2451710045171,0.0018312987355014582,0.2148241082637027,1.7908535089954298,0.06309033127828685,27.1103883292127,0.5449737174008948,0.49152542372881364,3.9498049373630693,1.5756890492109992,2.978210401146144,0.2891767619902891,0.479312840548432,0.5644074117573016,0.7508371853234318,0.5624548499207822,1.4874384271522014,Telecom Services,Communication Services,TKC
2008Q2,2008,Q2,2008-06-30,2008-06-30,521705507.48,2147102856.04,546920592.66,0.59,1110884092.1,0.5173874596,10306085879.36,7260214672.52,4924218274.34,2021965762.6,2835588088.78,25912411.78,4298324832.54,15661852800.0,13040425943.88,8.250243946045455,2.4353618470809613,0.08706259721908315,0.12358788882871401,0.05247411501814081,8.250243946045455,0.07185813794937243,7.294411982146897,7.505121460022352,2.1572162128043266,0.0,39.98928284783533,0.0,0.20833349160615894,2.234860869933506,0.05062111004962803,308.92840143379095,0.517387459559741,-0.20270270270270274,4.341137495671207,1.7565099624526423,2.7671421838736676,0.1122325918123606,-0.19600448888902106,0.06344771768115552,0.8345979330647383,0.5428160376818447,1.5448415351560614,Telecom Services,Communication Services,TKC
2008Q1,2008,Q1,2008-03-31,2008-03-31,648891070.0,2098648540.0,514290062.0,0.74,998787574.0,0.4759194095,10928463201.0,7740902957.0,5393757890.0,2662004999.0,3026417873.0,24392567.0,4937542639.0,24482744588.016003,21234182265.016003,8.796480632954545,2.0262012625919943,0.07957762962686486,0.1123462213427668,0.0474592933214743,8.796480632954545,0.08382627628902337,11.665957458515662,9.43253256205853,3.1627763226093113,0.0,45.090004918301545,0.0,0.19203510149606076,1.8433046920810836,0.0593762414774498,-610.7964783351475,0.47591940954534484,0.48,35.389353098571675,2.2024278706289797,3.232457965714183,-0.04780562220239524,0.46969228641996097,-0.09289911085212545,2.7366174121652533,0.7281181087899238,1.7012348880482442,Telecom Services,Communication Services,TKC
2007Q4,2007,Q4,2007-12-31,2007-12-31,441514918.46,1970470446.7,566960156.42,0.5,1048932442.0400001,0.5323258939,9908614439.08,6777784228.46,4737858579.58,2618204643.6,2969223213.18,27405611.52,3772630929.48,28211388480.0,25481572424.32,7.702027532340909,1.8095829870141478,0.08998463345222117,0.13155081487782744,0.05622399216063497,7.702027532340909,0.06514148334880202,14.317082769369302,15.974198889134406,4.162332043788003,0.033084703119320276,33.625887310979444,0.0005177834479985155,0.19886437794252848,1.5704377474506441,0.04455869397023324,94.12386771362112,0.5323258939491712,-0.09090909090909098,5.818496818777439,1.9248934076876607,2.817577492981275,-0.054378194995850275,-0.08435081500430619,-0.17125078898504464,1.3875674927493948,0.6788916655235496,1.5580884621063829,Telecom Services,Communication Services,TKC
2007Q3,2007,Q3,2007-09-30,2007-09-30,482187857.2,2070592455.4,684115470.5,0.55,1109251538.5,0.5357169807,9193687660.5,6268344789.7,4114988298.4,2421678262.5,2765034650.7,17510481.1,3390945709.9,23391695360.0,21258824052.3,7.123119079204545,1.6992299770457224,0.09673375128034675,0.1418779479012295,0.08471335957411598,7.123119079204545,0.07692427161829388,11.297102575157002,12.12789528537302,3.73171804436104,0.09414670925894067,54.90088544169126,0.0019407058488641333,0.2252189254042366,1.5182644084620633,0.052447709233334576,26.475635214990408,0.5357169807158952,0.37500000000000006,650.065832830326,1.9039227670538086,2.4839648003058206,0.15978863349097805,0.354379260990389,0.31764027569630826,1.3984214603398566,0.6007153084899575,1.5461504675246875,Telecom Services,Communication Services,TKC
2007Q2,2007,Q2,2007-06-30,2007-06-30,356021294.1,1956224667.6,519197449.49999994,0.4,956425598.9999999,0.4889139856,8416368321.599999,5786237607.9,3359662688.1,2199329998.2,2630130713.7,14978263.2,3148835046.3,19063717199.999996,17803331221.199997,6.575270008977272,1.527584623885298,0.10879895298188681,0.1582534495385737,0.06549868099009132,6.575270008977272,0.06152897931704725,9.745157351168858,13.386641133497298,3.294665461710757,0.0,66.75,0.0,0.23243097175054603,1.2793454893093905,0.04230105913809608,135.38707272768573,0.48891398561771204,-0.06976744186046505,5.242989593018377,1.9467715594055597,2.3583260967045168,0.13460609079381558,-0.055219124642571824,0.15110542055675613,1.7670083242003993,1.4177175466983083,1.5600764395152913,Telecom Services,Communication Services,TKC
2007Q1,2007,Q1,2007-03-31,2007-03-31,376829488.6,1792855556.7,451042485.1,0.43,842958280.2,0.4701763491,8984045760.7,5489118348.7,3571948580.1,2923525418.2,3371383093.3,11030520.2,2972318092.1,16145602000.0,14368328472.4,6.237634487159091,1.2217949458771018,0.08926969314963853,0.14610780044302382,0.05214883906324532,6.237634487159091,0.06865027581145985,9.0055230270297,10.711477265211032,2.941383474419676,0.0,86.11536530253578,0.0,0.19955993151133594,1.0535872109490527,0.041944297551155724,54.62202588690524,0.47017634914860734,0.07499999999999993,6.308946441813837,2.073093025150299,2.1994155348351963,0.37244905445194376,0.07252670945069359,0.3045886714049848,1.2382094381773339,0.8020685626659645,1.4564190820165637,Telecom Services,Communication Services,TKC
