Quarters,Year,Quarter,FillingDate,Date,NetIncome,Revenue,OperatingIncome,EPSDiluted,GrossProfit,GrossProfitRatio,TotalAssets,CommonStockEquity,CurrentAssets,CurrentLiability,TotalLiability,Inventory,RetainedEarnings,MarketCap,EnterpriseValue,bookValuePerShare,currentRatio,debtToAssets,debtToEquity,roic,shareholdersEquityPerShare,roe,priceToSalesRatio,peRatio,pbRatio,payoutRatio,inventoryTurnover,dividendYield,assetTurnover,quickRatio,returnOnAssets,priceToFreeCashFlowsRatio,grossProfitMargin,epsdilutedGrowth,fiveYNetIncomeGrowthPerShare,fiveYRevenueGrowthPerShare,fiveYShareholdersEquityGrowthPerShare,grossProfitGrowth,netIncomeGrowth,operatingIncomeGrowth,threeYNetIncomeGrowthPerShare,threeYRevenueGrowthPerShare,threeYShareholdersEquityGrowthPerShare,Industry,Sector,Symbol
2023Q1,2023,Q1,2023-05-05,2023-04-02,-9712000.0,180908000.0,-11975000.0,-0.33,60382000.0,0.3337718619,988107000.0,618562000.0,799424000.0,317760000.0,369545000.0,337187000.0,-334594000.0,533174400.0,422355400.0,21.30034435261708,2.5158106747230615,0.04537160449222605,0.07247777910702564,-0.015815651827135645,21.30034435261708,-0.01570093216201448,2.947212948017777,-13.724629324546951,0.861957895894025,0.0,0.3574455717450554,0.0,0.18308543507939928,1.3587298590130916,-0.009828895048815563,64.61153659718856,0.33377186194087605,-0.5714285714285715,-2.8801962378706567,-0.43248286273436065,-0.11421319039259703,-0.021297977178423237,-0.6068828590337525,0.016669403842995565,-1.3708598962634648,-0.19860725169478402,0.054094302161576784,Communication Equipment,Technology,NTGR
2022Q4,2022,Q4,2023-02-17,2022-12-31,-6044000.0,249103000.0,-12178000.0,-0.21,61696000.0,0.2476726495,1019785000.0,620855000.0,834291000.0,345971000.0,398930000.0,299614000.0,-324762000.0,524447490.0,423044490.0,21.439103560205808,2.4114477803052856,0.04422206641596023,0.072636928107207,-0.010397821784212022,21.439103560205808,-0.009734962269773136,2.105343934035319,-21.69289750165453,0.8447181548026511,0.0,0.6254948033135969,0.0,0.24427011575969446,1.4593997762818272,-0.0059267394597880925,-79.9706450137237,0.24767264946628503,-3.0999999999999996,0.794918411364051,-0.3201992502511352,-0.07905346363621694,-0.09970961198908491,-3.1578007854337735,-4.6615527661552765,-13.95895938264114,0.023609806774036294,0.060273954970527684,Communication Equipment,Technology,NTGR
2022Q3,2022,Q3,2022-11-04,2022-10-02,2801000.0,249587000.0,-2151000.0,0.1,68529000.0,0.274569589,1005218000.0,622927000.0,830046000.0,330397000.0,382291000.0,298090000.0,-318642000.0,580709100.0,489215100.0,21.561282060157144,2.512268573867196,0.041218919677124766,0.0665150170084135,0.005721949762232487,21.561282060157144,0.004496514037760444,2.326680075484701,51.830515887183154,0.932226569084339,0.0,0.6073937401455937,0.0,0.24829141539447164,1.4924620986268036,0.002786460250413343,-33.48763623781789,0.2745695889609635,1.3333333333333335,-0.852182261288226,-0.22953199368927374,-0.11968360374851475,0.11572589179596555,1.3282165455823765,0.7859701492537313,-0.7606374698360321,0.0051518930179686884,0.07203729392327896,Communication Equipment,Technology,NTGR
2022Q2,2022,Q2,2022-08-05,2022-07-03,-8534000.0,223224000.0,-10050000.0,-0.3,61421000.0,0.2751541053,975532000.0,616229000.0,799504000.0,305162000.0,359303000.0,300796000.0,-320293000.0,542284070.0,436802070.0,21.329445155930912,2.6199330191832533,0.04465973438083015,0.07069936663156066,-0.011368768304311876,21.329445155930912,-0.01384874778694284,2.4293269092929077,-15.88598752050621,0.8800041380720479,0.0,0.5379160627135999,0.0,0.22882283718012325,1.5336444249283987,-0.008748047219363383,133.17388752455795,0.2751541052933376,0.8461538461538461,-1.6553512079447341,-0.2441858002205921,-0.11067064771371753,0.04274824711814339,0.8508302744275477,-1.3312567981805596,-12.00075599591395,0.04577703066062715,0.07135483246668763,Communication Equipment,Technology,NTGR
2022Q1,2022,Q1,2022-05-06,2022-04-03,-57210000.0,210558000.0,30339000.0,-1.95,58903000.0,0.2797471481,1014045000.0,637021000.0,838138000.0,317529000.0,377024000.0,327309000.0,-294440000.0,712324500.0,551418500.0,21.704293015332198,2.6395636304085612,0.04528398641085948,0.07208553564168214,0.04050698084943207,21.704293015332198,-0.08980865622954345,3.383032228649588,-3.1127621919244888,1.1182119584754662,0.0,0.46333892438032565,0.0,0.20764167270683254,1.5233222792248897,-0.05641761460290224,2113.7225519287836,0.27974714805421785,-57.035714285714285,-5.014977166693047,-0.26977791087952124,-0.11509940336732064,-0.21146200082999772,-56.72956609485368,119.05058365758755,-5.778300616765893,-0.0932294507749321,0.07964547296242666,Communication Equipment,Technology,NTGR
2021Q4,2021,Q4,2022-02-18,2021-12-31,-991000.0,251187000.0,-257000.0,-0.0336,74699000.0,0.2973840207,1078531000.0,696815000.0,883093000.0,341045000.0,381716000.0,315667000.0,-226591000.0,860409760.0,624426760.0,23.656131178707223,2.5893738362972627,0.025765601545064538,0.03988002554480027,-0.001317130807968708,23.656131178707223,-0.0014221852285039788,3.42537535780116,-217.05594349142282,1.2347750263699835,0.0,0.559095502539068,0.0,0.23289733906582194,1.5618877274259995,-0.0009188423883968101,884.2854676258993,0.29738402066985953,-1.1083870967741936,-1.0501752154754274,-0.2357810008928685,-0.021090594783114747,-0.13981874920832327,-1.1034015025041737,-1.0198993418505613,0.945392325823016,6.031535575031866,0.1913409084376483,Communication Equipment,Technology,NTGR
2021Q3,2021,Q3,2021-11-05,2021-10-03,9584000.0,290150000.0,12915000.0,0.31,86841000.0,0.2992969153885921,1099085000.0,708856000.0,900000000.0,345171000.0,390229000.0,305129000.0,-207863000.0,975995210.0,722248210.0,23.393815385630838,2.607403287066411,0.026858705195685503,0.04164456532779577,0.012609736787016554,23.393815385630838,0.01352037649395646,3.3637608478373253,25.458973549666112,1.3768596301646596,0.0,0.6663050709699831,0.0,0.2639923208850999,1.618678857725591,0.008719980711227976,-50.3869494062984,0.2992969153885921,-0.45614035087719296,-0.5070714609321602,-0.06883144979044314,-0.00930956182575849,-0.06978662324863961,-0.46259952898957046,-0.3994140625,0.011031870605830111,-0.23980627645869576,-0.18261030601285475,Communication Equipment,Technology,NTGR
2021Q2,2021,Q2,2021-07-30,2021-06-27,17834000.0,308811000.0,21504000.0,0.57,93356000.0,0.3023078841103458,1112207000.0,723000000.0,911791000.0,343352000.0,389207000.0,251764000.0,-183440000.0,1189328600.0,891168600.0,23.64754366455158,2.6555575619189637,0.02767560355221645,0.04257399723374827,0.022015526971965807,23.64754366455158,0.024666666666666667,3.85131552956339,16.672207581025006,1.6449911479944674,0.0,0.8557816049951542,0.0,0.2776560478400154,1.8229601109065914,0.016034784891661356,-145.12856619890178,0.3023078841103458,-0.20833333333333337,0.18738474798095986,0.057799228500271436,0.04189430797816271,-0.158507675250809,-0.22325783972125435,-0.3135633798320937,4.5326265171634486,-0.12785156396969105,-0.008896892524629265,Communication Equipment,Technology,NTGR
2021Q1,2021,Q1,2021-04-30,2021-03-28,22960000.0,317925000.0,31327000.0,0.72,110941000.0,0.34895336950538647,1137415000.0,724423000.0,930875000.0,361328000.0,412992000.0,215705000.0,-172324000.0,1251745300.0,921266300.0,23.623773031142996,2.5762603507062836,0.029043928557298787,0.0456018099922283,0.029566138071783342,23.623773031142996,0.03169418972064664,3.9372345679012346,13.629630879790941,1.7279204277059124,0.0,0.9595697828052201,0.0,0.2795153923589895,1.8918489571801798,0.02018612379826185,103.03278459132439,0.34895336950538647,-0.27272727272727276,0.46772904831247014,0.08667256823613448,0.06054471875330681,-0.0015749307030490658,-0.25811037869975445,-0.07431593877430412,3.2093984068707164,-0.05550528746886386,-0.017592100966455953,Communication Equipment,Technology,NTGR
2020Q4,2020,Q4,2021-02-16,2020-12-31,30948000.0,367073000.0,33842000.0,0.99,111116000.0,0.30270818066161226,1106039000.0,689384000.0,893178000.0,365073000.0,416655000.0,172112000.0,-193320000.0,1232348530.0,920549530.0,22.72869341597705,2.4465736989588382,0.03133795462908632,0.05027821939586646,0.04123277967282249,22.72869341597705,0.04489225163334223,3.357230114990751,9.95499329520486,1.7876082560662856,0.0,1.4871537138607418,0.0,0.3318807022175529,1.8910464482445977,0.027980930148032754,29.408851899579993,0.30270818066161226,0.19277108433734944,0.5101364370937379,0.0824045466118516,0.03507581380347296,-0.020952649479267626,0.21198355198746818,0.05210470683330225,2.002609089086404,-0.04357272107490695,-0.02365733629034967,Communication Equipment,Technology,NTGR
2020Q3,2020,Q3,2020-10-30,2020-09-27,25535000.0,378114000.0,32166000.0,0.83,113494000.0,0.30015815336115564,1028271000.0,646267000.0,822712000.0,325998000.0,382004000.0,144302000.0,-222636000.0,902912220.0,638664220.0,21.515697306655124,2.523671924367634,0.035247517434606246,0.05608208372081508,0.035993326841733564,21.515697306655124,0.03951153315889563,2.3879364953426743,8.839947327197963,1.3971194877658926,0.0,1.833793017421796,0.0,0.3677182377019288,1.9841287369861165,0.024832947734595257,22.343228823835094,0.30015815336115564,3.1499999999999995,0.800511922660994,0.17744565991180894,0.04019811322137535,0.3959729892621247,3.26792578973759,2.6276079846622307,0.2961501884522922,0.12269406280276776,-0.12154476422194802,Communication Equipment,Technology,NTGR
2020Q2,2020,Q2,2020-07-31,2020-06-28,5983000.0,280052000.0,8867000.0,0.2,81301000.0,0.2903068001656835,928971000.0,606146000.0,721688000.0,270283000.0,322825000.0,150585000.0,-247028000.0,723543310.0,507555310.0,20.4661511969477,2.6701198373556605,0.0394468718614467,0.06045573178739116,0.008459514827851898,20.4661511969477,0.009870559238203336,2.5836034379329553,30.233298930302524,1.1936782722314425,0.0,1.319859215725338,0.0,0.3014647389423351,1.9832619883603482,0.006440459390013251,11.898622078968573,0.2903068001656835,2.4285714285714284,0.8615766549439067,0.10647444986816364,0.04804479130891404,0.22735164022282273,2.433740714114546,12.254110612855008,-0.5518101907492725,-0.0750157279031982,-0.1466656139100941,Communication Equipment,Technology,NTGR
2020Q1,2020,Q1,2020-05-01,2020-03-29,-4173000.0,229963000.0,669000.0,-0.14,66241000.0,0.28805068641477105,879369000.0,597791000.0,677647000.0,234202000.0,281578000.0,180602000.0,-243251000.0,660292560.0,488949560.0,20.20724740560457,2.893429603504667,0.03746891236784558,0.05511792583026509,0.0011508600153007484,20.20724740560457,-0.006980700612755963,2.8712991220326747,-39.55742631200575,1.1045542003810698,0.0,0.9065348113531412,0.0,0.2615091048240272,1.995269041254985,-0.004745448156575909,23.81148791922106,0.28805068641477105,-13.0,-1.6106234543059523,-0.12805175069105781,-0.039829373839185,-0.04802897259388069,-8.935714285714285,4.170616113744076,-1.290553029995517,-0.20876210828887598,-0.17613509581298106,Communication Equipment,Technology,NTGR
2019Q4,2019,Q4,2020-02-18,2019-12-31,-420000.0,252971000.0,-211000.0,-0.01,69583000.0,0.2750631495309739,955813000.0,608693000.0,744109000.0,298391000.0,347120000.0,235489000.0,-222723000.0,737824530.0,582407530.0,20.220343487360065,2.4937380819126584,0.03639937937650984,0.05715689189788613,0.00020904795252663002,20.220343487360065,-0.0006900030064416709,2.916636808171688,-439.1812678571429,1.2121455807771735,0.0,0.7787539970019831,0.0,0.26466578713618666,1.5847495400330438,-0.0004394164967415174,15.653100178207739,0.2750631495309739,-1.0256410256410258,0.9879934441524018,-0.17373918264459565,-0.026876791498942496,-0.098572390921339,-1.0335222284300423,-1.0174886033982595,-1.0208079298330546,-0.2468952246176907,-0.16326620498667396,Communication Equipment,Technology,NTGR
2019Q3,2019,Q3,2019-11-01,2019-09-29,12529000.0,265858000.0,12065000.0,0.39,77192000.0,0.2903504878544185,943061000.0,622138000.0,726724000.0,272474000.0,320923000.0,275584000.0,-199841000.0,996661260.0,865602260.0,20.11243655642841,2.6671315428261044,0.03917349991145854,0.0593807161755109,0.01765546262986055,20.11243655642841,0.020138618763039712,3.748848106884126,19.887087157793918,1.6019938663126188,0.0,0.6846043311658151,0.0,0.2819096537763729,1.5413837650564826,0.013285460855660451,-34.98161735284827,0.2903504878544185,12.0,-0.27906502770092334,-0.13301497564939851,-0.07685943370152744,0.17949423179769272,13.933253873659117,36.00920245398773,-0.36876875559603417,-0.1642230727111541,-0.14827067511705116,Communication Equipment,Technology,NTGR
2019Q2,2019,Q2,2019-08-02,2019-06-30,839000.0,230852000.0,326000.0,0.03,65445000.0,0.28349332039575137,992507000.0,622072000.0,771949000.0,314987000.0,370435000.0,276316000.0,-190005000.0,809583860.0,634478860.0,19.908852333098636,2.4507328873890035,0.03980425326975024,0.06350711814709552,0.0002445956998896594,19.908852333098636,0.001348718476317854,3.5069389045795574,241.23476162097734,1.301431120513381,0.0,0.5986153534359212,0.0,0.23259483308430068,1.4506820916418772,0.0008453340883238103,34.01469938237889,0.28349332039575137,-0.923076923076923,-0.9340099230763421,-0.20912515841849563,-0.07099083179138703,-0.20196810067310506,-0.9346725842871603,-0.9767275842375785,-0.9453408973606948,-0.22624769023650923,-0.12282982881949257,Communication Equipment,Technology,NTGR
2019Q1,2019,Q1,2019-05-03,2019-03-31,12843000.0,249082000.0,14008000.0,0.39,82008000.0,0.3292409728523137,970375000.0,632908000.0,746097000.0,280011000.0,337467000.0,236123000.0,-171551000.0,1076718600.0,933151600.0,20.1031667884255,2.664527464992447,0.043398686074971014,0.06653889664848604,0.01666885629190621,20.1031667884255,0.020292048765381383,4.322747528926217,20.959250175192714,1.701224506563355,0.0,0.7075719010854512,0.0,0.256686332603375,1.6970154743920776,0.013235089527244621,-24.952344093995503,0.3292409728523137,1.9512195121951221,0.03689116416942611,-0.17054765413017847,-0.05883834095713134,20.417602507182032,1.6595963227363772,-0.4067172080809792,-0.20033636260905055,-0.17075430062537325,-0.09750625611009799,Communication Equipment,Technology,NTGR
2018Q4,2018,Q4,2019-02-22,2018-12-31,-19471000.0,-53563000.0,23611000.0,-0.41,3829000.0,0.07148591378376865,1043376000.0,627552000.0,857899000.0,383992000.0,415824000.0,243871000.0,-166050000.0,1644356120.0,1443309120.0,19.85672699658271,2.2341585241359194,0.0,0.0,0.012175256868478358,19.85672699658271,-0.031026910917342308,-30.699477624479584,-21.112887370961943,2.6202707026668706,0.0,-0.23533753500826257,0.0,-0.051336239284783244,1.5053204233421529,-0.0186615371639754,-9.704937704724525,-0.07148591378376865,-2.3666666666666667,-3.039541268947629,-1.179856299687291,-0.028826126723289658,-0.9691687065189384,-2.957081113679767,1.4566642388929352,-1.911835572781846,-1.1515816869060824,-0.09571494149270224,Communication Equipment,Technology,NTGR
2018Q3,2018,Q3,2018-11-02,2018-09-30,9949000.0,400586000.0,9611000.0,0.3,124192000.0,0.31002581218514874,1533322000.0,910178000.0,1258322000.0,524071000.0,598843000.0,330516000.0,124488000.0,1939922000.0,1546282000.0,28.620149676121,2.401052529142044,0.0,0.0,0.008098841390377374,28.620149676121,0.010930828914783702,4.842710429221191,48.746657955573426,2.1313655131194116,0.0,0.8362499848721393,0.0,0.26125367013582274,1.6959438702007934,0.006488526219541622,71.12715406614358,0.31002581218514874,2.7647058823529407,-0.16255213132084828,0.34700657641585086,0.3530696245412898,0.1375810647418752,2.9022944550669214,4.209015025041737,-0.3374148601328792,0.17819182191512264,0.38367003722467896,Communication Equipment,Technology,NTGR
2018Q2,2018,Q2,2018-08-03,2018-07-01,-5230000.0,366820000.0,-2995000.0,-0.17,109172000.0,0.2976173600130854,1256631000.0,755736000.0,1035858000.0,444552000.0,500895000.0,291459000.0,129953000.0,2050891500.0,1823494500.0,23.85982193597272,2.330116611779949,0.0,0.0,-0.024044798344365924,23.85982193597272,-0.006920406067727355,5.591002398996783,-98.03496653919693,2.713767109149227,0.0,0.8839939751388703,0.0,0.29190748915154885,1.5735414529683815,-0.004161921837038876,-75.64515712599587,0.2976173600130854,-2.0,-1.4550265600197796,0.2476952669944637,0.15435340071788572,0.04465815032773551,-1.9355992844364938,-1.3528926593613761,-2.5216044266343802,0.35517028677299084,0.22183022400830177,Communication Equipment,Technology,NTGR
2018Q1,2018,Q1,2018-05-04,2018-04-01,5590000.0,344973000.0,8487000.0,0.17,104505000.0,0.3029367515718622,1213177000.0,755719000.0,999533000.0,402156000.0,457458000.0,266345000.0,140080000.0,1764626050.0,1505831050.0,24.046806885798837,2.4854359999602145,0.0,0.0,0.007863928199375921,24.046806885798837,0.007396929281915632,5.1152584405156345,78.9188752236136,2.335029356149574,0.0,0.9028440556421183,0.0,0.28435504464723615,1.7489208167974617,0.004607736546274781,32.793035810522014,0.3029367515718622,1.1666666666666665,-0.5544433979592719,0.4378971951721782,0.18885808178259278,0.004093044706424927,1.1750485376088182,-0.5602818506813119,-0.23002576519811116,0.23128088653037127,0.14261171555220434,Communication Equipment,Technology,NTGR
2017Q4,2017,Q4,2018-02-16,2017-12-31,-31934000.0,397057000.0,19301000.0,-1.02,104079000.0,0.2621260927272407,1208564000.0,730485000.0,1015664000.0,424436000.0,478079000.0,245894000.0,128168000.0,1843516250.0,1640646250.0,23.279422543739443,2.392973263342412,0.0,0.0,-0.040828686100187785,23.279422543739443,-0.0437161611805855,4.6429511379978186,-14.43223719233419,2.5236880291860886,0.0,1.1914808820060676,0.0,0.3285361801278211,1.7496018245389175,-0.02642309385353196,-103.70232603926422,0.2621260927272407,-2.59375,-3.423676089048682,0.5608496473527345,0.1813224661016266,0.009544594791211988,-2.535731460998365,-0.23993856816570844,0.12422376653001163,0.24414201648140377,0.12034428950114796,Communication Equipment,Technology,NTGR
2017Q3,2017,Q3,2017-11-03,2017-10-01,20794000.0,355483000.0,25394000.0,0.64,103095000.0,0.29001386845503163,1161157000.0,776515000.0,945166000.0,352327000.0,384642000.0,249078000.0,187030000.0,1558251600.0,1311678600.0,24.492650769618976,2.6826385715542664,0.0,0.0,0.025602058382802384,24.492650769618976,0.0267786198592429,4.383477128301494,18.734389727806096,2.006724403263298,0.0,1.0132890098683947,0.0,0.3061455083162742,1.897035992132309,0.01790800038237723,16.505503770866877,0.29001386845503163,0.4545454545454546,0.052064606945505756,0.35748774475340056,0.2755429532725501,0.12137791507135398,0.42600466328350023,0.3300162363169748,0.1674161745206834,0.1310679110701246,0.12418798379702237,Communication Equipment,Technology,NTGR
2017Q2,2017,Q2,2017-08-04,2017-07-02,14582000.0,330723000.0,19093000.0,0.44,91936000.0,0.2779848997499418,1115589000.0,775922000.0,901589000.0,307150000.0,339667000.0,263773000.0,196603000.0,1408929600.0,1218253600.0,23.98374134520277,2.9353377828422595,0.0,0.0,0.01797861293111388,23.98374134520277,0.01879312611319179,4.260150034923486,24.15528734055685,1.8158134451658798,0.0,0.9052746111239589,0.0,0.2964559528643613,1.9863617125183135,0.013071122070941897,-163.67676579925651,0.2779848997499418,-0.06382978723404249,-0.20463692822866328,0.21075797617423203,0.3020633764537776,-0.05154128667519498,-0.0882831061648118,-0.1621835095879591,0.10771251443236939,0.09428844244351449,0.11915620372525448,Communication Equipment,Technology,NTGR
2017Q1,2017,Q1,2017-05-05,2017-04-02,15994000.0,323657000.0,22789000.0,0.47,96932000.0,0.2994898920771063,1142143000.0,808030000.0,924274000.0,301923000.0,334113000.0,267826000.0,230733000.0,1604372800.0,1368704800.0,24.527379796017485,3.0612904614752767,0.0,0.0,0.01917129301776939,24.527379796017485,0.019793819536403353,4.957015606027369,25.077729148430663,1.9855361805873546,0.0,0.8465384242007871,0.0,0.2833769501717386,2.0749959426741253,0.01400350043733578,275.33427149476574,0.2994898920771063,-0.276923076923077,-0.2703065952770802,0.14036385483646696,0.3776310246972184,-0.12445126908138379,-0.2765841964810711,-0.3103229125684714,0.23402387699024765,0.029992067380896353,0.14828821268523795,Communication Equipment,Technology,NTGR
2016Q4,2016,Q4,2017-02-24,2016-12-31,22109000.0,367929000.0,33043000.0,0.65,110710000.0,0.30090044546638073,1184456000.0,796819000.0,962785000.0,356653000.0,387637000.0,247862000.0,228541000.0,1792082550.0,1551614550.0,24.16580232311285,2.6995006350710633,0.0,0.0,0.027074687849642284,24.16580232311285,0.02774657732810086,4.87072927113655,20.264174657379346,2.2490459564844714,0.0,1.0377508452283932,0.0,0.3106312096017074,1.9061132248992718,0.01866595297756945,-90.31763683096462,0.30090044546638073,0.04838709677419359,0.11875398899635169,0.37516325213652124,0.44141992731288987,0.0735827466495995,0.04687721956532033,0.1067457127545552,1.2197135384450633,0.18415450456935972,0.1819267015664674,Communication Equipment,Technology,NTGR
2016Q3,2016,Q3,2016-11-04,2016-10-02,21119000.0,338458000.0,29856000.0,0.62,103122000.0,0.3046818216735902,1096748000.0,777196000.0,885067000.0,291149000.0,319552000.0,217621000.0,221754000.0,1922777460.0,1649057460.0,23.61364810257345,3.0399108360324094,0.0,0.0,0.026807877954409004,23.61364810257345,0.027173325647584394,5.680992796742875,22.761227567593163,2.4739929953319373,0.0,1.0814029896011874,0.0,0.3086014289517738,2.187632449364415,0.01925601870256431,47.56171519034309,0.3046818216735902,0.2916666666666667,-0.10078168139389755,0.2771809187814604,0.4514027194891054,0.054546570131304456,0.31713858051640265,0.1701810770557341,0.717665783374377,0.09967840379676147,0.11637815782833567,Communication Equipment,Technology,NTGR
2016Q2,2016,Q2,2016-08-05,2016-07-03,16034000.0,311655000.0,25514000.0,0.48,97788000.0,0.3137700341724022,1040766000.0,740797000.0,827426000.0,273316000.0,299969000.0,207841000.0,201084000.0,1563081710.0,1337070710.0,22.696681883636142,3.027360271626981,0.0,0.0,0.0216893111273607,22.696681883636142,0.02164425611874778,5.01542317626863,24.371362573281775,2.1100000539958987,0.0,1.0289933170067505,0.0,0.29944771447184093,2.1338743432510356,0.015405960609781642,65.63984840213328,0.3137700341724022,-0.040000000000000036,-0.11711876779489505,0.21363320746173697,0.45451048478870254,-0.027613981007308705,-0.03345590451504009,-0.0039041149371437495,0.3537641397810128,0.028716458126402413,0.09807994324913567,Communication Equipment,Technology,NTGR
2016Q1,2016,Q1,2016-05-06,2016-04-03,16589000.0,310256000.0,25614000.0,0.5,100565000.0,0.3241355525759373,1025251000.0,724365000.0,802463000.0,274753000.0,300886000.0,215307000.0,201860000.0,1309540130.0,1082682130.0,22.27513146160706,2.920670565926487,0.0,0.0,0.023020070170794722,22.27513146160706,0.022901437811048298,4.2208374052395445,19.73506736391585,1.8078456717262708,0.0,0.9739163148434561,0.0,0.3026146767962187,2.008076344935269,0.01618042801226236,21.897565841178537,0.3241355525759373,-0.24242424242424246,-0.12332029661031277,0.24601364758817576,0.5271715720124254,-0.046017682325263716,-0.23928096482780759,-0.16414306226341208,0.2778416104507619,0.24976587953065968,0.10126763136025901,Communication Equipment,Technology,NTGR
2015Q4,2015,Q4,2016-02-19,2015-12-31,21807000.0,360863000.0,30644000.0,0.66,105416000.0,0.29212194101362565,1050569000.0,708710000.0,821143000.0,315772000.0,341859000.0,213118000.0,195627000.0,1352645250.0,1170700250.0,21.958481797056546,2.6004300571298278,0.0,0.0,0.030679885153181007,21.958481797056546,0.030769990546203666,3.748362259361586,15.507007497592515,1.9086018964033242,0.0,1.198617667207838,0.0,0.3434929071769679,1.8016416908402264,0.020757322936427784,-166.58192733990148,0.29212194101362565,0.4042553191489363,0.7856292749199051,0.5569188581276984,0.5796332491947735,0.09435568428374183,0.4442678323067753,0.1780263714296698,0.6091259148465683,0.37918783296103103,0.11429086437208891,Communication Equipment,Technology,NTGR
2015Q3,2015,Q3,2015-10-30,2015-09-27,15099000.0,341893000.0,26013000.0,0.47,96327000.0,0.2817460433527449,974751000.0,661461000.0,768483000.0,288476000.0,313290000.0,170013000.0,186597000.0,927071210.0,724642210.0,20.684230276118704,2.663940847765499,0.0,0.0,0.022944938203464597,20.684230276118704,0.02282674261974629,2.7115828928933907,15.34987764090337,1.4015508246139983,0.0,1.444395428584873,0.0,0.35074906309406195,1.8650459656955864,0.015490109781882758,12.493547652417659,0.2817460433527449,3.2727272727272725,0.2778614559733804,0.6054175699752123,0.5587910317787089,0.2404321623570619,3.117534769566403,1.322381930184805,-0.2426410947942647,0.2943641335229969,0.07720574717443647,Communication Equipment,Technology,NTGR
2015Q2,2015,Q2,2015-07-31,2015-06-28,3667000.0,288782000.0,11201000.0,0.11,77656000.0,0.2689087269982201,926783000.0,659888000.0,713685000.0,242064000.0,266895000.0,188668000.0,192183000.0,1021532160.0,884777160.0,19.527935606060606,2.9483318461233394,0.0,0.0,0.0056973910724244115,19.527935606060606,0.005557003612734282,3.5373816927647845,69.64358876465776,1.5480386974759355,0.0,1.1190344944558697,0.0,0.31159613415438137,1.8978782470751536,0.0039566975225052686,28.13750612863242,0.2689087269982201,-0.5217391304347826,-0.6346099580899173,0.5367814098596424,0.5220011832418893,-0.12034435885817853,-0.5422544001997254,-0.3599062803588777,-0.8085098335996218,0.012162626448680092,0.06016027292943815,Communication Equipment,Technology,NTGR
2015Q1,2015,Q1,2015-05-01,2015-03-29,8011000.0,309157000.0,17499000.0,0.23,88280000.0,0.28555070724583304,989859000.0,729815000.0,769881000.0,237368000.0,260044000.0,200948000.0,266787000.0,1141599760.0,995198760.0,21.04547551761924,3.2434068619190457,0.0,0.0,0.01065584294615656,21.04547551761924,0.010976754382960065,3.6926214188907256,35.6260067407315,1.564231702554757,0.0,1.0991749109222286,0.0,0.312324280528843,2.115491557412962,0.008093071841545108,-190.3300700233411,0.28555070724583304,1.1982758620689655,-0.41187863603086344,0.4726910515048989,0.6881304479583167,-0.12136473117423413,1.1985230342229822,1.3756359343136202,-0.6527899015098103,0.03480807834580618,0.18206266807535637,Communication Equipment,Technology,NTGR
2014Q4,2014,Q4,2015-02-20,2014-12-31,-40353000.0,353182000.0,-46585000.0,-1.16,100474000.0,0.2844822216307739,1048687000.0,721565000.0,822965000.0,304116000.0,327122000.0,222883000.0,267348000.0,1235551080.0,1094317080.0,20.778811265334333,2.706089123886938,0.0,0.0,-0.05668231112172946,20.778811265334333,-0.05592427570627733,3.4983410253070657,-7.6546420340495125,1.7123212461801776,0.0,1.13381460228012,0.0,0.33678495108645384,1.7520222546659827,-0.03847954632793198,34.81111993914293,0.2844822216307739,-3.109090909090909,-6.28267247304596,0.6592093529949757,0.7911341030306087,-0.018166182951736,-3.015131086142322,-2.754085397996837,-2.938853639542498,0.2534081132263278,0.23939574706694117,Communication Equipment,Technology,NTGR
2014Q3,2014,Q3,2014-11-04,2014-09-28,20025000.0,353338000.0,26558000.0,0.55,102333000.0,0.28961787297148905,1081318000.0,776553000.0,795669000.0,282151000.0,304765000.0,206494000.0,330719000.0,1142001720.0,1000181720.0,21.786970793704235,2.820011270560799,0.0,0.0,0.02372028596494079,21.786970793704235,0.02578703578506554,3.2320376523328935,14.2572,1.4706037063793456,0.0,1.2155558999292957,0.0,0.3267660392225044,1.8472945337780124,0.01851906654656632,54.81169762419007,0.28961787297148905,0.37500000000000006,1.2738288437319953,1.0005445636575618,0.8704236518904412,0.05296030292428951,0.3617817069024141,0.08042797282453928,-0.21266865937376186,0.2312073610390886,0.3391267847328454,Communication Equipment,Technology,NTGR
2014Q2,2014,Q2,2014-08-01,2014-06-29,14705000.0,337604000.0,24581000.0,0.4,97186000.0,0.2878698119690525,1077992000.0,774466000.0,788128000.0,283317000.0,303526000.0,194533000.0,336270000.0,1256553030.0,1109571030.0,21.43020006087606,2.7817885972250167,0.0,0.0,0.019125773103662293,21.43020006087606,0.018987276394315567,3.7219731697491736,21.36268327099626,1.6224766871625096,0.0,1.2358725768892682,0.0,0.31317857646438935,1.8552681272214515,0.013641103087963548,40.758799506957736,0.2878698119690525,0.025641025641025664,5.26737561913722,1.2211954794082023,0.8930332906045862,-0.007546591779423028,0.020401082506418707,0.04604451253244819,-0.26871587155076515,0.1873579081127186,0.3733483528328869,Communication Equipment,Technology,NTGR
2014Q1,2014,Q1,2014-05-06,2014-03-30,14411000.0,349391000.0,23499000.0,0.39,97925000.0,0.28027338998428697,1090096000.0,782415000.0,798704000.0,287711000.0,307681000.0,201630000.0,350279000.0,1235529900.0,1105873900.0,21.35995085995086,2.776063480367452,0.0,0.0,0.018458675119669737,21.35995085995086,0.01841861416256079,3.5362384835327756,21.433798834223854,1.5791234830620577,0.0,1.2471656003570897,0.0,0.3205139730812699,1.8473815738710024,0.013219936592740456,500.4171324422843,0.28027338998428697,0.3000000000000001,320.77129142129144,1.1553567553337316,0.862887937619448,-0.02841579934318229,0.26058432470258924,-0.0022927015666794038,-0.323893476321623,0.2457032206486161,0.46442726001967627,Communication Equipment,Technology,NTGR
2013Q4,2013,Q4,2014-02-25,2013-12-31,11432000.0,356620000.0,23553000.0,0.3,100789000.0,0.2826229600134597,1093930000.0,773783000.0,800111000.0,300083000.0,320147000.0,224456000.0,351776000.0,1246614300.0,1103605300.0,20.446109129343373,2.666298990612597,0.0,0.0,0.015035256557259203,20.446109129343373,0.014774167951479936,3.4956376535247604,27.26150935969209,1.611064471563733,0.0,1.1397824072423994,0.0,0.325998921320377,1.714985520672614,0.010450394449370617,160.50139049826188,0.2826229600134597,-0.1891891891891892,2.4151374380979838,1.0089190401112729,0.7990325151279984,-0.00855802240824718,-0.20924119803555372,-0.028301497586534097,-0.20168308557308592,0.3121608044934352,0.470837287198286,Communication Equipment,Technology,NTGR
2013Q3,2013,Q3,2013-11-05,2013-09-29,14457000.0,361895000.0,24239000.0,0.37,101659000.0,0.28090744552978075,1141194000.0,818583000.0,846589000.0,302931000.0,322611000.0,211275000.0,403441000.0,1194282000.0,1033798000.0,21.15201550387597,2.7946595099214013,0.0,0.0,0.017246893594810263,21.15201550387597,0.01766100688629009,3.300078752124235,20.652313758041085,1.4589626219943488,0.0,1.231740622411549,0.0,0.31711961331727995,1.886178700760239,0.012668310558940899,94.17885024840312,0.28090744552978075,0.027777777777777804,3.2632018526707087,0.8462033257956282,0.8364331548225701,-0.017122691675529343,0.03375044690740079,0.12311185246965063,0.01103846962122351,0.40421723607064214,0.5940439470717895,Communication Equipment,Technology,NTGR
2013Q2,2013,Q2,2013-08-06,2013-06-30,13985000.0,357719000.0,21582000.0,0.36,103430000.0,0.289137563282912,1128740000.0,796579000.0,828905000.0,312532000.0,332161000.0,185383000.0,388987000.0,1216676230.0,1069742230.0,20.669425776486158,2.6522244122201886,0.0,0.0,0.017932728062795684,20.669425776486158,0.017556325235789545,3.401206617484674,21.74966446192349,1.5273767322512894,0.0,1.3716953550217656,0.0,0.31691886528341334,1.8448862836445548,0.012389921505395397,209.30263719249956,0.289137563282912,-0.07692307692307698,0.15954716838753855,0.6049565196548675,0.8227750672288002,0.17886410522356588,-0.08850941797562406,-0.08802028311852947,0.22186077488385608,0.6691579739046439,0.6109685695081304,Communication Equipment,Technology,NTGR
2013Q1,2013,Q1,2013-05-07,2013-03-31,15343000.0,293399000.0,23665000.0,0.39,87737000.0,0.2990364657002921,1045316000.0,777377000.0,877688000.0,247765000.0,267939000.0,158555000.0,375149000.0,1260218070.0,981120070.0,20.226810293237584,3.542421245938692,0.0,0.0,0.01955263604347007,20.226810293237584,0.019736884420300575,4.295236418665367,20.534088346477223,1.6211157134826473,0.0,1.2971019520040366,0.0,0.28067971790348567,2.6650576150788043,0.014677858178770821,29.78112463370829,0.2990364657002921,-0.04878048780487796,0.25589250719490847,0.3605766329772864,0.845628043468432,-0.039845477029481935,-0.04577399091983332,-0.16681336478540998,0.016342918315427245,0.2610750960294953,0.6224624761984824,Communication Equipment,Technology,NTGR
2012Q4,2012,Q4,2013-02-26,2012-12-31,16079000.0,310436000.0,28403000.0,0.41,91378000.0,0.2943537476323622,1034569000.0,754611000.0,864209000.0,260930000.0,279958000.0,174903000.0,360142000.0,1509892990.0,1360860990.0,19.706238738150574,3.312033878818074,0.0,0.0,0.02130691696484422,19.706238738150574,0.02130766712915661,4.863781874524862,23.476164406990485,2.0008891866140304,0.0,1.2524542174805464,0.0,0.30006311807139013,2.42552025447438,0.01554173767046954,117.84070787481464,0.2943537476323622,-0.3278688524590164,0.2026642505877862,0.4679600088461648,0.9041996611235525,-0.06459339939398903,-0.32415619351855746,-0.06973011921917988,0.9088520211113296,0.32254382970268725,0.6986783216636738,Communication Equipment,Technology,NTGR
2012Q3,2012,Q3,2012-11-06,2012-09-30,23791000.0,315210000.0,30532000.0,0.61,97688000.0,0.30991402557025477,1018637000.0,732777000.0,851076000.0,263049000.0,285860000.0,178916000.0,344098000.0,1438325780.0,1303724780.0,19.201745191551804,3.2354276199491347,0.0,0.0,0.029405223564353735,19.201745191551804,0.03246690330073133,4.563071539608515,15.114179521667857,1.962842419999536,0.0,1.2157772362449417,0.0,0.30944291244084005,2.3238332021790615,0.023355719456489406,78.6142205946655,0.30991402557025477,0.08928571428571416,0.6469015608377887,0.5101352936714958,0.898590880778743,0.03222806906316702,0.10542700492519283,-0.014619977408423432,1.5231383631194537,0.6668671738394962,0.6484805852051031,Communication Equipment,Technology,NTGR
2012Q2,2012,Q2,2012-08-08,2012-07-01,21522000.0,320655000.0,30985000.0,0.56,94638000.0,0.2951396360574449,988138000.0,699547000.0,843725000.0,266330000.0,288591000.0,152820000.0,320307000.0,1334926700.0,1177771700.0,18.41979567117805,3.1679683099913643,0.0,0.0,0.03030592468178905,18.41979567117805,0.030765624039557026,4.16312454195319,15.506536334913111,1.9082730681426694,0.0,1.4789752650176677,0.0,0.3245042696465473,2.37373559118387,0.02178035861387782,-375.190191118606,0.2951396360574449,-0.1384615384615384,2.2049353330333092,0.7826913167992499,0.9153234508550301,-0.0521888050956945,-0.14415238398218475,-0.14391888158258276,6.94322963294539,1.0075263507282497,0.6271097009184361,Communication Equipment,Technology,NTGR
2012Q1,2012,Q1,2012-05-08,2012-04-01,25147000.0,325620000.0,36194000.0,0.65,99849000.0,0.3066427123641054,940562000.0,672921000.0,805028000.0,243632000.0,267641000.0,134314000.0,299004000.0,1452878240.0,1303620240.0,17.804026881151444,3.3042785840940434,0.0,0.0,0.03787429079187686,17.804026881151444,0.03736991415039804,4.461882685338739,14.4438525470235,2.159062118733105,0.0,1.680919338267046,0.0,0.34619727354496566,2.5391902541538056,0.026736142859269247,128.23285436893204,0.3066427123641054,0.08451937814758048,0.628008820568642,0.7028679254410957,0.9202094750992412,0.05134090741579186,0.10124808408145392,0.07445229472184291,543.1647875310564,0.9467473920312289,0.5527613867378405,Communication Equipment,Technology,NTGR
2011Q4,2011,Q4,2012-02-29,2011-12-31,22835000.0,309155000.0,33686000.0,0.5993438320209974,94973000.0,0.30720188902007084,971370000.0,638757000.0,834229000.0,308961000.0,332613000.0,163724000.0,274453000.0,1279017000.0,1070119000.0,16.76527559055118,2.7001110172481315,0.0,0.0,0.035824626576407524,16.76527559055118,0.035749118992042354,4.137138328670084,14.00281366323626,2.0023530074817186,0.0,1.3081893919034473,0.0,0.31826698374460816,1.9905489689637204,0.023508035043289376,41.98729564703565,0.30720188902007084,-0.14379452568428938,0.5374646594337429,0.7069517684967738,0.9645339270639278,-0.013882255217526736,-0.14625939357684975,0.018411585089337,3.8077662837426547,0.7298822717717244,0.4751596854776231,Communication Equipment,Technology,NTGR
2011Q3,2011,Q3,2011-11-08,2011-10-02,26747000.0,301800000.0,33077000.0,0.7,96310000.0,0.3191186216037111,864288000.0,609831000.0,726614000.0,230622000.0,254457000.0,135963000.0,251645000.0,891720570.0,717442570.0,16.269535522770322,3.1506707946336427,0.0,0.0,0.044062172859329854,16.269535522770322,0.04385969227540089,2.954673856858847,8.334771843571241,1.4622421129788417,0.0,1.5113670630980487,0.0,0.3491891591691658,2.340245076358717,0.030946860305823984,21.594957256677887,0.3191186216037111,0.2962962962962961,1.9904949425025893,0.7765359710714074,0.9943043840368581,0.06564723325624883,0.29858717288925574,0.1995720606368318,7.143468386300102,0.5896181163841858,0.41253274148291175,Communication Equipment,Technology,NTGR
2011Q2,2011,Q2,2011-08-09,2011-07-03,20597000.0,291240000.0,27574000.0,0.54,90377000.0,0.31031795083092983,820769000.0,577626000.0,681898000.0,217188000.0,243143000.0,137789000.0,224898000.0,1605427290.0,1476004290.0,15.604343950076991,3.1396670165939184,0.0,0.0,0.0359645293987722,15.604343950076991,0.03565802093396073,5.512385970333745,19.486178691071515,2.77935427075651,0.0,1.4577578761729892,0.0,0.35483796293475994,2.246238282041365,0.025094758695808444,119.91539363609202,0.31031795083092983,-0.05263157894736828,0.8811918853590385,1.0010257503293587,0.9739401597230793,0.029514956826828878,-0.027939024965784133,-0.09688195991091314,0.7779892897111567,0.36041530191755794,0.3761005941935902,Communication Equipment,Technology,NTGR
2011Q1,2011,Q1,2011-05-10,2011-04-03,21189000.0,278823000.0,30532000.0,0.57,87786000.0,0.31484490160424355,773449000.0,531130000.0,663064000.0,216776000.0,242319000.0,140113000.0,204301000.0,1109898720.0,952362720.0,14.585873565112319,3.0587518913532863,0.0,0.0,0.040158561994388164,14.585873565112319,0.03989418786361155,3.980656975930967,13.095222993062439,2.0896931448044738,0.0,1.3634495014738104,0.0,0.36049306418393456,2.199482415027494,0.02739547145319213,417.8835542168675,0.31484490160424355,0.5063867273528115,0.9485820091645708,0.9882796053371516,0.9441595048307966,0.08172117209256476,0.5554984583761562,0.2149138514185667,0.8305792842493053,0.3646738586475962,0.33091164152839025,Communication Equipment,Technology,NTGR
2010Q4,2010,Q4,2011-02-28,2010-12-31,13622000.0,258531000.0,25131000.0,0.3783888888888889,81154000.0,0.3139043286878556,780321000.0,500436000.0,668044000.0,254723000.0,279885000.0,127394000.0,184011000.0,1212480000.0,1086307000.0,13.901,2.6226292875005397,0.0,0.0,0.02727670372906176,13.901,0.027220263929853168,4.689882451234088,22.252239025106444,2.422847277174304,0.0,1.3923497181970894,0.0,0.331313651689497,1.9529763704102103,0.017456918370773053,84.33470125895528,0.3139043286878556,0.05108024691358028,0.46354746153460624,1.0229342723004695,1.020322960627786,0.07194843277371973,0.040244368079419626,0.15683115448352053,0.08378499370600855,0.3003841355667754,0.34324362152545057,Communication Equipment,Technology,NTGR
2010Q3,2010,Q3,2010-11-10,2010-10-03,13095000.0,236017000.0,21724000.0,0.36,75707000.0,0.32076926662062477,681374000.0,470281000.0,571380000.0,185109000.0,211093000.0,110394000.0,170470000.0,944148240.0,845600240.0,13.269405490815721,3.0867218773803544,0.0,0.0,0.028095957291172678,13.269405490815721,0.02784505433985213,4.000339975510238,18.024975945017182,2.007625738654124,0.0,1.4521622551950286,0.0,0.3463839242471829,2.264114656769795,0.019218520225309448,91.39866795740562,0.32076926662062477,0.24137931034482762,0.4057629511625707,0.9560670260113481,0.9162757939394012,0.08833846065380524,0.2513139034878165,0.044423076923076926,-0.0239195671273873,0.21754302273257303,0.31202513140849064,Communication Equipment,Technology,NTGR
2010Q2,2010,Q2,2010-08-05,2010-06-27,10465000.0,195949000.0,20800000.0,0.29,69562000.0,0.35500053585371705,642867000.0,452106000.0,535691000.0,165227000.0,190761000.0,125687000.0,157375000.0,674436180.0,563496180.0,12.830433918892073,3.2421517064402305,0.0,0.0,0.02289189387294107,12.830433918892073,0.023147226535370023,3.441896513888818,16.111709985666508,1.491765603641624,0.0,1.0055693906291026,0.0,0.30480488188070004,2.2378909016080906,0.016278639283086548,1842.7218032786884,0.35500053585371705,-0.23684210526315796,0.15010325541433178,0.6617116839183776,0.936998975051564,-0.04479292540920576,-0.2376338602753697,-0.122622010376682,0.6796122768338225,0.17412503416707917,0.33413157280306127,Communication Equipment,Technology,NTGR
2010Q1,2010,Q1,2010-05-06,2010-03-28,13727000.0,211555000.0,23707000.0,0.38,72824000.0,0.3442319964075536,642363000.0,435675000.0,534637000.0,182107000.0,206688000.0,109934000.0,147002000.0,908622000.0,777639000.0,12.46673534208945,2.9358399182897967,0.0,0.0,0.03167309785297319,12.46673534208945,0.03150743099787686,4.294968211576186,16.54808042543892,2.0855500086073335,0.0,1.2619480779376717,0.0,0.3293387072418555,2.1475670896780463,0.021369537162009643,-104.29545454545455,0.3442319964075536,0.7274926779574684,0.5822234447204712,0.7591497665877952,1.0145116323737915,0.09569090033702456,0.747994397045715,0.32737961926091824,-0.038869972147110375,0.19654525217745447,0.3445690397590854,Communication Equipment,Technology,NTGR
2009Q4,2009,Q4,2010-03-01,2009-12-31,7853000.0,218832000.0,17860000.0,0.21997198879551821,66464000.0,0.3037215763690868,633121000.0,414153000.0,534725000.0,195609000.0,218968000.0,90590000.0,133838000.0,774333000.0,602131000.0,11.600924369747899,2.733642112581732,0.0,0.0,0.019379343290183856,11.600924369747899,0.01896159148913566,3.5384815749067777,24.65086591111677,1.8696785970402243,0.0,1.6819516502925267,0.0,0.3456400909146909,2.095777801634894,0.012403632165099562,52.844673445710775,0.3037215763690868,-0.08345004668534074,-0.1703531949912145,0.8837255450959711,1.0233369177341445,0.1922863037043681,-0.07936694021101993,0.22698543555921957,-0.43571762856380564,0.2894739242265852,0.3593817403465181,Communication Equipment,Technology,NTGR
2009Q3,2009,Q3,2009-11-06,2009-09-27,8530000.0,171071000.0,14556000.0,0.24,55745000.0,0.3258588539261476,556969000.0,402129000.0,460022000.0,134014000.0,154840000.0,73858000.0,126036000.0,648341940.0,488694940.0,11.648147611737103,3.432641365827451,0.0,0.0,0.021507614049659528,11.648147611737103,0.02121209860517396,3.789899749226929,19.00181535756155,1.6122735241676178,0.0,1.5614557664707953,0.0,0.30714635823537756,2.671877565030519,0.015315035486714701,77.61785466299533,0.3258588539261476,3.3999999999999995,0.2904508053125148,0.5021580374298948,1.098949568470251,0.3510664081434804,3.600609756097561,9.257928118393234,0.03548268318741705,0.09334438455840616,0.4278189943089564,Communication Equipment,Technology,NTGR
2009Q2,2009,Q2,2009-08-06,2009-06-28,-3280000.0,144674000.0,1419000.0,-0.1,41260000.0,0.2851929164881043,531825000.0,389416000.0,437329000.0,122218000.0,142409000.0,75039000.0,117506000.0,504977320.0,280481320.0,11.320561644233845,3.5782699765991914,0.0,0.0,-0.01035706349807946,11.320561644233845,-0.008422869116831358,3.490449700706416,-38.489125,1.296755449185447,0.0,1.3781367022481643,0.0,0.2720330935928172,2.7387700666023007,-0.0061674422977483195,20.87891011328868,0.2851929164881043,-83.3857142857143,-1.5939573973900552,0.4452130588981019,1.1615818674299012,-0.03892292282965689,-79.0952380952381,1.8021481062747315,-1.3223727862532744,0.06966440865608793,0.43204426483201597,Communication Equipment,Technology,NTGR
2009Q1,2009,Q1,2009-05-07,2009-03-29,42000.0,152018000.0,-1769000.0,0.0012138026703658747,42931000.0,0.28240734649844096,548290000.0,393870000.0,454142000.0,135328000.0,154420000.0,92023000.0,124642000.0,404311270.0,214093270.0,11.466041745509592,3.355861314731615,0.0,0.0,0.0004512819241964443,11.466041745509592,0.00010663416863432097,2.6596276098883025,2406.614702380952,1.0265094320461066,0.0,1.1854319028938418,0.0,0.2772583851611374,2.425824663040908,7.660179831840815e-05,-132.9971282894737,0.28240734649844096,1.0056863423478941,-0.991302531309483,0.4774460333318116,1.2707934843836035,-0.11407581666976206,1.005719733079123,-2.482816429170159,-0.995905635327194,0.14913983580177423,0.528315321177509,Communication Equipment,Technology,NTGR
2008Q4,2008,Q4,2009-03-04,2008-12-31,-7343000.0,161359000.0,1193000.0,-0.21345930232558138,48459000.0,0.3003179246276935,586209000.0,390958000.0,489348000.0,176505000.0,195251000.0,112240000.0,124787000.0,392504000.0,199665000.0,11.365058139534884,2.772431375881703,0.0,0.0,0.004914895352904927,11.365058139534884,-0.018782068662106927,2.4324890461641435,-13.36320305052431,1.0039543889624971,0.0,1.005880256593015,0.0,0.27525848289603194,1.9335656213704995,-0.012526249170517683,10.491112714831743,0.3003179246276935,-3.371770025839793,-2.758922023232156,0.7507333746970055,1.7288469880533444,-0.22207952739473136,-3.3664195939413473,-0.9188931946427358,-1.8256263046647994,0.321315099901736,0.6517579964155121,Communication Equipment,Technology,NTGR
2008Q3,2008,Q3,2008-11-07,2008-09-28,3103000.0,179367000.0,14709000.0,0.09,62293000.0,0.3472935378302586,602440000.0,407875000.0,515805000.0,174729000.0,194565000.0,125711000.0,144176000.0,516661080.0,324622080.0,11.51798825256975,2.9520285699569047,0.0,0.0,0.010143400737430709,11.51798825256975,0.0076077229543365,2.8804689825887704,41.62593296809539,1.266714262948207,0.0,0.9312947952048747,0.0,0.29773421419560453,2.0187776499607963,0.005150720403691654,35.23570074336766,0.3472935378302586,-0.7096774193548387,1.5697664669203173,0.7166094348261384,1.2796332764044192,-0.06197955096447771,-0.7195408532176428,-0.2157709532949456,-0.6666166717151217,0.4877792681100588,0.6633482260041302,Communication Equipment,Technology,NTGR
2008Q2,2008,Q2,2008-08-08,2008-06-29,11064000.0,204464000.0,18756000.0,0.31,66409000.0,0.3247955630331012,569329000.0,400898000.0,491765000.0,150509000.0,168431000.0,106387000.0,141073000.0,490006440.0,322953440.0,11.33953725179612,3.2673461387691103,0.0,0.0,0.02616666076015124,11.33953725179612,0.02759804239482362,2.3965413960403787,11.072090563991322,1.2222720991374363,0.0,1.2976679481515598,0.0,0.3591315390573816,2.297982180467613,0.019433403181640142,-35.234517868699214,0.3247955630331012,0.0,-0.45096660768145314,0.6914010346497346,14.700522187415222,0.039866589417972845,-0.014430785676109033,0.27306047648136833,0.21190934976035342,0.7281834576673302,0.7119196570543419,Communication Equipment,Technology,NTGR
2008Q1,2008,Q1,2008-05-09,2008-03-30,11226000.0,198154000.0,14733000.0,0.31,63863000.0,0.3222897342471007,562685000.0,387039000.0,489853000.0,162957000.0,175646000.0,97604000.0,130035000.0,704554200.0,524848200.0,10.959310227658852,3.006026129592469,0.0,0.0,0.02238726661911541,10.959310227658852,0.02900482897072388,3.5555890872755533,15.690232495991449,1.820370040228504,0.0,1.3758759886889882,0.0,0.35215795693860685,2.188528262056862,0.019950771746181255,-116.80275198938992,0.3222897342471007,-0.11209510132439764,2.9893840074736784,0.676569374012994,8.741543478204129,0.016198583817328346,-0.10435615126854955,-0.1783961632835155,0.28042932338693,0.6304998241631588,0.7709253730505169,Communication Equipment,Technology,NTGR
2007Q4,2007,Q4,2008-02-29,2007-12-31,12534000.0,198259000.0,17932000.0,0.3491364902506964,62845000.0,0.3169843487559203,551109000.0,371523000.0,479589000.0,168507000.0,179586000.0,83023000.0,118966000.0,1280553000.0,1113058000.0,10.34883008356546,2.8461072833769516,0.0,0.0,0.03012791012611564,10.34883008356546,0.03373680768081653,6.458990512410534,25.541586883676402,3.446766418229827,0.0,1.631042000409525,0.0,0.3597455312832852,2.154854101016575,0.02274323228254302,49.390712384772634,0.3169843487559203,-0.05638786418730708,1.8769130936222183,1.061217032228651,1.484842000515202,-0.014628868888958575,-0.055178652193577565,-0.029128316188413644,0.31680390414496656,0.6971236147490207,0.8049570272209918,Communication Equipment,Technology,NTGR
2007Q3,2007,Q3,2007-11-09,2007-09-30,13266000.0,191681000.0,18470000.0,0.37,63778000.0,0.33272990019876775,500045000.0,354434000.0,431081000.0,133083000.0,145611000.0,79307000.0,106494000.0,1079736450.0,979824450.0,10.113682408332144,3.239189077492993,0.0,0.0,0.03133477871767877,10.113682408332144,0.03742868912124683,5.632986315805948,20.347814902758934,3.04636815316815,0.0,1.6127580163163402,0.0,0.38332750052495274,2.3835501153415537,0.02652961233488986,67.01442713505462,0.33272990019876775,1.176470588235294,3.461384686235238,0.853669944879868,1.0016939121183848,0.13982914536941057,1.1630523398010761,0.9287802840434419,0.9770373712840857,0.6580619849122826,0.8224450817590684,Communication Equipment,Technology,NTGR
2007Q2,2007,Q2,2007-08-10,2007-07-01,6133000.0,164275000.0,9576000.0,0.17,55954000.0,0.3406117790290671,481612000.0,333568000.0,412734000.0,136444000.0,148044000.0,85614000.0,93278000.0,1273980050.0,1225488050.0,9.617067896785354,3.0249333059716808,0.0,0.0,0.013630477226017866,9.617067896785354,0.018386056216423637,7.75516694567037,51.931357003097986,3.8192513970165,0.0,1.2652253136169318,0.0,0.34109407572901007,2.13725044706986,0.01273431725123128,-126.27416493210427,0.3406117790290671,-0.575,-0.6897895558956353,0.38515404221686156,12.619420543542596,-0.06789938364151257,-0.562584694386991,-0.4995296331138288,0.10143414392536487,0.6274849553671974,0.8363116810659209,Communication Equipment,Technology,NTGR
2007Q1,2007,Q1,2007-05-11,2007-04-01,14021000.0,173572000.0,19134000.0,0.4,60030000.0,0.34585071324868066,451209000.0,318101000.0,438056000.0,128185000.0,133108000.0,68368000.0,87183000.0,988070400.0,882485400.0,9.27191908592748,3.417373327612435,0.0,0.0,0.03872769714641284,9.27191908592748,0.044077195607684354,5.692567925702302,17.61768775408316,3.1061530771673147,0.0,1.6607477182307513,0.0,0.38468204313300486,2.648695245153489,0.031074291514575286,85.29613259668508,0.34585071324868066,0.02609859469105508,4.129037809150272,0.5117307930469268,7.549587815202474,0.12889273356401384,0.042531043200237935,0.10838208886056884,1.9071440782366966,0.689041275183194,0.8362582236630742,Communication Equipment,Technology,NTGR
