Quarters,Year,Quarter,FillingDate,Date,NetIncome,Revenue,OperatingIncome,EPSDiluted,GrossProfit,GrossProfitRatio,TotalAssets,CommonStockEquity,CurrentAssets,CurrentLiability,TotalLiability,Inventory,RetainedEarnings,MarketCap,EnterpriseValue,bookValuePerShare,currentRatio,debtToAssets,debtToEquity,roic,shareholdersEquityPerShare,roe,priceToSalesRatio,peRatio,pbRatio,payoutRatio,inventoryTurnover,dividendYield,assetTurnover,quickRatio,returnOnAssets,priceToFreeCashFlowsRatio,grossProfitMargin,epsdilutedGrowth,fiveYNetIncomeGrowthPerShare,fiveYRevenueGrowthPerShare,fiveYShareholdersEquityGrowthPerShare,grossProfitGrowth,netIncomeGrowth,operatingIncomeGrowth,threeYNetIncomeGrowthPerShare,threeYRevenueGrowthPerShare,threeYShareholdersEquityGrowthPerShare,Industry,Sector,Symbol
2023Q2,2023,Q2,2023-06-08,2023-04-30,59273000.0,229306000.0,67045000.0,0.96,88402000.0,0.3855197858,1451025000.0,928047000.0,720116000.0,185168000.0,246341000.0,54940000.0,489549000.0,892614800.0,553468800.0,15.179544636723477,3.8889872980212563,0.01953033200668493,0.030536168965580406,0.051542899804734275,15.179544636723477,0.06386853252044347,3.8926796507723305,3.7648457139000895,0.9618206836507203,0.0,2.5646887513651255,0.0,0.158030357850485,3.3881664218439473,0.040849054978377354,16.122074919625764,0.38551978578842244,1.0425531914893618,5.299037382508351,0.98726389856497,0.34268960978385965,0.16200691404760967,1.047426597582038,0.19815215254570473,9.018477469415801,0.705875315655374,0.2814945703666741,Semiconductor Equipment & Materials,Technology,PLAB
2023Q1,2023,Q1,2023-03-09,2023-01-29,28950000.0,211090000.0,55957000.0,0.47,76077000.0,0.3604007769,1441680000.0,920765000.0,700816000.0,199331000.0,258960000.0,52796000.0,449620000.0,1065340530.0000001,764412530.0000001,15.120783656846323,3.5158404864270985,0.023489262527051774,0.036778113850982605,0.039615059638748784,15.120783656846323,0.031441247223775885,5.04685456440381,9.199831865284974,1.1570167523743844,0.0,2.557258125615577,0.0,0.14641945508018422,2.983394454450136,0.020080739137672714,-311.77656716417914,0.3604007769197972,-0.4777777777777778,4.542090117339802,0.9307250053418192,0.3372592626328815,-0.05222439547023135,-0.4761508396062536,0.3509331015668381,2.025770868429335,0.4226220928505496,0.2861797329109818,Semiconductor Equipment & Materials,Technology,PLAB
2022Q4,2022,Q4,2022-12-23,2022-10-31,55264000.0,210266000.0,41421000.0,0.9,80269000.0,0.3817497836,1315830000.0,831527000.0,644652000.0,193797000.0,253741000.0,50753000.0,435634000.0,985738059.9999999,708392059.9999999,13.682507034373817,3.3264292016904284,0.03217284907624845,0.05091115501962053,0.0354055173199231,13.682507034373817,0.0664608605613528,4.688052561992904,4.45922327374059,1.18545526483205,0.0,2.561365830591295,0.0,0.15979723824506206,2.8723200049536373,0.04199934642013026,74.31119939690915,0.3817497836074306,0.12499999999999997,10.586839749075518,0.9624390379320953,0.2609060069564999,-0.04285560974446419,0.12270437185112953,-0.0569847919133048,5.208899943867503,0.4664809644087051,0.17703839095168925,Semiconductor Equipment & Materials,Technology,PLAB
2022Q3,2022,Q3,2022-09-07,2022-07-31,49224000.0,219948000.0,43924000.0,0.8,83863000.0,0.3812855766,1349597000.0,850318000.0,678055000.0,197114000.0,269639000.0,50313000.0,398574000.0,1453181940.0,1129664940.0,14.0083029933609,3.4399129437787273,0.04246897407151913,0.06740537069660997,0.034113696219038196,14.0083029933609,0.05788893096465087,6.606934093513012,7.380454351535837,1.7089864497752607,0.0,2.704768151372409,0.0,0.16297309493130172,2.979636149639295,0.036473110121021314,17.91751257644506,0.38128557659083057,0.08108108108108115,12.888698465076653,1.2253111852419338,0.29844763245967787,0.14995817735543762,0.08327464788732394,-0.15705841713364552,7.4724932950591825,0.7397683785503625,0.2168455560283961,Semiconductor Equipment & Materials,Technology,PLAB
2022Q2,2022,Q2,2022-06-15,2022-05-01,45440000.0,204509000.0,52108000.0,0.74,72927000.0,0.3565955533,1332384000.0,836752000.0,630842000.0,184615000.0,279801000.0,58437000.0,367344000.0,924847560.0,678113560.0,13.806421806421806,3.4170679522249006,0.06195511203977232,0.0986528863988374,0.04127548283175297,13.806421806421806,0.05430521827255866,4.522282931313536,5.0882898327464785,1.105282760005354,0.0,2.2516898540308365,0.0,0.15349103561735955,2.814186279554749,0.03410428224896126,32.4223509202454,0.35659555325193515,0.423076923076923,27.549320569353963,1.1320703496664049,0.29434908872048443,0.21823162888595626,0.43226375843157033,0.3641909050448988,4.859169364299686,0.6992798495192475,0.1980954090733443,Semiconductor Equipment & Materials,Technology,PLAB
2022Q1,2022,Q1,2022-03-10,2022-01-30,31726000.0,189827000.0,38197000.0,0.52,59863000.0,0.3153555606,1335248000.0,838425000.0,597779000.0,191094000.0,296082000.0,61971000.0,339912000.0,1075625040.0,858277040.0,13.937049104026064,3.1281934545302312,0.07253109534708159,0.11551063005039211,0.029070565073497288,13.937049104026064,0.03783999761457495,5.666343776175149,8.475895480047908,1.2829114589855979,0.0,2.097174484839683,0.0,0.1421660994811451,2.6398212398086804,0.02376038009418475,26.92091202602928,0.31535556058937875,0.10638297872340435,17.47611307353124,0.9587146605237383,0.33362002329352974,0.15251920448200842,0.10809961230833712,0.292360265259169,5.666869762419756,0.6846888826057171,0.21926839011174445,Semiconductor Equipment & Materials,Technology,PLAB
2021Q4,2021,Q4,2021-12-17,2021-10-31,28631000.0,181288000.0,29556000.0,0.47,51941000.0,0.286510966,1294202000.0,823692000.0,550616000.0,176148000.0,293640000.0,55249000.0,317849000.0,817733280.0,655030280.0,13.67895575926664,3.125871426300611,0.08805966920156204,0.13836118354919072,0.023172539128608532,13.67895575926664,0.03475935179654531,4.510686200962005,7.140278718871153,0.9927658396585131,0.0,2.3411645459646326,0.0,0.14007705134128984,2.5395860299293775,0.022122512559863142,39.16722291407223,0.2865109659767883,0.6785714285714283,5.153721080897202,0.9074398071123972,0.3099091105872819,0.14596800882515168,0.6766807214804403,0.038437214531656244,1.5852223285779057,0.4129932592912072,0.22252793948913316,Semiconductor Equipment & Materials,Technology,PLAB
2021Q3,2021,Q3,2021-09-10,2021-08-01,17076000.0,170643000.0,28462000.0,0.28,45325000.0,0.26561300492841783,1281757000.0,817892000.0,530464000.0,167617000.0,287296000.0,53165000.0,302971000.0,817672120.0,652326120.0,13.43361145785428,3.164738660159769,0.09198545434118947,0.14415472947528524,0.02206796785119203,13.43361145785428,0.020878062140233675,4.791712053819963,11.971072265167486,0.9997311625495787,0.0,2.3571522618263896,0.0,0.13313209914203705,2.933879021817596,0.013322338009466693,22.76243304938478,0.26561300492841783,0.6470588235294118,1.3564078511318016,0.5457935913214775,0.2924271203799634,0.15480649188514356,0.6222686680600418,0.3679050319603979,0.4961300582793744,0.42559552283794816,0.20904420191380862,Semiconductor Equipment & Materials,Technology,PLAB
2021Q2,2021,Q2,2021-06-09,2021-05-02,10526000.0,159763000.0,20807000.0,0.17,39249000.0,0.24567014890807007,1265989000.0,821392000.0,495608000.0,159287000.0,275172000.0,56384000.0,297599000.0,802978760.0,661115760.0,13.236729300286846,3.1114152441818854,0.09012874519446852,0.13891296725558563,0.017343128129637148,13.236729300286846,0.012814831408146172,5.026062104492279,19.071317689530684,0.977582883690126,0.0,2.137379398410897,0.0,0.12619619917708605,2.556109412569764,0.008314448229802944,-33.38511391984034,0.24567014890807007,0.30769230769230776,-0.03593103725454956,0.41108350371102503,0.2863197858582131,0.28563005666743096,0.3098556495769039,0.7684004759476457,0.10210275698505031,0.3641363376322187,0.17084005642826788,Semiconductor Equipment & Materials,Technology,PLAB
2021Q1,2021,Q1,2021-03-10,2021-01-31,8036000.0,152067000.0,11766000.0,0.13,30529000.0,0.20076019123149663,1232062000.0,815502000.0,506112000.0,145531000.0,253566000.0,56407000.0,287073000.0,729395625.0,552481625.0,13.053253301320527,3.477692038122462,0.08248367371122557,0.12461649388965325,0.009801767926554256,13.053253301320527,0.009854053086319838,4.796541162776934,22.691501524390244,0.894413042518596,0.0,2.154661655468293,0.0,0.123424795180762,2.9029004129704323,0.006522399035113493,83.3118932038835,0.20076019123149663,0.3,-0.5908382955124721,0.2512795532199152,0.3353168418171553,-0.042527834404892585,0.24396284829721362,-0.21481481481481482,0.4994541187108958,0.3556762186105102,0.15441000154649068,Semiconductor Equipment & Materials,Technology,PLAB
2020Q4,2020,Q4,2021-01-15,2020-10-31,6460000.0,149286000.0,14985000.0,0.1,31885000.0,0.21358332328550567,1188182000.0,804962000.0,500139000.0,142939000.0,225916000.0,57269000.0,279037000.0,625881750.0,418049750.0,12.53971616842958,3.4989680912836945,0.05961460449661752,0.08799545817069626,0.01215342764618145,12.53971616842958,0.008025223550925385,4.192501306217595,24.22142995356037,0.777529560401609,0.0,2.0499921423457717,0.0,0.1256423679200661,2.9269338668942697,0.005436877515397473,20.52004032654667,0.21358332328550567,-0.411764705882353,-0.6402260633239706,0.09268300591998872,0.2911996719740768,-0.15500609529866963,-0.4005196733481811,-0.24834470304975922,0.2822662322813915,0.31907413947335994,0.1555925681295303,Semiconductor Equipment & Materials,Technology,PLAB
2020Q3,2020,Q3,2020-09-10,2020-08-02,10776000.0,157895000.0,19936000.0,0.17,37734000.0,0.23898160169733051,1195842000.0,790242000.0,510641000.0,175309000.0,239157000.0,54733000.0,281282000.0,788372600.0,580641600.0,12.198857672121026,2.912805389341106,0.04420818134837211,0.06689849438526427,0.017087811555869203,12.198857672121026,0.013636329124496041,4.993018144969758,18.29001020786934,0.9976343955395941,0.0,2.195403138874171,0.0,0.13203667374117986,2.383899286402866,0.009011223890781558,75.98772048192771,0.23898160169733051,0.7000000000000001,-0.08686056944657887,0.2298894713841295,0.2892816108617138,0.23990405152301778,0.7148313176320815,0.5692695214105793,1.8490307185475938,0.4969042219496503,0.13072781696577657,Semiconductor Equipment & Materials,Technology,PLAB
2020Q2,2020,Q2,2020-06-12,2020-05-03,6284000.0,142774000.0,12704000.0,0.1,30433000.0,0.21315505624273326,1133888000.0,769191000.0,472271000.0,153372000.0,212230000.0,56968000.0,270506000.0,726645030.0,542309030.0,11.845188413385282,3.079251753905537,0.047142222159507814,0.06949379282908927,0.010474820187518183,11.845188413385282,0.008169622369476501,5.089477285780324,28.90853874920433,0.9446873793375117,0.0,1.972001825586294,0.0,0.12591543432861094,2.5078436742038965,0.00554199356550206,51.107401181600785,0.21315505624273326,-0.375,-0.3629100858758624,0.1438064844243547,0.2302014229417744,-0.12048436506560314,-0.38990291262135923,-0.22075691590504815,2.6848263933977394,0.3891899506495862,0.11048387797744733,Semiconductor Equipment & Materials,Technology,PLAB
2020Q1,2020,Q1,2020-03-11,2020-02-02,10300000.0,159736000.0,16303000.0,0.16,34602000.0,0.21661992287274,1125460000.0,770676000.0,440904000.0,157654000.0,212659000.0,49673000.0,264222000.0,859412940.0,695486940.0,11.756353540592489,2.7966559681327463,0.04832068665256873,0.07056532187326452,0.010796754171519854,11.756353540592489,0.013364890044584235,5.380208218560625,20.859537378640773,1.1151416937857153,0.0,2.519155275501782,0.0,0.14192952215094273,2.2412625115759828,0.009151813480710109,50.61920956531983,0.21661992287274,0.06666666666666674,1.70535487481532,0.3034581177915357,0.2586030231495302,-0.0931914670580219,0.061855670103092786,-0.2408735332464146,4.504611952939577,0.5125515576350318,0.12495180045844838,Semiconductor Equipment & Materials,Technology,PLAB
2019Q4,2019,Q4,2019-12-23,2019-10-31,9700000.0,156256000.0,21476000.0,0.15,38158000.0,0.24420182265001025,1118665000.0,769892000.0,427527000.0,151954000.0,207573000.0,48155000.0,253922000.0,781514000.0,627744000.0,11.62452060999547,2.8135290943311793,0.04716335989773525,0.06852909239217968,0.022151880731151086,11.62452060999547,0.012599169753679737,5.001497542494368,20.142113402061856,1.01509562380178,0.0,2.452455612085972,0.0,0.13968078021570354,2.2918119957355514,0.008671049867475964,24.97328561385569,0.24420182265001025,0.4999999999999999,1.1609682301468822,0.19826454118817533,0.16802324275833788,0.24821720641151457,0.5282810776744918,0.6026865671641791,0.8955278650503262,0.4947743424669647,0.11317455229923558,Semiconductor Equipment & Materials,Technology,PLAB
2019Q3,2019,Q3,2019-09-05,2019-07-28,6347000.0,138112000.0,13400000.0,0.1,30570000.0,0.22134209916589434,1114195000.0,763394000.0,420467000.0,159274000.0,213857000.0,39982000.0,251491000.0,646551750.0,498423750.0,11.511981059520757,2.6398972839258135,0.04408115276051319,0.06433768145937746,0.012425954440037138,11.511981059520757,0.008314186383440269,4.681358245481928,25.46682487789507,0.8469437145170122,0.0,2.6897603921764794,0.0,0.1239567580181207,2.0825558471564727,0.005696489393687819,106.3757403751234,0.22134209916589434,-0.1666666666666666,0.40473217586040244,0.02484967215886597,0.15954419690643512,0.17531718569780855,-0.2514447458426701,0.4566800739210784,-0.19584954004435673,0.14867968539451645,0.10755001194604925,Semiconductor Equipment & Materials,Technology,PLAB
2019Q2,2019,Q2,2019-06-05,2019-04-28,8479000.0,131580000.0,9199000.0,0.12,26010000.0,0.19767441860465115,1085238000.0,763568000.0,371968000.0,139284000.0,186910000.0,34696000.0,245144000.0,624841230.0,494201230.0,11.523641357661369,2.6705723557623275,0.033564987587976096,0.04770498501770635,0.008628068137776838,11.523641357661369,0.011104446493305114,4.748755357957136,18.423199374926288,0.8183177267774449,0.0,3.0427138575051877,0.0,0.12124529365908676,2.164175353953074,0.007813032717247276,-37.84164425872093,0.19767441860465115,0.4999999999999999,-0.49463412665296125,0.16198684717027131,0.1726153083749257,-0.0035246341276530535,0.6098348205809759,0.14315894122033057,-0.2727208009956037,0.08837406718210161,0.11984520852689765,Semiconductor Equipment & Materials,Technology,PLAB
2019Q1,2019,Q1,2019-03-08,2019-01-27,5267000.0,124712000.0,8047000.0,0.08,26102000.0,0.2092982231060363,1145894000.0,761088000.0,453006000.0,194527000.0,232724000.0,27874000.0,236665000.0,700453160.0,554136160.0,11.430665485183907,2.328756419417356,0.07516489308784233,0.11316825386814665,0.008059148954365191,11.430665485183907,0.00692035612176253,5.616565847713131,33.24725460413898,0.9203313677262024,0.0,3.5377053885341176,0.0,0.1088338013812796,1.8291496810211436,0.004596411186375005,-5.5498582532425855,0.2092982231060363,-0.5294117647058824,1.4290926658365177,0.1288873174880387,0.20523044427661902,-0.2631757233592096,-0.5782013293825579,-0.5532918840901521,-0.7483706619467655,-0.03712365057113718,0.16932995807259815,Semiconductor Equipment & Materials,Technology,PLAB
2018Q4,2018,Q4,2018-12-21,2018-10-31,12487000.0,144660000.0,18014000.0,0.17,35425000.0,0.24488455689202268,1110009000.0,759671000.0,502731000.0,191076000.0,205440000.0,29180000.0,231445000.0,661287560.0,389463560.0,11.189074144990721,2.6310525654713306,0.051759039791569254,0.07562879193756245,0.018192160579191367,11.189074144990721,0.016437378812670222,4.571322825936679,13.239520301113158,0.8704920419497387,0.0,3.7434886908841674,0.0,0.13032326764918123,2.4092141346898615,0.01124945833772519,43.56595032610844,0.24488455689202268,0.0,1.3201920190613123,0.2272043937614197,0.16720681402605003,-0.004831867854032643,-0.03983083429450211,-0.11868884540117416,-0.34247606204086295,0.0011054929760451325,0.1521256678902139,Semiconductor Equipment & Materials,Technology,PLAB
2018Q3,2018,Q3,2018-09-06,2018-07-29,13005000.0,136391000.0,20440000.0,0.17,35597000.0,0.2609922942129613,1088012000.0,770810000.0,504920000.0,158842000.0,174499000.0,31756000.0,218958000.0,610491200.0,335645200.0,11.110934932395422,3.1787562483474145,0.05320989106737793,0.07510670593272012,0.022333887766883373,11.110934932395422,0.01687186206717609,4.476037275186779,11.735701653210304,0.7920125582179786,0.0,3.1740143594911197,0.0,0.1253579923750841,2.853489631205852,0.011952993165516557,21.1931958619732,0.2609922942129613,0.21428571428571425,0.9171004157526487,0.08915604441485563,0.1992133466530194,0.08464608915567202,0.21940928270042195,0.33029612756264237,0.02904431588295957,-0.007963554982465423,0.17430045278393141,Semiconductor Equipment & Materials,Technology,PLAB
2018Q2,2018,Q2,2018-06-05,2018-04-29,10665000.0,130779000.0,15365000.0,0.14,32819000.0,0.2509500760825515,1102281000.0,783380000.0,500299000.0,166508000.0,184215000.0,31936000.0,205953000.0,530091450.0,268108450.0,11.305326656372216,3.0046544310183294,0.05376396762712956,0.0756503867854681,0.014780342839310205,11.305326656372216,0.013614082565293983,4.053337691831257,12.425959915611816,0.6766721769766908,0.0,3.0673847695390783,0.0,0.11864397553799802,2.642353520551565,0.009675391302217855,-20.319359475620974,0.2509500760825515,0.5555555555555558,0.9145748458478842,0.07021433471473419,0.22806665174546398,0.18642903622297738,0.8082400813835199,0.30123644986449866,0.013277198253912395,-0.018151917782514383,0.17413319688309636,Semiconductor Equipment & Materials,Technology,PLAB
2018Q1,2018,Q1,2018-03-09,2018-01-28,5898000.0,123446000.0,11808000.0,0.09,27662000.0,0.22408178474798698,1081456000.0,777433000.0,492357000.0,88073000.0,163009000.0,26997000.0,195288000.0,577542000.0,289607000.0,11.307294014980728,5.590328477512972,0.056058683848441364,0.07798099643313315,0.01727471649497895,11.307294014980728,0.007586505846806092,4.678499100821412,24.480417090539166,0.7428833095585087,0.0,3.547949772196911,0.0,0.11414796348626297,5.369307279188854,0.0054537586365048605,29.070418281572458,0.22408178474798698,0.12499999999999993,1.225885914515574,0.08398717149504163,0.21018217697035027,0.046099156676625196,0.09526462395543175,-0.04942843342456931,0.4770210869304039,-0.039568913053291674,0.2105279397865156,Semiconductor Equipment & Materials,Technology,PLAB
2017Q4,2017,Q4,2017-12-20,2017-10-29,5385000.0,120971000.0,12422000.0,0.08,26443000.0,0.21858957932066364,1020794000.0,744564000.0,449124000.0,81776000.0,155499000.0,23703000.0,189390000.0,644981000.0,398936000.0,10.851329884136122,5.492124828800626,0.06071352300268223,0.08323797551318624,0.012403969004019876,10.851329884136122,0.0072324205843957,5.331699332897967,29.943407613741876,0.8662532703703106,0.0,3.9880183942960805,0.0,0.1185067702200444,5.04621160242614,0.005275305301559375,-20.8085236804749,0.21858957932066364,0.3333333333333334,0.2296371962731211,0.01593160846446194,0.18188821658836965,0.21761753465027397,0.3459135216195951,1.3589061906570452,0.15797195900020633,-0.10456727265777413,0.09033360985318707,Semiconductor Equipment & Materials,Technology,PLAB
2017Q3,2017,Q3,2017-09-08,2017-07-30,4001000.0,111579000.0,5266000.0,0.06,21717000.0,0.19463339875783078,1008598000.0,739282000.0,468610000.0,79310000.0,153470000.0,25668000.0,184005000.0,688676250.0,411421250.0,10.788500547245532,5.908586559071996,0.06277724127947903,0.0856466138767074,0.006135448890658096,10.788500547245532,0.005412007867092666,6.172095555615304,43.031507748062985,0.9315474338615035,0.0,3.5009350163627864,0.0,0.11062782198655956,5.622140965830286,0.003966892656935667,302.71483516483516,0.19463339875783078,1.0,-0.6794235733717156,-0.1605371614516599,0.21833172057731057,0.07739246911742818,1.226488592097941,-0.04894347119378725,-0.14307420733066717,-0.19876327220462225,0.08667162829759172,Semiconductor Equipment & Materials,Technology,PLAB
2017Q2,2017,Q2,2017-06-08,2017-04-30,1797000.0,108297000.0,5537000.0,0.03,20157000.0,0.1861270395301809,1015571000.0,729879000.0,472455000.0,91968000.0,170817000.0,24537000.0,180004000.0,790320300.0,509246300.0,10.666691023879812,5.137167275574113,0.06365876930318018,0.08857632566493898,0.0054004492938879494,10.666691023879812,0.0024620519291553805,7.297711847973628,109.94995826377297,1.0828100274155033,0.0,3.592126176794229,0.0,0.10663656209167059,4.757480862908838,0.0017694479263389757,73.06955436390533,0.1861270395301809,0.0,-0.8210506509136786,-0.19032291604433166,0.21830771938655352,-0.12357059002565329,-0.07656731757451182,-0.3593659608932084,-0.896283898046386,-0.07388570217122957,0.08541430578201037,Semiconductor Equipment & Materials,Technology,PLAB
2017Q1,2017,Q1,2017-03-08,2017-01-29,1946000.0,109831000.0,8643000.0,0.03,22999000.0,0.20940353816317797,987468000.0,712476000.0,450538000.0,75337000.0,156060000.0,23573000.0,178206000.0,777206400.0,513483400.0,10.450539779394509,5.980301843715571,0.06681026625672933,0.09259680326074142,0.007633207185056439,10.450539779394509,0.0027313200725357766,7.07638462729102,99.84665981500514,1.0908527445134995,0.0,3.683536249098545,0.0,0.11122487007173903,5.586179433744375,0.0019706967719460276,35.42578968959388,0.20940353816317797,-0.625,-0.59995252240906,-0.14078216810373848,0.21166060238804718,0.12009935226221205,-0.6297564687975646,0.6304470854555744,-0.12349289163091703,-0.029044938593473874,0.10188761254327613,Semiconductor Equipment & Materials,Technology,PLAB
2016Q4,2016,Q4,2017-01-06,2016-10-30,5256000.0,107368000.0,5301000.0,0.08,20533000.0,0.19123947544892334,988267000.0,710363000.0,441586000.0,81317000.0,162793000.0,22081000.0,176260000.0,659842500.0,413335500.0,10.442675486953325,5.4304266020635295,0.06836917553657058,0.09511615892156546,0.008556869695476244,10.442675486953325,0.007399034015003597,6.145616012219656,31.385202625570773,0.9288807271775135,0.0,3.932566459852362,0.0,0.10864270485607634,4.9202380805981525,0.005318400796545873,25.95965457549768,0.19123947544892334,-0.2727272727272727,-0.5257277466296473,-0.2631412999413628,0.16534444585517205,-0.34712241653418124,-0.35014836795252224,-0.6423318264624519,-0.025270704438390124,-0.0909115298466352,0.0893450009437603,Semiconductor Equipment & Materials,Technology,PLAB
2016Q3,2016,Q3,2016-09-02,2016-07-31,8088000.0,123209000.0,14821000.0,0.11,31450000.0,0.2552573269809835,1000443000.0,706310000.0,441421000.0,97056000.0,181062000.0,24615000.0,171004000.0,650989740.0,428220740.0,10.394095919238296,4.548106247939334,0.0688694908155687,0.09754923475527742,0.01350393841338559,10.394095919238296,0.011451062564596283,5.283621651015753,20.122086424332345,0.9216770823009728,0.0,3.727767621369084,0.0,0.1231544425819362,3.9596212495878667,0.008084418602559066,39.82075727917788,0.2552573269809835,-0.26666666666666666,-0.37675669658336536,-0.2132100289225858,0.184441247016489,0.00520983155943363,-0.3176986671165851,0.0003374730021598272,0.2172050586955006,0.004465272276312996,0.12184425780405135,Semiconductor Equipment & Materials,Technology,PLAB
2016Q2,2016,Q2,2016-06-03,2016-05-01,11854000.0,122923000.0,14816000.0,0.15,31287000.0,0.2545251905664522,1001908000.0,693284000.0,347227000.0,114117000.0,199136000.0,24510000.0,162916000.0,715153780.0,591400780.0,10.290387698153536,3.0427280773241496,0.07009126586473009,0.10129326509770888,0.023221523994642636,10.290387698153536,0.017098331996699766,5.8179004742806475,15.082541336257805,1.0315451964851345,0.0,3.738718890248878,0.0,0.12268890956055846,2.6417799276181464,0.011831425639879111,85.52425017938292,0.2545251905664522,-0.4444444444444445,1.5960390732915206,-0.23668448334416375,0.15613585624004733,-0.11708432102946156,-0.43557756404151987,-0.15520583875014254,1.1887004950913596,0.03460798684117757,0.11781661421619832,Semiconductor Equipment & Materials,Technology,PLAB
2016Q1,2016,Q1,2016-03-03,2016-01-31,21002000.0,129956000.0,17538000.0,0.27,35436000.0,0.27267690602973316,1023350000.0,653065000.0,372980000.0,166365000.0,255887000.0,21760000.0,151062000.0,820389960.0,719124960.0,9.775397787656981,2.2419379076127792,0.1272086773831045,0.19933544134197975,0.019345700550799257,9.775397787656981,0.032159126580049456,6.3128286496968204,9.76561708408723,1.256214863757819,0.0,4.34375,0.0,0.12699076562270972,2.0182971177831877,0.02052279278839107,37.54816971028422,0.27267690602973316,0.1250000000000001,0.39694132357703593,-0.13354854548312436,0.14293227503049308,-0.2057201775227507,0.1278058210718505,-0.3563800506440603,7.157199869135565,0.17442631096556122,0.04622840440379527,Semiconductor Equipment & Materials,Technology,PLAB
2015Q4,2015,Q4,2016-01-07,2015-11-01,18622000.0,141693000.0,27249000.0,0.24,44614000.0,0.3148638253124713,1045555000.0,646555000.0,364114000.0,192692000.0,283489000.0,24157000.0,130060000.0,647774750.0,574522750.0,9.711678558017274,1.8896165902061322,0.12683694305894955,0.2051101607751854,0.02811097446273532,9.711678558017274,0.0288018807371376,4.571677852822652,8.696363843840619,1.001886537108212,0.0,4.018669536780229,0.0,0.13551941313465096,1.58700413094472,0.01781063645623616,38.856382340591445,0.3148638253124713,0.6,0.8352149591247888,0.03350357709715909,0.1745652915917732,0.19791638697204844,0.5382454981001157,0.4681573275862069,3.382536070582572,0.22642075051835672,0.057761451690335565,Semiconductor Equipment & Materials,Technology,PLAB
2015Q3,2015,Q3,2015-09-09,2015-08-02,12106000.0,131699000.0,18560000.0,0.15,37243000.0,0.2827887835139219,1046091000.0,628771000.0,340566000.0,161536000.0,300044000.0,23266000.0,111438000.0,548245500.0,491717500.0,9.46174797604358,2.1082978407290014,0.12908437220088884,0.21475863231605782,0.01991774942000207,9.46174797604358,0.019253432489729966,4.162867599602123,11.32177226168842,0.8719319116180613,0.0,4.059829794549987,0.0,0.125896313035864,1.8671875,0.011572606972051189,25.209007724848263,0.2827887835139219,0.15384615384615377,0.26759458759778376,-0.05516760209730554,0.2039271508941053,0.12533615349750718,0.2033797216699801,0.24857046754120418,0.00021098262361039576,0.021714142961694983,0.06850323090220523,Semiconductor Equipment & Materials,Technology,PLAB
2015Q2,2015,Q2,2015-06-04,2015-05-03,10060000.0,127309000.0,14865000.0,0.13,33095000.0,0.25995805481152157,1063194000.0,637706000.0,321622000.0,170246000.0,309211000.0,23233000.0,99332000.0,585473200.0,546858200.0,9.628657707987317,1.8891603914335726,0.12926615462464988,0.21551467290569634,0.017386449152268942,9.628657707987317,0.015775294571479647,4.598835903196161,14.549532803180915,0.9180926633903397,0.0,4.055180131709207,0.0,0.11974202262240005,1.6490901401501357,0.009462054902491926,72.7928882257864,0.25995805481152157,1.1666666666666667,0.03035028042851251,-0.02297081023944678,0.2148739097242243,0.17424780017030939,1.621839979150378,0.28601090059693746,0.03501447751084414,-0.016621007470023867,0.09974761495481792,Semiconductor Equipment & Materials,Technology,PLAB
2015Q1,2015,Q1,2015-03-05,2015-02-01,3837000.0,123505000.0,11559000.0,0.06,28184000.0,0.22820128739727136,1052877000.0,617109000.0,320503000.0,176950000.0,324832000.0,23786000.0,89272000.0,554293740.0,525502740.0,9.340795568068295,1.8112630686634643,0.13279708835884912,0.2265709947513324,0.010613568891262028,9.340795568068295,0.006217702221163522,4.488026719566009,36.11504691164973,0.8982104295999573,0.0,4.007441352055831,0.0,0.11730240094521963,1.5046284261090703,0.003644300331377739,-30.67310829505838,0.22820128739727136,-0.14285714285714296,13.479216472814423,0.010925578992368616,0.2175491822428805,0.05859375,-0.10287584755669862,0.2461190168175938,-0.1860194951167943,-0.002951263072087203,0.08299420161098842,Semiconductor Equipment & Materials,Technology,PLAB
2014Q4,2014,Q4,2015-01-06,2014-11-02,4277000.0,124251000.0,9276000.0,0.07,26624000.0,0.21427594144111517,1029183000.0,628050000.0,336492000.0,139117000.0,289689000.0,22478000.0,85435000.0,564167640.0,513424640.0,9.952302475200456,2.418769812460016,0.13815424467757434,0.22639280312077065,0.009269961298959217,9.952302475200456,0.006809967359286681,4.540548084120047,32.97683189151274,0.8982845951755433,0.0,4.3432244861642495,0.0,0.12072780059522942,2.099757757858493,0.004155723520501213,328.769020979021,0.21427594144111517,0.0,1.3579319523376383,-0.10139461299511052,0.07575637566362321,-0.07071553228621291,0.021739130434782608,-0.16107443248620784,-0.5839845031767974,-0.08080608161946592,0.11062154784331384,Semiconductor Equipment & Materials,Technology,PLAB
2014Q3,2014,Q3,2014-09-04,2014-08-03,4186000.0,124852000.0,11057000.0,0.07,28650000.0,0.22947169448627175,1045426000.0,609938000.0,353837000.0,149001000.0,325165000.0,23661000.0,81158000.0,495174160.00000006,465425160.00000006,9.928022657725112,2.374729028664237,0.15935035095740874,0.27312448150467755,0.010574529182357488,9.928022657725112,0.0068629926320380105,3.9660891295293634,29.5732298136646,0.8118434332669878,0.0,4.065846752039221,0.0,0.1194269130478867,1.9520204562385488,0.004004109329593869,81.90111809460801,0.22947169448627175,-0.65,1.1247155924383434,-0.10917317048402203,0.19991092579501235,0.2911221270842722,-0.7306306306306306,2.90430790960452,-0.6432192572226187,-0.1181441717740356,0.13133067353736985,Semiconductor Equipment & Materials,Technology,PLAB
2014Q2,2014,Q2,2014-06-06,2014-05-04,15540000.0,104882000.0,2832000.0,0.2,22190000.0,0.2115710989492954,1021010000.0,603121000.0,340811000.0,131405000.0,311271000.0,21923000.0,76972000.0,537005000.0,514099000.0,9.827299094049403,2.593592329059016,0.16544597996101898,0.2800797849851025,0.0032536771207199323,9.827299094049403,0.025765973991951865,5.120087336244541,8.639076576576576,0.8903768895462105,0.0,3.771929024312366,0.0,0.10272377351837886,2.242890300977893,0.015220223112408301,-119.36096910424538,0.2115710989492954,5.666666666666667,2.0502228897515673,-0.14225773167036787,0.1426106042202358,-0.03024211170352242,6.797290516808831,-0.4969804618117229,1.8577682876126873,-0.2850411212234808,0.10410736562088352,Semiconductor Equipment & Materials,Technology,PLAB
2014Q1,2014,Q1,2014-03-06,2014-02-02,1993000.0,101542000.0,5630000.0,0.03,22882000.0,0.2253451773650312,870768000.0,580434000.0,292113000.0,115243000.0,289564000.0,19566000.0,61432000.0,499392000.0,480631000.0,9.48421568627451,2.534756991747872,0.19576626610072947,0.29368886040445596,0.0032168852208201543,9.48421568627451,0.003433637588425213,4.91808315770814,62.64325137982941,0.8603768903958072,0.0,4.020239190432383,0.0,0.11661200227844845,2.4893659484740938,0.0022887841537585214,248.08345752608048,0.2253451773650312,-0.625,1.1327787055080674,-0.21371512935077186,0.10630843082162073,-0.14219306466729148,-0.5882231404958678,-0.23609226594301222,-0.8552910617636535,-0.26096643964522404,0.1088874792267414,Semiconductor Equipment & Materials,Technology,PLAB
2013Q4,2013,Q4,2014-01-03,2013-11-03,4840000.0,106009000.0,7370000.0,0.08,26675000.0,0.25162957862068314,885929000.0,585314000.0,318466000.0,104587000.0,298098000.0,18849000.0,59439000.0,514108360.0,492514360.0,9.586196730977104,3.0449864705938596,0.21900287720573544,0.33148190543879014,0.007759774242332078,9.586196730977104,0.008269065834748528,4.849667103736476,26.55518388429752,0.8783462551724374,0.0,4.208923550320972,0.0,0.11965857309107163,2.7504469962806084,0.0054631917456139266,33.52297600417319,0.25162957862068314,-0.11111111111111106,12.992302956177818,-0.29987911544499357,0.04326165655397635,-0.014882930792525298,-0.18518518518518517,-0.26483790523690776,-0.4799146980026914,-0.1569080804289374,0.1593890686673402,Semiconductor Equipment & Materials,Technology,PLAB
2013Q3,2013,Q3,2013-09-04,2013-07-28,5940000.0,109652000.0,10025000.0,0.09,27078000.0,0.24694488016634444,879378000.0,562823000.0,312267000.0,120350000.0,313563000.0,17947000.0,54599000.0,491435140.0,488080140.0,9.265186185098607,2.594657249688409,0.22051495488856895,0.3445417120480151,0.009312706483688083,9.265186185098607,0.010553939693296117,4.481770875132237,20.683297138047138,0.8731610826138947,0.0,4.600991809216025,0.0,0.12469268050826834,2.2486746987951807,0.006754774397358132,30.326142548596113,0.24694488016634444,0.12499999999999993,1.0198153917330748,-0.28849767219977224,-0.11236826734400426,0.0923393440638993,0.22146822948797038,0.24041078940856223,-0.3195917154400098,-0.1394179209129336,0.17891633074267096,Semiconductor Equipment & Materials,Technology,PLAB
2013Q2,2013,Q2,2013-06-05,2013-04-28,4863000.0,106680000.0,8082000.0,0.08,24789000.0,0.23236782902137232,880859000.0,556886000.0,321377000.0,114398000.0,293411000.0,18585000.0,48660000.0,479709490.0,448978490.0,9.205792405732895,2.809288623926992,0.20414277426920768,0.32290450828356254,0.008331165910582986,9.205792405732895,0.008732487439080889,4.496714379452569,24.66119113715813,0.8614141673520254,0.0,4.406295399515739,0.0,0.12110905377591646,2.5623262644451827,0.0055207473613824685,509.24574309978766,0.23236782902137232,1.0,2.6178137304024176,-0.334460054374007,-0.4025062168626204,0.17494549246374064,1.0934136891950064,0.5566255778120185,-0.45469332387975714,-0.10364288243942925,0.16151984536586725,Semiconductor Equipment & Materials,Technology,PLAB
2013Q1,2013,Q1,2013-03-06,2013-01-27,2323000.0,99839000.0,5192000.0,0.04,21098000.0,0.2113202255631567,867498000.0,563196000.0,322440000.0,96860000.0,273657000.0,18964000.0,43796000.0,365278620.0,322417620.0,9.343464339632032,3.3289283501961595,0.2016258250739483,0.3105668364121904,0.004370970447536419,9.343464339632032,0.00412467418092458,3.658676669437795,39.31108695652174,0.6485817015745851,0.0,4.1521303522463615,0.0,0.11508844977164212,3.1022713194301055,0.0026778159719100217,116.85176583493282,0.2113202255631567,-0.20159680638722552,1.4803035467297236,-0.3320092384195542,-0.39509011240017144,-0.13169808214667875,-0.393947299765197,-0.2976190476190476,8.60790843462042,-0.10430272775759299,0.2178970498962664,Semiconductor Equipment & Materials,Technology,PLAB
2012Q4,2012,Q4,2013-01-09,2012-10-28,3833000.0,104219000.0,7392000.0,0.0501,24298000.0,0.23314366862088487,849234000.0,551386000.0,319794000.0,85513000.0,263233000.0,17702000.0,41473000.0,290065650.0,248759650.0,9.181350428773625,3.73971209055933,0.2081134292786205,0.3205322587080557,0.007422249646847648,9.181350428773625,0.006951572945268832,2.7832319442711984,18.918970127837206,0.5260664035720892,0.0,4.5148005875042365,0.0,0.12272118167666392,3.4185913252955693,0.004513479205966789,14.462786697247706,0.23314366862088487,-0.6421428571428571,6.323810770145782,-0.29028490988700556,-0.4170969862310135,-0.24783308568598317,-0.6499543378995434,-0.5166099921527596,1.2205078785134023,-0.207977519563167,-0.007576760697656547,Semiconductor Equipment & Materials,Technology,PLAB
2012Q3,2012,Q3,2012-09-05,2012-07-29,10950000.0,116616000.0,15292000.0,0.14,32304000.0,0.2770117308088084,847690000.0,532380000.0,310754000.0,98438000.0,277723000.0,22743000.0,37640000.0,359523580.0,340687580.0,8.855142130037757,3.1568499969523964,0.21052389434816973,0.3352098125399151,0.016687266252647815,8.855142130037757,0.020568015327397722,3.082969575358441,8.20830091324201,0.6753138359818175,0.0,3.707162643450732,0.0,0.13756915853672924,2.773116073061216,0.01291745803300735,17.333120239128338,0.2770117308088084,0.16666666666666682,2.3820691275275823,-0.2271448387371103,-0.43403986207855555,0.08181239744147885,0.24177818099342255,0.16191778740217308,1.3333745061435016,-0.14973821217863087,0.07024149295552701,Semiconductor Equipment & Materials,Technology,PLAB
2012Q2,2012,Q2,2012-06-06,2012-04-29,8818000.0,117451000.0,13161000.0,0.12,29861000.0,0.2542421946173298,839247000.0,526073000.0,309895000.0,89268000.0,270369000.0,20453000.0,26691000.0,371932340.0,360158340.0,8.755334021236228,3.471512748129229,0.2146996057179829,0.3425114005090548,0.014564890395417382,8.755334021236228,0.01676193227936047,3.166702199214992,10.544690973009754,0.7069975839854925,0.0,4.2825013445460325,0.0,0.1399480724983229,3.074808441994892,0.010507037856554744,-17.597934232316064,0.2542421946173298,0.7142857142857141,-0.566877936590806,-0.2597916552460444,-0.43488636438417705,0.17295152800691335,1.0660731021555765,0.535526776338817,1.6086919279876764,-0.018908408928555668,0.01797425726182164,Semiconductor Equipment & Materials,Technology,PLAB
2012Q1,2012,Q1,2012-03-07,2012-01-29,4268000.0,112154000.0,8571000.0,0.07,25458000.0,0.22699145817358274,819691000.0,515920000.0,315655000.0,95167000.0,255245000.0,21626000.0,17873000.0,414531810.0,369517810.0,8.624972833809787,3.3168535311610117,0.19127451686062186,0.30389595286090865,0.007556917588054015,8.624972833809787,0.00827260040316328,3.6960947447260017,24.28138530927835,0.8034807915955962,0.0,4.008878202164062,0.0,0.13682473029470862,3.0569735307406978,0.005206840138540011,26.058072039225546,0.22699145817358274,-0.5625,-0.6233574129490006,-0.2662493128361901,-0.4301005617696272,-0.1759298222898391,-0.540630717899042,-0.44268157877625336,1.2909191676915646,-0.11146248771473438,0.006080046815062899,Semiconductor Equipment & Materials,Technology,PLAB
2011Q4,2011,Q4,2012-01-13,2011-10-30,9291000.0,122159000.0,15379000.0,0.16,30893000.0,0.2528917230822125,817854000.0,511047000.0,305207000.0,95901000.0,258098000.0,22100000.0,13605000.0,357578100.0,325810100.0,8.961020515518149,3.182521558690733,0.1933841492491325,0.3094822981056537,0.015863145622044057,8.961020515518149,0.018180323923239938,2.927153136486055,9.621625766871166,0.6996970924396385,0.0,4.129683257918552,0.0,0.14936529013735947,2.8573216129133168,0.011360218327476542,39.424266813671444,0.2528917230822125,0.06666666666666674,-0.3136164739598409,-0.23143097081678723,-0.3965174663974033,-0.1921286610878661,-0.1752330226364847,-0.32784090909090907,27.75712738166353,-0.13623626373430525,-0.024776001391248758,Semiconductor Equipment & Materials,Technology,PLAB
2011Q3,2011,Q3,2011-09-07,2011-07-31,11265000.0,135935000.0,22880000.0,0.15,38240000.0,0.28131092066060986,876924000.0,517642000.0,341563000.0,138157000.0,300845000.0,30873000.0,4314000.0,431784840.0,388004840.0,8.775526810992252,2.4722815347756537,0.18138972134415296,0.3072876621294254,0.024362609104043764,8.775526810992252,0.021762144493684826,3.17640666495016,9.58244207723036,0.8341379563482099,0.0,3.1644155086969197,0.0,0.15501343331919298,2.0873716134542586,0.012846039109432517,20.93400756326966,0.28131092066060986,1.5,0.7350359454259927,-0.11828084685167306,-0.3972997704438423,0.04807323356904018,1.6853023482175447,0.08446298227320125,1.0386998061997756,-0.091651640601851,-0.15927905682693014,Semiconductor Equipment & Materials,Technology,PLAB
2011Q2,2011,Q2,2011-06-08,2011-05-01,-16438000.0,133103000.0,21098000.0,-0.3,36486000.0,0.2741185397774656,862551000.0,495634000.0,319923000.0,140451000.0,309936000.0,27904000.0,-6951000.0,462742350.0,442015350.0,8.90067343090599,2.277826430570092,0.19173938700436263,0.33368372629803444,0.04075546556657099,8.90067343090599,-0.03316560203698697,3.4765734055581015,-7.037692389585108,0.9336372202068463,0.0,3.462478497706422,0.0,0.15431319423431195,2.02039145324704,-0.01905742385087954,210.24186733303043,0.2741185397774656,-2.6666666666666665,-3.317500367732926,-0.17302085713405915,-0.38442571187833063,0.19258678172190627,-2.3572785071422673,0.3096213531967722,-4.940734209157332,-0.0979183204303192,-0.4223096930373379,Semiconductor Equipment & Materials,Technology,PLAB
2011Q1,2011,Q1,2011-03-04,2011-01-30,12111000.0,120823000.0,16110000.0,0.18,30594000.0,0.2532133782475191,740549000.0,460292000.0,222830000.0,141313000.0,222087000.0,21139000.0,9487000.0,354654030.0,324571030.0,8.552910790270733,1.5768542172340831,0.11159288581849412,0.17953820618216262,0.023616774641024286,8.552910790270733,0.026311558749663257,2.9353188548537945,7.320907233093881,0.7704979230575373,0.0,4.268366526325749,0.0,0.16315328222710448,1.4947881652784953,0.016354083254450414,15.737920124251165,0.2532133782475191,0.5,-0.04079802590167562,-0.1714446072520701,-0.39949917528815576,0.21039721474916917,0.48710707269155207,0.43903528360875393,3.8046503903948614,-0.09457601831895929,-0.4462717342593524,Semiconductor Equipment & Materials,Technology,PLAB
2010Q4,2010,Q4,2011-01-14,2010-10-31,8144000.0,110036000.0,11195000.0,0.12,25276000.0,0.229706641462794,703879000.0,441801000.0,205802000.0,119229000.0,207936000.0,15502000.0,-2624000.0,347314500.0,338688500.0,8.268317331985852,1.7261069035217942,0.12831608841860603,0.20443367036290094,0.017551777750756826,8.268317331985852,0.018433638674425816,3.1563715511287214,10.661668099214145,0.7861333496302634,0.0,5.467681589472326,0.0,0.1563280052395369,1.5064875156211996,0.011570170441226404,-29.94348650745754,0.229706641462794,0.0,-0.38052013154862435,-0.34570838343994814,-0.47731726217609705,-0.037911084043848964,0.05890001300221038,-0.047315122117266614,16.489430714749602,-0.15780715929853514,-0.4750633766783839,Semiconductor Equipment & Materials,Technology,PLAB
2010Q3,2010,Q3,2010-09-09,2010-08-01,7691000.0,112251000.0,11751000.0,0.12,26272000.0,0.2340469127223811,694564000.0,420586000.0,211432000.0,134258000.0,221110000.0,14328000.0,-10768000.0,238146200.0,222135200.0,7.859070184617685,1.5748186327816591,0.12672122367413227,0.20926992339259984,0.01671161050151985,7.859070184617685,0.018286390892706842,2.1215508102377707,7.741067481471851,0.5662247435720638,0.0,6.000767727526521,0.0,0.1616136165997662,1.3926767864857215,0.011073133649310934,7.135039098780598,0.2340469127223811,0.0,-0.6571553450890653,-0.35568839843309347,-0.5019000550091199,0.1893164327750113,-0.0231169820906897,-0.0709203036053131,1.6686629293329862,-0.1642570148144324,-0.49770197018830103,Semiconductor Equipment & Materials,Technology,PLAB
2010Q2,2010,Q2,2010-06-10,2010-05-02,7873000.0,105070000.0,12648000.0,0.12,22090000.0,0.21024079185305034,689408000.0,423269000.0,198430000.0,105381000.0,213239000.0,15861000.0,-18460000.0,299068000.0,315919000.0,7.925643666323378,1.8829770072403944,0.15703473124767917,0.2557735151877411,0.019566165263041956,7.925643666323378,0.018600464480035155,2.84636908727515,9.496634065794487,0.7065672184828088,0.0,5.231700397200681,0.0,0.15240612235425177,1.6265266034674182,0.011419942907538061,38.33222250704947,0.21024079185305034,29.76923076923077,-0.5424717622653137,-0.4280887022534252,-0.31037412152103433,0.21527204709247952,35.96244131455399,2.2589538778665292,-0.5649172765096475,-0.25498097297909955,-0.4884387853155695,Semiconductor Equipment & Materials,Technology,PLAB
2010Q1,2010,Q1,2010-03-11,2010-01-31,213000.0,98197000.0,3881000.0,0.0039,18177000.0,0.18510748800879864,672457000.0,407388000.0,184474000.0,95790000.0,214018000.0,15806000.0,-26333000.0,209221880.0,243744880.0,7.671801438740537,1.925816891115983,0.17684996958913357,0.29191826956120454,0.0021068437407035043,7.671801438740537,0.0005228430881616542,2.130634133425665,245.56558685446007,0.5135690791088594,0.0,5.062634442616728,0.0,0.14602718092011832,1.7292828061384278,0.00031674887762340195,-41.49581118603729,0.18510748800879864,-0.8641114982578397,-0.9711382651955829,-0.4023218430929897,-0.305772829662941,0.0681671269906564,-0.8285024154589372,-0.09849012775842045,-0.9788262214503174,-0.27632141172462366,-0.49308184334049115,Semiconductor Equipment & Materials,Technology,PLAB
2009Q4,2009,Q4,2010-01-08,2009-11-01,1242000.0,94677000.0,4305000.0,0.0287,17017000.0,0.1797374230277681,663656000.0,399755000.0,179997000.0,90455000.0,213960000.0,14826000.0,-26546000.0,187963499.99999997,221862499.99999997,9.251446424438788,1.989906583384003,0.18449015755150258,0.30628259809133096,0.003714864107825749,9.251446424438788,0.0031069029780740704,1.9853132228524348,37.834842995169076,0.47019674550662277,0.0,5.238095238095238,0.0,0.1426597514374917,1.784301586424189,0.0018714514748604698,8.778008686312052,0.1797374230277681,1.052181818181818,-0.8815041987949048,-0.3149569815276844,-0.13794741978514888,-0.05743879472693032,1.054361622970193,1.6702475478748249,-0.8788997352897441,-0.21382178685181155,-0.376958649068981,Semiconductor Equipment & Materials,Technology,PLAB
2009Q3,2009,Q3,2009-09-03,2009-08-02,-22847000.0,95401000.0,-6423000.0,-0.55,18054000.0,0.18924329933648495,672011000.0,346009000.0,180392000.0,102920000.0,276307000.0,15459000.0,-27788000.0,213276900.0,315091900.0,8.273966378918674,1.7527399922269724,0.27878412704553945,0.5414483438292067,-0.013095629885109308,8.273966378918674,-0.06603007436222758,2.2355834844498483,-2.3337516960651286,0.6163911921366206,0.0,5.003363736334821,0.0,0.14196345000305055,1.4812572872133696,-0.033997955390611165,36.98870967741936,0.18924329933648495,-1.291666666666667,-3.119749841026704,-0.27979721063438523,-0.1812664813016157,0.5781468531468531,-1.2683677521842733,-0.22787229975148154,-5.963512590942269,-0.1271601300055281,-0.4317467722088396,Semiconductor Equipment & Materials,Technology,PLAB
2009Q2,2009,Q2,2009-06-11,2009-05-03,-10072000.0,83232000.0,-5231000.0,-0.24,11440000.0,0.1374471357170319,700932000.0,359296000.0,168829000.0,128161000.0,292837000.0,16486000.0,-4941000.0,73106250.0,204395250.0,8.600742070616397,1.3173196214136906,0.3035629704450646,0.5922053126113288,-0.00907601969861288,8.600742070616397,-0.028032597078731743,0.8783430651672434,-1.8145911934074663,0.20347081514962595,0.0,4.354725221399976,0.0,0.11874475698070569,1.1752873339003285,-0.014369439546204196,6.78543252273993,0.1374471357170319,0.040000000000000036,-2.310284976354711,-0.33306158146095766,-0.13651176764533904,0.08343593143290085,0.015733411511775628,-0.01632018651641733,-2.892815650249522,-0.310683287292799,-0.40516908989673267,Semiconductor Equipment & Materials,Technology,PLAB
2009Q1,2009,Q1,2009-03-12,2009-02-01,-10233000.0,88042000.0,-5147000.0,-0.25,10559000.0,0.11993139637900094,712503000.0,357685000.0,167666000.0,147969000.0,306210000.0,18063000.0,5131000.0,71346330.0,219819330.0,8.572849507465905,1.1331157201846334,0.30874536668617536,0.6150160057033424,-0.010126082806968214,8.572849507465905,-0.02860897158113983,0.8103669839394835,-1.7430452946350043,0.19946693319540937,0.0,4.2895975197918395,0.0,0.12356719901530239,0.8982692320688793,-0.014362044791390352,-14.86381875,0.11993139637900094,-44.859649122807014,-4.7204698575257344,-0.24228062305123688,-0.12842620674371125,-0.4118204099821747,-44.360169491525426,-4.282525510204081,-2.0453867485365915,-0.2212361388207089,-0.398099275720278,Semiconductor Equipment & Materials,Technology,PLAB
2008Q4,2008,Q4,2009-01-16,2008-11-02,236000.0,103306000.0,1568000.0,0.0057,17952000.0,0.17377499854800302,758007000.0,382782000.0,182497000.0,116078000.0,325609000.0,17548000.0,15364000.0,34576140.0,174422140.0,9.18867924528302,1.572192835851755,0.29499595650172095,0.5841680120799828,0.0002501329867359491,9.18867924528302,0.0006165389177129542,0.33469633903161483,36.62726694915254,0.09032854209445584,0.0,4.86403008889902,0.0,0.13628634036361142,1.2974293147711022,0.0003113427712408988,2.163848801552037,0.17377499854800302,1.001156186612576,-0.941690203935137,-0.1287096257469612,-0.04205927544805258,0.2929991356957649,1.0011479045877272,1.0074822368452447,-0.9769743139872097,-0.2120961006391347,-0.4191364660944025,Semiconductor Equipment & Materials,Technology,PLAB
2008Q3,2008,Q3,2008-09-04,2008-07-27,-205592000.0,105697000.0,-209563000.0,-4.93,13884000.0,0.13135661371656718,824325000.0,434872000.0,183710000.0,118459000.0,335743000.0,18201000.0,15130000.0,188728860.0,340099860.0,10.438097066871489,1.5508319334115601,0.2772462317653838,0.525536249747052,-0.3054329822325896,10.438097066871489,-0.4727643996394341,1.7855649640008704,-0.2294944112611386,0.4339871502419103,0.0,5.044393165210702,0.0,0.12822248506353684,1.2470390599279075,-0.24940648409304583,13.538655667144907,0.13135661371656718,-97.6,-125.51735786860957,-0.09978616957256102,0.12722415356973474,-0.315182006510802,-98.36781053649106,-101.46164908916587,-12.772381119730357,-0.22068699427775998,-0.33844393131971023,Semiconductor Equipment & Materials,Technology,PLAB
2008Q2,2008,Q2,2008-06-05,2008-04-27,-2069000.0,110330000.0,2086000.0,-0.05,20274000.0,0.18375781745672073,1048806000.0,641531000.0,177202000.0,134941000.0,353913000.0,19655000.0,220722000.0,450939540.0,606297540.0,15.407344252845958,1.3131813162789663,0.21210881707389165,0.34676578372674116,0.0044415784964308555,15.407344252845958,-0.0032250974621647276,4.08718879724463,-54.48761962300628,0.7029115350622184,0.0,4.581836682777919,0.0,0.10519581314370818,1.046323948985112,-0.001972719454312809,39.93088993181617,0.18375781745672073,0.375,0.9638593247320937,-0.007198144636597437,0.6904563390159939,-0.01563410370945815,0.38053892215568863,36.25,-1.1542162721589677,-0.22974305942482584,0.34062339448143547,Semiconductor Equipment & Materials,Technology,PLAB
2008Q1,2008,Q1,2008-03-06,2008-01-27,-3340000.0,103215000.0,56000.0,-0.08,20596000.0,0.19954463982948215,1080023000.0,642957000.0,193365000.0,131206000.0,387179000.0,16506000.0,222791000.0,491603060.0,661230060.0,15.446043338298178,1.4737512004024207,0.23958378664158078,0.40244681992730463,0.00028929312874495543,15.446043338298178,-0.005194748637933797,4.762903260185051,-36.79663622754491,0.7645971036943373,0.0,5.005391978674421,0.0,0.09556740921258158,1.326730484886362,-0.003092526733226978,-9.060638442965885,0.19954463982948215,-12.267605633802816,0.6971138422829207,-0.024015496328353085,0.45321640455266177,0.032018840507090245,-10.226519337016574,-0.9587324981577008,-1.5773451125922664,-0.198583684669705,0.39772425619643087,Semiconductor Equipment & Materials,Technology,PLAB
2007Q4,2007,Q4,2008-01-11,2007-10-28,362000.0,101571000.0,1357000.0,0.0071,19957000.0,0.19648324817122997,1059780000.0,654284000.0,246985000.0,150379000.0,356031000.0,17716000.0,227175000.0,443636520.0,493322520.0,15.751077300849804,1.6424168268175743,0.18469399309290607,0.2991590807661505,0.0006038853678317601,15.751077300849804,0.0005532765588032109,4.367747880792746,306.3788121546961,0.6780488595166625,0.0,4.606796116504855,0.0,0.09584158976391327,1.4881266666223343,0.00034158032799260223,129.03912739965097,0.19648324817122997,-0.858,1.0264433880824118,-0.15076014329656495,0.4527879799359514,-0.15814561714333925,-0.838248436103664,-0.6039112667834209,-0.9640732306712188,-0.23551087153861194,0.4676901541031009,Semiconductor Equipment & Materials,Technology,PLAB
2007Q3,2007,Q3,2007-09-06,2007-07-29,2238000.0,104301000.0,3426000.0,0.05,23706000.0,0.2272844939166451,987342000.0,650226000.0,246185000.0,122085000.0,288202000.0,16630000.0,226813000.0,592201500.0,646753500.0,15.646229366187015,2.0165048941311383,0.17684652329182796,0.26853432498854246,0.003064135589143137,15.646229366187015,0.003441880207804671,5.677812293266603,66.15298257372655,0.9107625656310268,0.0,4.846361996392062,0.0,0.10563816792965355,1.7486669123971004,0.002266691784609588,202.531292749658,0.2272844939166451,-0.8148148148148149,0.44947156361004686,-0.1837555060023583,0.4074572452929351,-0.09494903218417135,-0.8408929333143751,-0.5387101117544096,-0.7910537810572058,-0.20766407216675414,0.5482408118045119,Semiconductor Equipment & Materials,Technology,PLAB
2007Q2,2007,Q2,2007-06-07,2007-04-29,14066000.0,109626000.0,7427000.0,0.27,26193000.0,0.23893054567347163,977319000.0,643163000.0,257139000.0,113893000.0,286682000.0,18254000.0,224574000.0,624770650.0,667086650.0,15.493050369763688,2.2577243553159545,0.1781465417125831,0.2707027611973947,0.016489967301054127,15.493050369763688,0.02187003916581022,5.6991101563497715,11.104270048343524,0.9714032834600249,0.0,4.5706694423140135,0.0,0.1121701307352052,1.9865224377266382,0.014392434814016712,29.470313679245283,0.23893054567347163,0.8000000000000002,3.1473826739390423,-0.20992606301189837,0.4230901883093333,-0.11704028316197539,0.7902507318314879,-0.12654357285663884,0.8414205967548167,-0.1160222944951537,0.5554549325777184,Semiconductor Equipment & Materials,Technology,PLAB
2007Q1,2007,Q1,2007-03-08,2007-01-28,7857000.0,105981000.0,8503000.0,0.15,29665000.0,0.27990866287353394,962738000.0,627691000.0,233938000.0,91258000.0,287105000.0,16069000.0,210509000.0,681434250.0,753356250.0,15.13420132610006,2.563479366192553,0.17923671860880114,0.2749091511587708,0.009294345629146168,15.13420132610006,0.012517305489484475,6.429777507289042,21.682393088965252,1.0856205521506601,0.0,4.749268778393179,0.0,0.11008290936890411,2.2900129303732277,0.008161098865942759,52.42205169628433,0.27990866287353394,-0.21052631578947373,2.287050474541218,-0.1904901493844072,0.5835469227357083,-0.17893717132576806,-0.1998166819431714,-0.37376638680218,1.873695199598827,-0.08243753364405428,0.5386451431587601,Semiconductor Equipment & Materials,Technology,PLAB
