Quarters,Year,Quarter,FillingDate,Date,NetIncome,Revenue,OperatingIncome,EPSDiluted,GrossProfit,GrossProfitRatio,TotalAssets,CommonStockEquity,CurrentAssets,CurrentLiability,TotalLiability,Inventory,RetainedEarnings,MarketCap,EnterpriseValue,bookValuePerShare,currentRatio,debtToAssets,debtToEquity,roic,shareholdersEquityPerShare,roe,priceToSalesRatio,peRatio,pbRatio,payoutRatio,inventoryTurnover,dividendYield,assetTurnover,quickRatio,returnOnAssets,priceToFreeCashFlowsRatio,grossProfitMargin,epsdilutedGrowth,fiveYNetIncomeGrowthPerShare,fiveYRevenueGrowthPerShare,fiveYShareholdersEquityGrowthPerShare,grossProfitGrowth,netIncomeGrowth,operatingIncomeGrowth,threeYNetIncomeGrowthPerShare,threeYRevenueGrowthPerShare,threeYShareholdersEquityGrowthPerShare,Industry,Sector,Symbol
2023Q1,2023,Q1,2023-05-15,2023-03-31,3237000.0,469000.0,-5802000.0,1.87,-1253000.0,-2.671641791,12577000.0,7763000.0,12296000.0,3242000.0,4814000.0,5747000.0,-229242000.0,2733976.7,-1895023.2999999998,4.486336697748741,3.792720542874769,0.050091436749622326,0.0811541929666366,2.38364063151442,4.486336697748741,0.4169779724333376,5.829374626865672,0.21115050200803215,0.3521804328223625,0.0,0.29963459196102316,0.0,0.03729029180249662,1.6918568784700803,0.2573745726325833,-0.5902367659758204,-2.671641791044776,1.044995187680462,1.000217876949828,-0.9985091514205774,1.0001730383189538,-84.53333333333333,1.9269759450171822,-0.0963718820861678,1.0085898799455262,-0.9918845947885641,1.408954514092563,Semiconductors,Technology,WISA
2022Q4,2022,Q4,2023-03-17,2022-12-31,-3492000.0,916000.0,-5292000.0,-41.56,15000.0,0.0163755459,11452000.0,-1996000.0,11130000.0,3674000.0,13448000.0,7070000.0,-228321000.0,905767.94,-1365232.06,-23.755400307058782,3.0293957539466523,0.05466294097100943,-0.313627254509018,4.408853176316775,-23.755400307058782,1.749498997995992,0.9888296288209606,-0.06484592926689575,-0.4537915531062124,0.0,0.12743988684582744,0.0,0.07998602864128536,0.8628198149156233,-0.30492490394690885,-0.19584171675675674,0.016375545851528384,-0.37661477310367675,0.9960165149510682,-0.9200189604568815,0.9987626769112287,-0.8846153846153846,0.23252747252747252,-0.11457455770850884,0.8702263477760012,-0.6880063570633622,-1.2631268732481236,Semiconductors,Technology,WISA
2022Q3,2022,Q3,2022-11-16,2022-09-30,-4550000.0,937000.0,-4748000.0,-30.19,130000.0,0.1387406617,11570000.0,5352000.0,11198000.0,3862000.0,6218000.0,7284000.0,-224831000.0,8439424.0,7214424.0,35.51332413207347,2.899533920248576,0.1226447709593777,0.2651345291479821,-0.6721961239243714,35.51332413207347,-0.8501494768310912,9.006855923159018,-0.4637046153846154,1.5768729446935723,0.0,0.11079077429983525,0.0,0.08098530682800345,0.7459865354738477,-0.39325842696629215,-1.8354554153979992,0.13874066168623267,-0.10424286759326999,0.9784072926178741,-0.9509529729922676,0.0,-0.30851063829787234,-0.10759493670886076,-0.15720204728247625,0.8892230152353982,-0.8525610018443907,-0.74867493691148,Semiconductors,Technology,WISA
2022Q2,2022,Q2,2022-08-15,2022-06-30,-4108000.0,946000.0,-4103000.0,-27.34,188000.0,0.1987315011,12205000.0,9384000.0,11780000.0,2702000.0,2821000.0,6248000.0,-220182000.0,9314446.0,4696446.0,62.4629741801069,4.359733530717986,0.011798443260958623,0.015345268542199489,-0.4244208580152832,62.4629741801069,-0.437766410912191,9.846137420718817,-0.5668479795520935,0.992588022165388,0.0,0.12131882202304738,0.0,0.07750921753379762,1.8552923760177646,-0.3365833674723474,-2.169682273468437,0.19873150105708245,-0.03757115749525611,0.9895177142604266,-0.9600588771995863,0.0,2.032258064516129,-0.051446122344509855,-0.051781594462958214,0.9166021508912435,-0.8459230828113663,-0.863902454689284,Semiconductors,Technology,WISA
2022Q1,2022,Q1,2022-05-11,2022-03-31,-3907000.0,566000.0,-3901000.0,-26.35,62000.0,0.109540636,16972000.0,12986000.0,16512000.0,3827000.0,3986000.0,6227000.0,-216074000.0,18536000.0,9621000.0,87.57283124730255,4.314606741573034,0.008602403959462645,0.011242876944401663,-0.29402001014250123,87.57283124730255,-0.30086246727244725,32.74911660777385,-1.1860762733555157,1.4273833359002002,0.0,0.08093785129275735,0.0,0.03334904548668395,2.431147112620852,-0.23020268677822295,-4.586983419945558,0.10954063604240283,-0.19501133786848074,0.9875607465603683,-0.9872052749647011,0.0,-0.8973509933774835,-0.2730531117627892,-0.27109807754969045,0.9208654188340943,-0.936762638005207,-0.4267960136540197,Semiconductors,Technology,WISA
2021Q4,2021,Q4,2022-03-11,2021-12-31,-3069000.0,2000000.0,-3069000.0,-22.05,604000.0,0.302,19391000.0,16377000.0,19188000.0,2965000.0,3014000.0,4780000.0,-212203000.0,19345047.0,6237047.0,117.67368670647323,6.47150084317032,0.0,0.0,-0.18739695915002746,117.67368670647323,-0.18739695915002746,9.6725235,-1.5758428641251223,1.1812326433412714,0.0,0.2920502092050209,0.0,0.1031406322520757,4.493086003372682,-0.15826930019081017,-6.564318629114354,0.302,-0.48896824235807884,0.997886369634166,-0.8945698653162026,1.0061291482198051,0.19367588932806323,-0.4890829694323144,-0.051747772446881425,0.9379719423759943,-0.6620900413146472,-0.7625443757172534,Semiconductors,Technology,WISA
2021Q3,2021,Q3,2021-11-10,2021-09-30,-2061000.0,1807000.0,-2918000.0,-14.808912220370408,506000.0,0.280022136137244,21916000.0,18996000.0,21706000.0,2865000.0,2920000.0,3954000.0,-209134000.0,38968440.0,22901440.0,136.49199198120326,7.576265270506108,0.0,0.0,-0.15361128658664983,136.49199198120326,-0.10849652558433355,21.565268400664085,-4.72688500727802,2.0514024005053693,0.0,0.32903388973191705,0.0,0.08245117722212082,5.679581151832461,-0.09404088337287826,-11.822949029126214,0.280022136137244,0.5266171265533618,0.9894088410694096,-0.897576163321869,0.0,0.10239651416122005,0.3934667451442025,-0.03880384478462086,0.9974363972663951,-0.813918762869385,-0.8833781757221366,Semiconductors,Technology,WISA
2021Q2,2021,Q2,2021-08-10,2021-06-30,-3398000.0,1581000.0,-2809000.0,-31.283160103678174,459000.0,0.2903225806451613,15877000.0,11633000.0,15697000.0,4178000.0,4244000.0,3563000.0,-207073000.0,43557021.0,34111021.0,107.09715432559082,3.757060794638583,0.053347609749952764,0.07281010917218259,-0.2252126842288061,107.09715432559082,-0.2921000601736439,27.55029791271347,-3.2046071954090642,3.7442638184475197,0.0,0.3149031714847039,0.0,0.09957800592051395,2.5631881282910483,-0.2140202809094917,-16.968064277366576,0.2903225806451613,0.05162315830416986,0.9880077554362678,-0.9076764392918284,0.0,0.5559322033898305,-0.03219927095990279,-0.03272058823529412,0.9881311703655504,-0.7171114119378965,1.0064040947751418,Semiconductors,Technology,WISA
2021Q1,2021,Q1,2021-05-12,2021-03-31,-3292000.0,1153000.0,-2720000.0,-32.986001690783084,295000.0,0.25585429314830876,14750000.0,10537000.0,14560000.0,3187000.0,4213000.0,3296000.0,-203675000.0,30838200.0,21978200.0,105.5811623246493,4.568559774082209,0.057423728813559324,0.08038341083799944,-0.23893183415319746,105.5811623246493,-0.31242289076587265,26.746053772766697,-2.341904617253949,2.926658441681693,0.0,0.26031553398058255,0.0,0.07816949152542373,3.0906808911201757,-0.2231864406779661,-11.025455845548802,0.25585429314830876,0.09485839978003865,0.9844265010433646,-0.961272514525559,0.0,0.18951612903225806,0.09485839978003849,0.2513074593999449,0.9961581925476893,-0.9364526885528186,1.0040722727857279,Semiconductors,Technology,WISA
2020Q4,2020,Q4,2021-03-16,2020-12-31,-3637000.0,1038000.0,-3633000.0,-36.44291863589857,248000.0,0.23892100192678228,11299000.0,7913000.0,11116000.0,2284000.0,3386000.0,2708000.0,-200383000.0,35329200.0,28761200.0,79.28857715430861,4.866900175131349,0.07496238605186299,0.10703904966510805,-0.4128878281622912,79.28857715430861,-0.4596234045242007,34.03583815028902,-2.4284575199340113,4.46470365221787,-0.03684355237833379,0.2917282127031019,0.0037928965275183133,0.09186653686166918,3.2837127845884413,-0.32188689264536685,-14.738923654568211,0.23892100192678228,0.06032214627478881,0.9965069894289241,-0.9236943727281895,1.004129822521227,1.3846153846153846,-0.21638795986622072,-0.21708542713567838,0.9965069894289241,-0.9236943727281895,1.004129822521227,Semiconductors,Technology,WISA
2020Q3,2020,Q3,2020-11-10,2020-09-30,-2990000.0,607000.0,-2985000.0,-38.7823534325366,104000.0,0.171334431630972,13026000.0,9862000.0,12789000.0,1956000.0,3164000.0,2576000.0,-196746000.0,14648430.0,6391430.0,127.91678016005811,6.538343558282208,0.0650237985567327,0.08588521598053134,-0.2775711363213688,127.91678016005811,-0.30318393834921925,24.132504118616144,-1.2247851170568562,1.4853407016832285,0.0,0.1952639751552795,0.0,0.04659910947336097,4.780163599182004,-0.22954091816367264,-5.482196856287425,0.171334431630972,0.5507208162272432,0.9722633381746313,-0.9378917791940239,0.0,7.666666666666667,0.12007062978222484,-0.485813837730214,0.9722633381746313,-0.9378917791940239,0.0,Semiconductors,Technology,WISA
2020Q2,2020,Q2,2020-08-13,2020-06-30,-3398000.0,348000.0,-2009000.0,-86.32127824589472,12000.0,0.034482758620689655,15627000.0,12232000.0,15495000.0,2446000.0,3395000.0,2715000.0,-193756000.0,8463475.0,-2777525.0,310.7328845421059,6.33483237939493,0.0542010622640302,0.06924460431654676,-0.15374074911934849,310.7328845421059,-0.2777959450621321,24.320330459770116,-0.6226806209535021,0.6919126062786135,0.0,0.12375690607734807,0.0,0.022269149548857746,4.970155355682747,-0.21744416714660522,-2.802475165562914,0.034482758620689655,0.6036313717655166,0.9669094475611041,-0.9439257516407337,0.0,-0.8095238095238095,-0.26791044776119405,0.24473684210526317,0.9669094475611041,-0.9439257516407337,0.0,Semiconductors,Technology,WISA
2020Q1,2020,Q1,2020-05-27,2020-03-31,-2680000.0,411000.0,-2660000.0,-217.78029868405443,63000.0,0.15328467153284672,4622000.0,-135000.0,4497000.0,3677000.0,4757000.0,2650000.0,-190358000.0,8429610.0,8362610.0,-10.970258410531448,1.2230078868642915,0.14885331025530074,-5.0962962962962965,-4.810126582278481,-10.970258410531448,19.85185185185185,20.51,-0.7863442164179104,-62.44155555555555,0.0,0.13132075471698113,0.0,0.0889225443530939,0.21920043513734022,-0.5798355690177412,-4.626569703622393,0.15328467153284672,0.31996955087541235,0.8971806637078535,-0.8880444971742165,0.0,1.3442622950819672,0.31996955087541235,0.14165859954824137,0.8971806637078535,-0.8880444971742165,0.0,Semiconductors,Technology,WISA
2019Q4,2019,Q4,2020-03-25,2019-12-31,-3941000.0,430000.0,-3099000.0,-320.2508048932308,-183000.0,-0.4255813953488372,4222000.0,1111000.0,4016000.0,2700000.0,3111000.0,2666000.0,-187678000.0,15013320.0,14715320.0,90.28116366000324,1.4874074074074075,0.0,0.0,-2.7900869020912245,90.28116366000324,-3.547254725472547,34.914697674418605,-0.9523801065719361,13.513339333933395,0.0,0.22993248312078018,0.0,0.10184746565608717,0.15037037037037038,-0.9334438654666035,-5.814608830364059,-0.4255813953488372,-0.17503071449287333,0.9693043620128995,-0.7436452910056193,1.004702382061921,-6.71875,-0.4553175775480059,-0.15677491601343785,0.9693043620128995,-0.7436452910056193,1.004702382061921,Semiconductors,Technology,WISA
2019Q3,2019,Q3,2019-11-14,2019-09-30,-2708000.0,419000.0,-2679000.0,-272.54675213442954,32000.0,0.07637231503579953,3541000.0,1404000.0,3313000.0,1729000.0,2137000.0,2036000.0,-183737000.0,17884800.0,17600800.0,141.30434782608697,1.9161364950838635,0.0,0.0,-1.9081196581196582,141.30434782608697,-1.9287749287749287,42.684486873508355,-1.6511078286558345,12.738461538461538,0.0,0.1900785854616896,0.0,0.11832815588816718,0.2128397917871602,-0.7647557187235244,-5.801102821926695,0.07637231503579953,0.16871696424765936,0.8050794808325045,-0.6673402042791454,0.0,0.45454545454545453,0.04107648725212465,0.013622974963181149,0.8050794808325045,-0.6673402042791454,0.0,Semiconductors,Technology,WISA
2019Q2,2019,Q2,2019-08-14,2019-06-30,-2824000.0,352000.0,-2716000.0,-327.86276203479247,22000.0,0.0625,6157000.0,3953000.0,5912000.0,1778000.0,2204000.0,2082000.0,-181029000.0,19982160.0,16660160.0,458.95738999187273,3.325084364454443,0.0,0.0,-0.6873164930584025,458.95738999187273,-0.7143941310397167,56.7675,-1.768958923512748,5.054935492031369,0.0,0.1585014409221902,0.0,0.05717070001624168,1.8785151856017999,-0.45866493422121163,-7.739024012393493,0.0625,0.015286882587277015,0.8743098790724944,-0.7407715345737709,0.0,-0.6206896551724138,-0.10097465886939572,-0.01837270341207349,0.8743098790724944,-0.7407715345737709,0.0,Semiconductors,Technology,WISA
2019Q1,2019,Q1,2019-05-15,2019-03-31,-2565000.0,465000.0,-2667000.0,-332.95256886211996,58000.0,0.12473118279569892,2862000.0,1177000.0,2618000.0,1582000.0,1685000.0,1764000.0,-178205000.0,28967040.0,28645040.0,152.77777777777777,1.654867256637168,0.0,0.0,-2.27124318089685,152.77777777777777,-2.179269328802039,62.294709677419355,-2.823298245614035,24.610909090909093,0.0,0.23072562358276644,0.0,0.16247379454926625,0.23830594184576487,-0.8962264150943396,-10.272,0.12473118279569892,0.06347930763919747,0.8428088800577228,-0.7976714298051782,0.0,2.455129330891392,0.06347930763919746,0.05155966336947032,0.8428088800577228,-0.7976714298051782,0.0,Semiconductors,Technology,WISA
2018Q4,2018,Q4,2019-03-29,2018-12-31,-2738861.0,327635.0,-2811985.0,-355.52078195176404,-39859.0,-0.12165672165672166,5405706.0,3817800.0,5141514.0,1377997.0,1587906.0,1383429.0,-175639834.0,52695360.0,49477805.0,495.5607476635514,3.7311503580922163,0.0,0.0,-0.7365459164964115,495.5607476635514,-0.7173924773429724,160.83556396599874,-4.809970275965082,13.802545968882603,0.0,0.26563994249072415,0.0,0.060609104527697216,2.4164501083819485,-0.5066611095756965,-18.276946128553394,-0.12165672165672166,0.9384516600794147,0.9659246082047865,-0.6879934077883468,1.0258117626748944,-0.43827806444628875,0.9140133650544574,0.05033584585909435,0.9659246082047865,-0.6879934077883468,1.0258117626748944,Semiconductors,Technology,WISA
2018Q3,2018,Q3,2018-11-15,2018-09-30,-31852171.0,384740.0,-2961031.0,-5776.285475944363,-27713.0,-0.0720304621302698,8158371.0,6453482.0,7886516.0,1483980.0,1704889.0,1171034.0,-172900973.0,49515720.0,43414159.0,1170.3812114617338,5.314435504521624,0.0,0.0,-0.45891548541954674,1170.3812114617338,-4.935656595927594,128.69917346779644,-0.38863693152972206,7.672713738102934,0.0,0.3522126599227691,0.0,0.047158924250931954,4.146302510815509,-3.9042317393999366,-12.708571276043658,-0.0720304621302698,-1.1915930260254497,-3.1313573245014297,-0.4495746145204462,0.0,0.4806993216654799,-0.6370551708581074,-0.5312607144463963,-3.1313573245014297,-0.4495746145204462,0.0,Semiconductors,Technology,WISA
2018Q2,2018,Q2,2018-09-14,2018-06-30,-19456993.0,379819.0,-1933721.0,-2635.656076356435,-53366.0,-0.14050376626761693,2115483.0,-123450889.0,1858365.0,29705745.0,125566372.0,816026.0,-141048802.0,69386370.8,88870994.8,-16723.23069628827,0.06255911104064214,9.411499879696505,-0.16127763972602902,0.018675892716955148,-16723.23069628827,0.15760917687680645,182.68272729905559,-0.8915351257000502,-0.5620564692733804,0.0,0.5308470563437929,0.0,0.17954244964388746,0.014548768260146313,-9.197423472559223,-37.25940853300656,-0.14050376626761693,0.6929712126492739,-0.010398239176363289,-0.6736398546840514,0.0,0.5425196310393307,-0.4620099687520335,0.4995766231816923,-0.010398239176363289,-0.6736398546840514,0.0,Semiconductors,Technology,WISA
2018Q1,2018,Q1,2018-03-31,2018-03-31,-13308386.0,281795.0,-3864170.0,-8584.393988260337,-116652.0,-0.4139605032026828,1521795.0,-40186601.0,1264751.0,17822610.0,41708396.0,734275.0,-121591809.0,14569070.0,26439123.0,-25926.83935483871,0.07096328764417782,7.849450155901419,-0.2972446960617545,0.13684725446433113,-25926.83935483871,0.3311647581242315,51.70095282031264,-0.27368213545955156,-0.36253551276954227,0.0,0.5426400190664261,0.0,0.1851727729424791,0.004923633519445244,-8.745189726605751,-10.426691457582772,-0.4139605032026828,0.17703601309135214,-3.0536906521093115,-0.3905724004290868,0.0,-2.7160969704692426,0.17703601309135217,-1.120309077420799,-3.0536906521093115,-0.3905724004290868,0.0,Semiconductors,Technology,WISA
2017Q4,2017,Q4,2017-12-31,2017-12-31,-16171286.0,211272.0,-1822456.0,-10431.068825388635,-31391.0,-0.14858097618236207,1456913.0,-29758493.0,1200260.0,9155620.0,31215406.0,692884.0,-108283423.0,14569070.0,19561288.0,-19199.027741935482,0.1310954364641608,3.5975799515825586,-0.17612992028863828,0.07434620915013052,-19199.027741935482,0.5434175043742975,68.95883032299595,-0.2252305413434652,-0.48957687474295153,0.0,0.35022168212861027,0.0,0.14501346339829488,0.03319622264794738,-11.099692294598237,-3.696389105180781,-0.14858097618236207,-6.4616236807657215,0.0,0.0,0.0,0.34661976521521937,-6.461623680765722,-0.14365895611695034,0.0,0.0,0.0,Semiconductors,Technology,WISA
2017Q3,2017,Q3,2017-09-30,2017-09-30,-2167261.0,196487.0,-1593531.0,-1397.9623298716378,-48044.0,-0.24451490429392275,,,,,,,,14569070.0,,,0.0,0.0,0.0,0.0,,0.0,74.14775532223506,-1.680585540920083,0.0,0.0,0.0,0.0,0.0,0.0,0.0,-7.6324607220129606,-0.24451490429392275,0.463993055254993,0.0,0.0,0.0,0.6118283913710916,0.46399305525499307,0.07065291559114889,0.0,0.0,0.0,Semiconductors,Technology,WISA
2017Q2,2017,Q2,2017-06-30,2017-06-30,-4043345.0,244364.0,-1714678.0,-2608.1048829258852,-123770.0,-0.5064985022343717,,,,,,,,14569070.0,,,0.0,0.0,0.0,0.0,,0.0,59.62036142803359,-0.9008055211712085,0.0,0.0,0.0,0.0,0.0,0.0,0.0,-5.942355876435158,-0.5064985022343717,-0.23124760095500915,0.0,0.0,0.0,-3.7878009775435277,-0.23637557291776556,-0.0022339694281692905,0.0,0.0,0.0,Semiconductors,Technology,WISA
2017Q1,2017,Q1,2017-03-31,2017-03-31,-3270321.0,460603.0,-1710856.0,-2118.261900289532,44397.0,0.09638886416284739,,,,,,,,14512673.6,,,0.0,0.0,0.0,0.0,,0.0,31.507987572812162,-1.1094227141616984,0.0,0.0,0.0,0.0,0.0,0.0,0.0,-6.442872592247957,0.09638886416284739,0.0,0.0,0.0,0.0,0.0,0.0,0.0,0.0,0.0,0.0,Semiconductors,Technology,WISA
