Year,Date,FillingDate,NetIncome,Revenue,OperatingIncome,EPSDiluted,GrossProfit,GrossProfitRatio,TotalAssets,CommonStockEquity,CurrentAssets,CurrentLiability,TotalLiability,Inventory,RetainedEarnings,EnterpriseValue,bookValuePerShare,currentRatio,debtToAssets,debtToEquity,roic,shareholdersEquityPerShare,roe,priceToSalesRatio,peRatio,pbRatio,payoutRatio,inventoryTurnover,dividendYield,assetTurnover,quickRatio,returnOnAssets,priceToFreeCashFlowsRatio,grossProfitMargin,epsdilutedGrowth,fiveYNetIncomeGrowthPerShare,fiveYRevenueGrowthPerShare,fiveYShareholdersEquityGrowthPerShare,grossProfitGrowth,netIncomeGrowth,operatingIncomeGrowth,threeYNetIncomeGrowthPerShare,threeYRevenueGrowthPerShare,threeYShareholdersEquityGrowthPerShare,Industry,Sector,Price,MarketCap,AvgVolume,Symbol
2022,2022-12-31,2023-03-17,-16151000.0,3365000.0,-18044000.0,-82.89,395000.0,0.117384844,11452000.0,-1996000.0,11130000.0,3674000.0,13448000.0,7070000.0,-228321000.0,-170495.43999999994,-10.243672120378545,3.0293957539466523,0.05466294097100943,-0.313627254509018,15.026007235182727,-10.243672120378545,8.091683366733466,0.6242212659732541,-0.13005414896910408,-1.0523569939879758,0.0,0.4200848656294201,0.0,0.2938351379671673,0.8628198149156233,-1.4103213412504365,-0.11963915019650283,0.11738484398216939,0.1303116147308782,0.9949915722853367,-0.975943986269035,0.9994664483921755,-0.7880901287553648,-0.3664128595600677,-0.5675440882634002,0.9143641042821354,-0.8710798393629207,-1.1146719623412673,Semiconductors,Technology,1.22,6451482,2054270,WISA
2021,2021-12-31,2022-03-11,-11820000.0,6541000.0,-11511000.0,-95.31,1864000.0,0.2849717169,19391000.0,16377000.0,19188000.0,2965000.0,3014000.0,4780000.0,-212203000.0,4130224.0,132.05554122048767,6.47150084317032,0.0,0.0,-0.7029949346861174,132.05554122048767,-0.7217439091408683,2.6354110992203026,-1.4583945854483926,1.052587409171399,0.0,0.9784518828451882,0.0,0.33732143778041357,4.493086003372682,-0.6095611366097674,-1.4851575773240286,0.284971716862865,0.6072605900774682,0.984782978516202,-0.9357857854242988,1.0028133458155015,3.3653395784543325,0.06965761511216056,-0.019845840347302204,0.9952158367630083,-0.8702138515256794,-0.8830531235616144,Semiconductors,Technology,1.22,6451482,2054270,WISA
2020,2020-12-31,2021-03-16,-12705000.0,2404000.0,-11287000.0,-242.68,427000.0,0.1776206323,11299000.0,7913000.0,11116000.0,2284000.0,3386000.0,2708000.0,-200383000.0,12003608.0,151.14990831295844,4.866900175131349,0.07841401893972919,0.11196764817389107,-1.2774005205545726,151.14990831295844,-1.6055857449766207,7.709071547420965,-1.4586861865407321,2.342045747504107,0.0,0.7300590841949779,0.0,0.21276219134436675,3.2837127845884413,-1.124435790777945,-1.8699029361315709,0.17762063227953412,0.7492767997355154,0.9612536061660628,-0.9440930331336901,1.0032201372099616,7.014084507042254,-0.05540787506230271,-0.011289310993638562,0.9853361417933102,-0.9360346695340377,1.0078727897237636,Semiconductors,Technology,1.22,6451482,2054270,WISA
2019,2019-12-31,2020-03-25,-12038000.0,1666000.0,-11161000.0,-967.92,-71000.0,-0.0426170468,4222000.0,1111000.0,4016000.0,2700000.0,3111000.0,2666000.0,-187678000.0,14875140.0,89.33022433062635,1.4874074074074075,0.0,0.0,-10.052585158765252,89.33022433062635,-10.835283528352836,9.107527010804322,-1.2604369496594119,13.657191719171918,0.0,0.6515378844711178,0.0,0.39459971577451447,0.15037037037037038,-2.851255329227854,-1.3710255715189301,-0.042617046818727494,0.9514200703122381,0.8454643790953634,-0.8369112109405612,1.001903114481192,0.7011658739845953,0.8212790761669294,0.03542565850715074,0.8454643790953634,-0.8369112109405612,1.001903114481192,Semiconductors,Technology,1.22,6451482,2054270,WISA
2018,2018-12-31,2019-03-29,-67356411.0,1373989.0,-11570907.0,-19924.277499393604,-237590.0,-0.17291987053753705,5405706.0,3817800.0,5141514.0,1377997.0,1587906.0,1383429.0,-175639834.0,19908485.0,1129.192546583851,3.7311503580922163,0.0,0.0,-3.031145483674646,1129.192546583851,-17.642729058620148,16.83131378781053,-0.34333836462872114,6.057425742574257,0.0,1.1649163057880094,0.0,0.25417383039329183,2.4164501083819485,-12.460243120880047,-2.303632962155478,-0.17291987053753705,-0.20413031839825677,-2.1807069972317303,-0.5052306017971813,1.0240566135768812,-0.49608332073950934,-1.6257543939776269,-0.6912769835830366,-2.1807069972317303,-0.5052306017971813,1.0240566135768812,Semiconductors,Technology,1.22,6451482,2054270,WISA
2017,2017-12-31,2017-12-31,-25652213.0,1112726.0,-6841521.0,-16546.612268593177,-158808.0,-0.1427197710847055,1456913.0,-29758493.0,1200260.0,9155620.0,31215406.0,692884.0,-108283423.0,19561288.0,-19199.027741935482,0.1310954364641608,3.5975799515825586,-0.17612992028863828,0.27911166489044015,-19199.027741935482,0.8620131738525872,13.09313343985851,-0.5679459312145896,-0.48957687474295153,0.0,1.8351325763042587,0.0,0.7637559689562795,0.03319622264794738,-17.60723735734392,-1.3803641513695755,-0.1427197710847055,-1.64230554386163,-1.6423055438616296,-0.12598017615089943,0.5909788876690328,0.39078629875286275,-1.6423055438616296,0.19479214602564088,-1.6423055438616296,-0.12598017615089943,0.5909788876690328,Semiconductors,Technology,1.22,6451482,2054270,WISA
2016,2016-12-31,2016-12-31,-9708269.0,1273113.0,-8496590.0,-6262.1873185835,-260677.0,-0.20475558728879525,942639.0,-72755396.0,786829.0,7343907.0,73698035.0,585961.0,-82631210.0,18331908.0,-46938.965161290325,0.10714038181583727,4.089688629475335,-0.052987135139777125,0.12343713966373082,-46938.965161290325,0.1334370992908897,11.443658182737902,-1.5006866826619658,-0.2002472778788806,0.0,2.617563284928519,0.0,1.3505838396247132,0.013528357589495619,-10.29903176083315,-2.26069406031054,-0.20475558728879525,0.0,0.0,0.0,0.0,0.0,0.0,0.0,0.0,0.0,0.0,Semiconductors,Technology,1.22,6451482,2054270,WISA
TTM,,,,,,,,,,,,,,,,1822482.0,4.486336697748741,3.792720542874769,0.050091436749622326,0.0811541929666366,-1.5782801067482233,4.486336697748741,-1.738867482807394,1.974137698898409,-0.23685014024458656,0.27193678990081155,0.0,0.7287280320167043,0.0,0.25983938936153295,1.6918568784700803,-0.7086745646815615,-0.3554927264712365,-0.28151774785801714,,,,,,,,,,,Semiconductors,Technology,1.22,6451482,2054270,WISA
