Year,Date,FillingDate,NetIncome,Revenue,OperatingIncome,EPSDiluted,GrossProfit,GrossProfitRatio,TotalAssets,CommonStockEquity,CurrentAssets,CurrentLiability,TotalLiability,Inventory,RetainedEarnings,EnterpriseValue,bookValuePerShare,currentRatio,debtToAssets,debtToEquity,roic,shareholdersEquityPerShare,roe,priceToSalesRatio,peRatio,pbRatio,payoutRatio,inventoryTurnover,dividendYield,assetTurnover,quickRatio,returnOnAssets,priceToFreeCashFlowsRatio,grossProfitMargin,epsdilutedGrowth,fiveYNetIncomeGrowthPerShare,fiveYRevenueGrowthPerShare,fiveYShareholdersEquityGrowthPerShare,grossProfitGrowth,netIncomeGrowth,operatingIncomeGrowth,threeYNetIncomeGrowthPerShare,threeYRevenueGrowthPerShare,threeYShareholdersEquityGrowthPerShare,Industry,Sector,Price,MarketCap,AvgVolume,Symbol
2022,2022-12-31,2023-03-31,-50894000.0,21794000.0,-27441000.0,-0.51,5076000.0,0.2329081399,56795000.0,24881000.0,16863000.0,25577000.0,31914000.0,2780000.0,-250219000.0,88311780.6,0.25136893576609887,0.6593032802908864,0.24164098952372567,0.5515855472046943,-0.6432693471333788,0.25136893576609887,-2.0454965636429403,3.512103358722584,-1.5039647227571031,3.076354672239862,0.0,6.013669064748202,0.0,0.3837309622325909,0.11389138679282168,-0.8961000088035919,-2.7316220191998855,0.23290813985500597,0.2816901408450704,-13.233668694667594,0.0,0.10245143683515064,0.404926653750346,0.049101304136616716,-0.6291260983139397,-0.473252567794644,-0.575975373954375,1.302591898191247,Software—Application,Technology,0.41,42909780,794911,PHUN
2021,2021-12-31,2022-04-07,-53522000.0,10643000.0,-16844000.0,-0.71,3613000.0,0.3394719534,99294000.0,65277000.0,60007000.0,30293000.0,34017000.0,2636000.0,-199325000.0,181738610.0,0.8652033878086604,1.9808866734889248,0.06495860777086229,0.09880968794521806,-0.2280647915776692,0.8652033878086604,-0.8199212586362731,18.643766795076576,-3.707365382459549,3.0397476906107816,0.0,2.6669195751138086,0.0,0.10718673837291276,1.8712243752682138,-0.5390255201724172,-3.1102167779554217,0.3394719533965987,-0.41999999999999993,-63.41229116282405,0.0,-0.6495629052196439,-0.4562010836845274,-1.4110095049326545,-0.29589167564240654,-1.0326247253109095,-0.7283357788105087,6.925443551663086,Software—Application,Technology,0.41,42909780,794911,PHUN
2020,2020-12-31,2021-03-31,-22199000.0,10001000.0,-12998000.0,-0.5,6644000.0,0.6643335666,31836000.0,-1979000.0,4908000.0,26463000.0,33815000.0,0.0,-145803000.0,60230940.0,-0.044703968917301044,0.18546650039678042,0.2636009548938309,-4.2405255179383525,-2.027003141938937,-0.044703968917301044,11.217281455280444,5.577336266373362,-2.5126780485607463,-28.185416877210713,0.0,0.0,0.0,0.3141412237718306,0.1739787628008918,-0.6972923734137454,-5.083289893374647,0.6643335666433356,-0.42857142857142866,-44.531513705116396,0.0,-1.0181066431468886,-0.3441263573543929,-0.7247300132079869,-0.05571799870045484,-12.881621277192261,0.0,-1.1960622326498276,Software—Application,Technology,0.41,42909780,794911,PHUN
2019,2019-12-31,2020-03-30,-12871000.0,19150000.0,-12312000.0,-0.35,10130000.0,0.5289817232,29052000.0,4026000.0,2315000.0,19833000.0,25026000.0,0.0,-123604000.0,44715010.0,0.10916781908403156,0.1167246508344678,0.07510670521822939,0.5419771485345256,-1.9840181546183417,0.10916781908403156,-3.196969696969697,2.291697650130548,-3.409681454432445,10.90064828614009,0.0,0.0,0.0,0.6591628803524714,0.09816971713810316,-0.4430331818807655,-7.072684931506849,0.528981723237598,-8.688901406009663,-30.6892195400071,0.0,-0.9557832829801911,0.0,-12.942026473710436,-0.7939676526300452,-30.6892195400071,0.0,-0.9557832829801911,Software—Application,Technology,0.41,42909780,794911,PHUN
2018,2018-11-30,2018-11-30,-923180.0,0.0,-6863000.0,-0.03612380654249491,0.0,0.0,19724276.0,5827000.0,18332.0,2599570.0,3062500.0,0.0,-1320643.0,258479148.00000003,0.2280090781029895,0.007051935512411668,0.08321932830386271,0.2816957267890853,-0.9189334159565564,0.2280090781029895,-0.1584314398489789,0.0,-278.20988322970607,44.07719238029861,0.0,0.0,0.0,0.0,3.5775147428228516e-05,-0.04680425278981089,-38.96204490291262,0.0,-2.2799852982537017,-2.2799852982537017,0.0,-0.9076484904707407,0.0,-2.004419508321563,0.7320815115552779,-2.2799852982537017,0.0,-0.9076484904707407,Software—Application,Technology,0.41,42909780,794911,PHUN
2017,2017-11-30,2017-11-30,-307274.0,0.0,-25616000.0,-0.011013405017921148,0.0,0.0,71349930.0,68883046.0,134074.0,741731.0,2466884.0,0.0,-397463.0,283672095.0,2.468926379928315,0.18075825332903708,0.00846952477738941,0.008772840852595281,-0.36864265905334764,2.468926379928315,-0.004460807380672452,0.0,-921.6041708702982,4.1110986874767415,0.0,0.0,0.0,0.0,0.1580155069695078,-0.004306577455647119,-372.76045581330453,0.0,0.0,0.0,0.0,0.0,0.0,0.0,0.0,0.0,0.0,0.0,Software—Application,Technology,0.41,42909780,794911,PHUN
TTM,,,,,,,,,,,,,,,,51711780.0,0.2122827593560081,0.402424118965166,0.2089007193611545,0.43358750741975255,-0.9677996648933838,0.2122827593560081,-1.6038105814780752,2.1712179325001264,-0.9153114924371929,1.931386238071321,0.0,6.026581804567578,0.0,0.43476252282376754,0.09645548991647994,-1.0166311019204963,-1.7394211358385019,0.1854981531144057,,,,,,,,,,,Software—Application,Technology,0.41,42909780,794911,PHUN
