Quarters,Year,Quarter,FillingDate,Date,NetIncome,Revenue,OperatingIncome,EPSDiluted,GrossProfit,GrossProfitRatio,TotalAssets,CommonStockEquity,CurrentAssets,CurrentLiability,TotalLiability,Inventory,RetainedEarnings,MarketCap,EnterpriseValue,bookValuePerShare,currentRatio,debtToAssets,debtToEquity,roic,shareholdersEquityPerShare,roe,priceToSalesRatio,peRatio,pbRatio,payoutRatio,inventoryTurnover,dividendYield,assetTurnover,quickRatio,returnOnAssets,priceToFreeCashFlowsRatio,grossProfitMargin,epsdilutedGrowth,fiveYNetIncomeGrowthPerShare,fiveYRevenueGrowthPerShare,fiveYShareholdersEquityGrowthPerShare,grossProfitGrowth,netIncomeGrowth,operatingIncomeGrowth,threeYNetIncomeGrowthPerShare,threeYRevenueGrowthPerShare,threeYShareholdersEquityGrowthPerShare,Industry,Sector,Symbol
2023Q1,2023,Q1,2023-05-12,2023-03-31,-1824000.0,4747000.0,-7251000.0,-0.0177,361000.0,0.0760480303,45457000.0,21901000.0,7902000.0,19636000.0,23556000.0,2671000.0,-254488000.0,73249990.0,82051990.0,0.2122827593560081,0.402424118965166,0.2089007193611545,0.43358750741975255,-0.08799943822263413,0.2122827593560081,-0.08328386831651523,15.430796292395197,-10.039746436403508,3.344595680562531,0.0,1.642081617371771,0.0,0.1044283608685131,0.09645548991647994,-0.04012583320500693,-9.914725230102869,0.07604803033494839,0.839090909090909,0.8468633858507582,-0.7380049596125682,-0.40552184425370325,-0.6353535353535353,0.8324761204996326,-0.034970025692263776,0.8211282489695642,-0.30119452064089025,5.290818356525605,Software—Application,Technology,PHUN
2022Q4,2022,Q4,2023-03-31,2022-12-31,-10888000.0,4773000.0,-7006000.0,-0.11,990000.0,0.207416719,56795000.0,24881000.0,16863000.0,25577000.0,31914000.0,2780000.0,-250219000.0,76542780.6,88311780.6,0.25136893576609887,0.6593032802908864,0.24164098952372567,0.5515855472046943,-0.16428143989219054,0.25136893576609887,-0.4376029902335115,16.03661860465116,-1.7575032283247614,3.076354672239862,0.0,1.3607913669064748,0.0,0.08403908794788274,0.11389138679282168,-0.1917070164627168,-19.193274974924773,0.20741671904462602,-0.517241379310345,-0.9387464387464387,0.0,-0.8783489962484299,0.24528301886792453,-0.5191851541788755,0.11068799187611068,-0.1052940562110752,-0.29988220937356574,1.43670527971772,Software—Application,Technology,PHUN
2022Q3,2022,Q3,2022-11-10,2022-09-30,-7167000.0,4758000.0,-7878000.0,-0.0725,795000.0,0.1670870113,68479000.0,32783000.0,26914000.0,29944000.0,35696000.0,3236000.0,-239331000.0,116609960.0,125027960.0,0.3317378721337354,0.8988111140796153,0.24760875596898319,0.5172192904859226,-0.1303951386397124,0.3317378721337354,-0.21861940639965835,24.508188314417822,-4.067600111622715,3.557025287496568,0.0,1.2246600741656366,0.0,0.06948115480658304,0.3423724285332621,-0.10465982271937382,-14.643973376868015,0.16708701134930642,0.7314814814814815,-4.188279470625506,0.0,-0.44973325609207976,-0.4769736842105263,0.727842333105491,-0.045520902455209025,-0.16669715080415637,-0.6666596153567148,0.99764448939412,Software—Application,Technology,PHUN
2022Q2,2022,Q2,2022-08-15,2022-06-30,-26334000.0,5485000.0,-7535000.0,-0.27,1520000.0,0.2771194166,61236000.0,35693000.0,20816000.0,21162000.0,25543000.0,3528000.0,-231313000.0,105561360.0,107745360.0,0.36517566655071515,0.9836499385691333,0.07983865699915083,0.1369736362872272,-0.26757855799519137,0.36517566655071515,-0.737791723867425,19.245462169553328,-1.0021394395078607,2.9574807385201582,0.0,1.1238662131519275,0.0,0.08957149389248155,0.7607976561761648,-0.43004115226337447,-19.80513320825516,0.27711941659070194,-0.03846153846153849,-750.6918008634977,0.0,-0.7051967275241623,-0.1417278373800113,-0.06134128647428663,-0.5003982477100757,-2.4093020267213068,-0.6047358242026928,0.7404479453313588,Software—Application,Technology,PHUN
2022Q1,2022,Q1,2022-05-16,2022-03-31,-24812000.0,6778000.0,-5022000.0,-0.26,1771000.0,0.2612865152,81423000.0,51990000.0,42271000.0,26124000.0,29433000.0,4699000.0,-214242000.0,269226320.0,263351320.0,0.5368427574243113,1.618090644617976,0.06067081782788647,0.0950182727447586,-0.143091955351637,0.5368427574243113,-0.47724562415849203,39.72061375036884,-2.712662421408995,5.1784250817464885,0.0,1.0655458608214514,0.0,0.08324429215332277,1.3886847343438984,-0.30472962185131963,-25.067627560521416,0.2612865151962231,0.40909090909090906,-18.85595390524968,0.0,-0.7814081591923776,0.4600164880461665,0.25350502436969735,0.8449760765550239,-1.2191797514207814,-0.6014783636477872,0.5033782928369905,Software—Application,Technology,PHUN
2021Q4,2021,Q4,2022-04-07,2021-12-31,-33238000.0,5401000.0,-32395000.0,-0.44,1213000.0,0.2245880393,99294000.0,65277000.0,60007000.0,30293000.0,34017000.0,2636000.0,-199325000.0,195532610.0,177299610.0,0.878004492447577,1.9808866734889248,0.05340705379982678,0.08123841475558007,-0.4649417124691611,0.878004492447577,-0.5091839392128927,36.203038326235884,-1.4707007792285938,2.995428864684345,0.0,1.5887708649468892,0.0,0.05439402179386468,0.795695375169181,-0.33474328761053035,-57089.81313868613,0.22458803925199036,-89.3536559139785,-6.879534480207675,0.0,-0.5750862075335221,0.06966490299823633,-90.34946236559139,-7.024523160762943,-3.4921823981866305,0.054742953049311226,7.511147870529454,Software—Application,Technology,PHUN
2021Q3,2021,Q3,2021-11-15,2021-09-30,372000.0,2160000.0,-4037000.0,0.004979986345198731,1134000.0,0.525,31950000.0,13025000.0,3639000.0,14850000.0,18925000.0,0.0,-167514000.0,69053493.6,71016493.6,0.17519200505736612,0.24505050505050505,0.0890453834115806,0.21842610364683301,-0.22953149874914713,0.17519200505736612,0.02856046065259117,31.969209999999997,46.40691774193548,5.301611792706334,0.0,0.0,0.0,0.0676056338028169,0.19488215488215488,0.011643192488262911,-14.636179228486645,0.525,1.0414998862099896,1.357947297030246,0.0,-0.7094020843578767,2.6346153846153846,1.0448571084046787,0.0374344301382928,1.357947297030246,0.0,-0.7094020843578767,Software—Application,Technology,PHUN
2021Q2,2021,Q2,2021-08-13,2021-06-30,-8293000.0,1436000.0,-4194000.0,-0.12,312000.0,0.21727019498607242,34211000.0,10479000.0,5732000.0,16158000.0,23732000.0,0.0,-166459000.0,99551800.0,102694800.0,0.14631387880480312,0.3547468746131947,0.17120224489199382,0.5589273785666571,-0.23050288540807914,0.14631387880480312,-0.7913923084263765,69.32576601671309,-3.0010792234414567,9.500124057639088,0.0,0.0,0.0,0.04197480342579872,0.25659116227255846,-0.24240741282043787,-14.07689479638009,0.21727019498607242,0.368421052631579,-322.05878246299915,0.0,-0.8818820249232059,-0.6729559748427673,0.32920812100622826,-0.22919109026963658,-322.05878246299915,0.0,-0.8818820249232059,Software—Application,Technology,PHUN
2021Q1,2021,Q1,2021-05-14,2021-03-31,-12363000.0,1646000.0,-3412000.0,-0.19,954000.0,0.5795868772782503,54927000.0,16559000.0,26298000.0,30394000.0,38368000.0,0.0,-158166000.0,106568550.0,99024550.0,0.25638286342452815,0.8652365598473383,0.2899302710870792,0.961712663808201,-0.09901047561010998,0.25638286342452815,-0.7466030557400809,64.74395504252733,-2.154989686969182,6.435687541518208,0.0,0.0,0.0,0.02996704717170062,0.8391129828255577,-0.22508056147249986,-14.600431565967941,0.5795868772782503,-0.36696329977265346,-13.834757768591203,0.0,-0.8956059268893121,-0.32722143864598024,-1.0076323481649887,-0.07736027786548784,-0.65799105972873,-0.8548865130919912,-0.2820235977903285,Software—Application,Technology,PHUN
2020Q4,2020,Q4,2021-04-30,2020-12-31,-6158000.0,2018000.0,-3167000.0,-0.1389942217407006,1418000.0,0.7026759167492567,31836000.0,-1979000.0,4908000.0,26463000.0,33815000.0,0.0,-145803000.0,55823040.0,60275040.0,-0.04466865294330083,0.18546650039678042,0.2636009548938309,-4.2405255179383525,-0.4940010782597524,-0.04466865294330083,3.1116725618999497,27.662556987115956,-2.266281260149399,-28.20770085901971,0.0,0.0,0.0,0.06338736022113331,0.1739787628008918,-0.19342882271642167,-12.521991924629878,0.7026759167492567,0.26845146452262836,-1.4497731581798483,0.0,-1.021617573588486,-0.36469534050179214,0.2811952842301856,0.5776770236031471,-1.4497731581798483,0.0,-1.021617573588486,Software—Application,Technology,PHUN
2020Q3,2020,Q3,2020-11-12,2020-09-30,-8567000.0,3130000.0,-7499000.0,-0.19,2232000.0,0.7130990415335463,29351000.0,-4811000.0,2758000.0,26913000.0,34162000.0,0.0,-139645000.0,40538160.0,45915160.0,-0.10859064644275912,0.10247835618474344,0.22213893904807333,-1.3552276034088546,-4.387946167349327,-0.10859064644275912,1.7807108709208064,12.951488817891374,-1.1829742033383916,-8.426140095614217,0.0,0.0,0.0,0.10664031889884501,0.08531193103704529,-0.29188102620012946,-22.967796033994333,0.7130990415335463,-1.375,-12.833288190682557,0.0,-1.1801236049793686,0.5446366782006921,-1.4400455710623754,-1.524915824915825,-12.833288190682557,0.0,-1.1801236049793686,Software—Application,Technology,PHUN
2020Q2,2020,Q2,2020-08-14,2020-06-30,-3511000.0,2213000.0,-2970000.0,-0.08,1445000.0,0.6529597830998645,28221000.0,514000.0,1642000.0,20030000.0,27707000.0,0.0,-131078000.0,51498870.0,57042870.0,0.01227638587021424,0.0819770344483275,0.20190638177243897,11.085603112840467,-0.47810688989053446,0.01227638587021424,-6.830739299610895,23.271066425666515,-3.666965964112788,100.19235408560311,0.0,0.0,0.0,0.07841678182913434,0.05401897154268597,-0.12441089968463201,-18.101536028119508,0.6529597830998645,0.20000000000000004,-232.96044806420025,0.0,-0.9900893759901916,-0.0671400903808909,0.11405500883169316,0.23096841015018124,-232.96044806420025,0.0,-0.9900893759901916,Software—Application,Technology,PHUN
2020Q1,2020,Q1,2020-05-15,2020-03-31,-3963000.0,2640000.0,-3862000.0,-0.1,1549000.0,0.5867424242424243,28841000.0,1353000.0,2221000.0,21053000.0,27488000.0,0.0,-127567000.0,27064125.0,30285125.0,0.03374485596707819,0.10549565382605805,0.14056378072882356,2.9963045084996303,-0.714259293508415,0.03374485596707819,-2.929046563192905,10.2515625,-1.7073003406510219,20.003048780487806,0.0,0.0,0.0,0.0915363544953365,0.0829335486628984,-0.13740855032765853,-14.206889763779527,0.5867424242424243,-0.0048146240988671644,-6.660119715675271,0.0,-0.9862597565458044,0.08701754385964912,-0.020339855818743563,-0.020073956682514528,-6.660119715675271,0.0,-0.9862597565458044,Software—Application,Technology,PHUN
2019Q4,2019,Q4,2019-12-31,2019-12-31,-3884000.0,2688000.0,-3786000.0,-0.09952084454352116,1425000.0,0.5301339285714286,29052000.0,4026000.0,2315000.0,19833000.0,25026000.0,0.0,-123604000.0,46442130.0,48348130.0,0.10315935121838728,0.1167246508344678,0.07510670521822939,0.5419771485345256,-0.6098582474226805,0.10315935121838728,-0.964729259811227,17.277578125,-2.9893235066941295,11.535551415797316,0.0,0.0,0.0,0.09252375051631558,0.09816971713810316,-0.13369131212997384,-161.25739583333333,0.5301339285714286,-0.6586807423920193,-0.7540548850795604,0.0,-0.950075618596902,-0.5573159366262814,-0.6009892827699918,-0.6518324607329843,-0.7540548850795604,0.0,-0.950075618596902,Software—Application,Technology,PHUN
2019Q3,2019,Q3,2019-09-30,2019-09-30,-2426000.0,5637000.0,-2292000.0,-0.06,3219000.0,0.571048430015966,30425000.0,6481000.0,3946000.0,19457000.0,23944000.0,0.0,-119720000.0,56198880.0,57926880.0,0.16606451943526276,0.2028061880043172,0.0590304026294166,0.27711772874556395,-0.27691192461036607,0.16606451943526276,-0.3743249498534177,9.969643427354976,-5.7913107996702395,8.671328498688474,0.0,0.0,0.0,0.18527526705012326,0.17006732795394974,-0.07973705834018077,-1101.9388235294118,0.571048430015966,0.25000000000000006,-3.446980492794929,0.0,-0.7245422061686188,0.15459110473457677,0.20899902184545158,0.2161422708618331,-3.446980492794929,0.0,-0.7245422061686188,Software—Application,Technology,PHUN
2019Q2,2019,Q2,2019-06-30,2019-06-30,-3067000.0,5510000.0,-2924000.0,-0.08,2788000.0,0.505989110707804,31016000.0,8143000.0,4534000.0,17497000.0,22873000.0,0.0,-117294000.0,111772800.0,113549800.0,0.20981705745941767,0.25913013659484485,0.06528888315708022,0.2486798477219698,-0.2880384202485121,0.20981705745941767,-0.37664251504359575,20.285444646098004,-9.110922725790674,13.72624339923861,0.0,0.0,0.0,0.17765024503482074,0.21683717208664344,-0.09888444673716791,-63.87017142857143,0.505989110707804,0.3333333333333333,-219.48260757536718,0.0,-0.830616437988491,0.033358042994810974,0.12220950200343446,0.11661631419939578,-219.48260757536718,0.0,-0.830616437988491,Software—Application,Technology,PHUN
2019Q1,2019,Q1,2019-03-31,2019-03-31,-3494000.0,5315000.0,-3310000.0,-0.12,2698000.0,0.5076199435559736,31434000.0,10807000.0,4839000.0,16103000.0,20627000.0,0.0,-114227000.0,377392080.0,377958080.0,0.35709093312186097,0.30050301186114386,0.05188649233314246,0.15092069954659018,-0.26611995497668434,0.35709093312186097,-0.32330896641065976,71.005095014111,-27.0028677733257,34.92107707967058,0.0,0.0,0.0,0.16908443087103137,0.23616717381854313,-0.11115352802697716,-91.68903790087464,0.5076199435559736,-1.1149101163200563,-7.947429288924134,0.0,-0.854599576268244,0.0,-20.8375,-1.0765370138017565,-7.947429288924134,0.0,-0.854599576268244,Software—Application,Technology,PHUN
2018Q4,2018,Q4,2019-03-06,2018-11-30,-160000.0,0.0,-1594000.0,-0.05674,0.0,0.0,19724280.0,5827000.0,18330.0,2599570.0,3062500.0,0.0,-1320640.0,28341000.000000004,30161850.000000004,2.0663120567375888,0.007051166154402459,0.09231971965516612,0.31250042903724046,-0.20842213720295924,2.0663120567375888,-0.02745838338767805,0.0,-44.282812500000006,4.863737772438648,0.0,0.0,0.0,0.0,3.462111041441469e-05,-0.008111829684023955,-25.953296703296708,0.0,-3.0590923076923078,0.0,0.0,0.0,0.0,0.5897435897435898,0.5228973361269081,0.0,0.0,0.0,Software—Application,Technology,PHUN
2018Q3,2018,Q3,2018-10-15,2018-08-31,-390000.0,0.0,-3341000.0,-0.013978494623655914,0.0,0.0,19550000.0,16820000.0,60000.0,2270000.0,2730000.0,0.0,-1160000.0,291555000.0,293025000.0,0.6028673835125448,0.02643171806167401,0.07621483375959079,0.08858501783590964,-0.18246859639541235,0.6028673835125448,-0.02318668252080856,0.0,-186.89423076923075,17.333828775267538,0.0,0.0,0.0,0.0,0.00881057268722467,-0.019948849104859334,561.7630057803468,0.0,-38.0,0.0,0.0,0.0,0.0,-38.0,-1.7160308615516502,0.0,0.0,0.0,Software—Application,Technology,PHUN
2018Q2,2018,Q2,2018-07-13,2018-05-31,-10000.0,0.0,4666000.0,-0.00035842293906810036,0.0,0.0,37050000.0,34560000.0,120000.0,1600000.0,2490000.0,0.0,-770000.0,289685700.0,290705700.0,1.238709677419355,0.075,0.029689608636977057,0.031828703703703706,0.13084688726864835,1.238709677419355,-0.00028935185185185184,0.0,-7242.142499999999,8.382109374999999,0.0,0.0,0.0,0.0,0.05,-0.0002699055330634278,-106.38475945648182,0.0,0.9722222222222222,0.0,0.0,0.0,0.0,0.9722222222222222,1.7076129814983319,0.0,0.0,0.0,Software—Application,Technology,PHUN
2018Q1,2018,Q1,2018-04-12,2018-02-28,-360000.0,0.0,-6594000.0,-0.012903225806451613,0.0,0.0,71770000.0,68520000.0,160000.0,1520000.0,3250000.0,0.0,-760000.0,285975000.0,286785000.0,2.455913978494624,0.10526315789473684,0.013515396405183224,0.014156450671336836,-0.09489135127356454,2.455913978494624,-0.005253940455341506,0.0,-198.59375,4.173598949211908,0.0,0.0,0.0,0.0,0.10526315789473684,-0.005016023408109238,-86.76425970873787,0.0,0.0,0.0,0.0,0.0,0.0,0.0,0.0,0.0,0.0,0.0,Software—Application,Technology,PHUN
