Quarters,Year,Quarter,FillingDate,Date,NetIncome,Revenue,OperatingIncome,EPSDiluted,GrossProfit,GrossProfitRatio,TotalAssets,CommonStockEquity,CurrentAssets,CurrentLiability,TotalLiability,Inventory,RetainedEarnings,MarketCap,EnterpriseValue,bookValuePerShare,currentRatio,debtToAssets,debtToEquity,roic,shareholdersEquityPerShare,roe,priceToSalesRatio,peRatio,pbRatio,payoutRatio,inventoryTurnover,dividendYield,assetTurnover,quickRatio,returnOnAssets,priceToFreeCashFlowsRatio,grossProfitMargin,epsdilutedGrowth,fiveYNetIncomeGrowthPerShare,fiveYRevenueGrowthPerShare,fiveYShareholdersEquityGrowthPerShare,grossProfitGrowth,netIncomeGrowth,operatingIncomeGrowth,threeYNetIncomeGrowthPerShare,threeYRevenueGrowthPerShare,threeYShareholdersEquityGrowthPerShare,Industry,Sector,Symbol
2023Q1,2023,Q1,2023-05-15,2023-03-31,762000.0,2086000.0,563000.0,0.13,1153000.0,0.5527325024,17772000.0,16599000.0,12654000.0,1173000.0,1173000.0,3170000.0,5243000.0,21586248.0,16729248.0,2.7682624604331423,10.787723785166241,0.0,0.0,0.03218591766507262,2.7682624604331423,0.04590637990240376,10.348153403643337,7.082102362204724,1.3004547261883248,0.3937007874015748,0.2943217665615142,0.013897737114852012,0.11737564708530272,7.892583120204604,0.04287643484132343,22.939689691817215,0.552732502396932,8.848484848484848,10.605709771833425,0.17101612518076592,0.32067882357768174,0.3207331042382589,10.043478260869565,0.6607669616519174,7.186618469314353,0.37024612667347495,0.2673690936066734,Electronics & Computer Distribution,Technology,TAIT
2022Q4,2022,Q4,2023-03-31,2022-12-31,69000.0,1781000.0,339000.0,0.0132,873000.0,0.4901740595,17137000.0,16136000.0,11982000.0,1001000.0,1001000.0,3900000.0,4781000.0,18212816.64,12995816.64,3.0831738500388264,11.97002997002997,0.0,0.0,0.0036514251032470847,3.0831738500388264,0.004276152702032722,10.226174418865806,65.98846608695652,1.128707030242935,4.333333333333333,0.23282051282051283,0.016417010389448473,0.10392717511816538,7.926073926073926,0.004026375678356772,13.571398390461997,0.4901740595171252,-0.835,0.7913835987320277,0.028078702277746895,0.46041066176067064,-0.2885085574572127,-0.8574380165289256,-0.5094066570188133,1.5130169347991311,0.0020446704404547835,0.4058804763606811,Electronics & Computer Distribution,Technology,TAIT
2022Q3,2022,Q3,2022-11-14,2022-09-30,484000.0,2300000.0,691000.0,0.08,1227000.0,0.5334782609,17464000.0,16361000.0,14306000.0,1103000.0,1103000.0,4773000.0,5011000.0,23145254.8,19005254.8,2.728570523233125,12.970081595648232,0.0,0.0,0.03356574351939697,2.728570523233125,0.029582543854287636,10.063154260869565,11.955193595041322,1.4146601552472342,0.5578512396694215,0.2248062015503876,0.01166545809640428,0.13169949610627577,6.680870353581143,0.0277141548327989,39.429735604770016,0.5334782608695652,-0.20000000000000004,1.0802158366408008,0.26583947944574937,0.2750773212401697,-0.17651006711409395,-0.21044045676998369,-0.2794577685088634,-0.028538424693847354,0.3309185316018307,0.20164194663324775,Electronics & Computer Distribution,Technology,TAIT
2022Q2,2022,Q2,2022-08-15,2022-06-30,613000.0,2790000.0,959000.0,0.1,1490000.0,0.5340501792,17382000.0,16120000.0,14199000.0,1262000.0,1262000.0,5041000.0,4797000.0,21667057.0,17893057.0,2.7155510783028816,11.251188589540412,0.0,0.0,0.05584713044205215,2.7155510783028816,0.0380272952853598,7.765970250896057,8.836483278955955,1.3441102357320098,1.4192495921696575,0.25788534021027576,0.040153122779895765,0.16051087331722472,5.553090332805072,0.03526636750661604,33.90775743348983,0.5340501792114696,-0.7058823529411765,1.6367553592666373,0.4688064277197665,0.27092263244879533,0.8555417185554172,-0.6998041136141038,2.8983739837398375,1.291982876336754,0.5188367114003976,0.20984888902096552,Electronics & Computer Distribution,Technology,TAIT
2022Q1,2022,Q1,2022-05-16,2022-03-31,2042000.0,1552000.0,246000.0,0.34,803000.0,0.5173969072,17446000.0,16151000.0,14233000.0,1295000.0,1295000.0,5063000.0,5054000.0,23292573.8,18478573.8,2.7111821365142568,10.99073359073359,0.0,0.0,0.18624085492565115,2.7111821365142568,0.1264317998885518,15.008101675257732,2.851686312438786,1.4421753327967308,0.12928501469147893,0.1479360063203634,0.011334084514095217,0.0889602201077611,5.425482625482625,0.11704688753869082,-26.49894630261661,0.5173969072164949,0.7000000000000001,5.319539096239048,-0.33505805784820103,0.27846650065593553,-0.3029513888888889,0.7319762510602206,-0.6893939393939394,9.504255309586295,0.07294658583365482,0.21583976138980138,Electronics & Computer Distribution,Technology,TAIT
2021Q4,2021,Q4,2022-03-31,2021-12-31,1179000.0,2269000.0,792000.0,0.2,1152000.0,0.5077126487,16929000.0,14385000.0,13874000.0,2737000.0,2737000.0,5261000.0,3276000.0,23620555.400000002,17646555.400000002,2.454283949648364,5.069053708439898,0.0,0.0,0.08216787001227543,2.454283949648364,0.08196037539103232,10.410116967827237,5.008599533502969,1.642026791797011,1.213740458015267,0.2123170499904961,0.060582826092226434,0.13403036210053754,3.083668249908659,0.06964380648591174,-11810.2777,0.5077126487439401,0.8181818181818182,1.351406249066028,0.2654375661588473,0.17191306397831355,-0.022071307300509338,0.7389380530973452,0.11392405063291139,0.8055861673389088,-0.12264643396806274,0.1100653076933328,Electronics & Computer Distribution,Technology,TAIT
2021Q3,2021,Q3,2021-11-15,2021-09-30,678000.0,2485000.0,711000.0,0.11,1178000.0,0.4740442655935614,15753000.0,14200000.0,12461000.0,1553000.0,1553000.0,3948000.0,3135000.0,22389707.599999998,16423707.599999998,2.422720339590321,8.023824855119125,0.0,0.0,0.04999668111763363,2.422720339590321,0.047746478873239434,9.009942696177061,8.255791887905604,1.576739971830986,0.3466076696165192,0.33105369807497464,0.010495894104485759,0.15774773059099853,5.392144236960721,0.04303942106265473,37.6297606722689,0.4740442655935614,0.09999999999999995,41.65255194346531,0.44660500700855604,-0.09966434710326479,0.26666666666666666,0.14915254237288136,0.7341463414634146,1.3116118577849682,0.25172065898136764,0.12025818435091325,Electronics & Computer Distribution,Technology,TAIT
2021Q2,2021,Q2,2021-08-16,2021-06-30,590000.0,1925000.0,410000.0,0.1,930000.0,0.4831168831168831,14906000.0,13747000.0,11572000.0,1159000.0,1159000.0,3449000.0,2692000.0,29357228.88,22329228.88,2.3600619896110575,9.984469370146678,0.0,0.0,0.02977422423621853,2.3600619896110575,0.04291845493562232,15.250508509090908,12.439503762711864,2.1355371266458136,0.3949152542372881,0.2884894172223833,0.007936716403050367,0.12914262713001476,6.905090595340811,0.03958137662686167,156.15547276595746,0.4831168831168831,0.6666666666666669,5.749646711336857,-0.05391374240810746,-0.12868688505077439,0.08013937282229965,0.7507418397626113,0.2772585669781931,0.4080047029689901,-0.14318168676441653,0.0993072901520987,Electronics & Computer Distribution,Technology,TAIT
2021Q1,2021,Q1,2021-05-17,2021-03-31,337000.0,1964000.0,321000.0,0.06,861000.0,0.43839103869653767,14778000.0,13341000.0,11411000.0,1274000.0,1437000.0,3341000.0,2335000.0,23707127.290000003,16840127.290000003,2.2903605880120113,8.956828885400315,0.01102990932467181,0.012217974664567874,0.02370040698000505,2.2903605880120113,0.02526047522674462,12.070838742362527,17.586889681008902,1.777012764410464,0.6913946587537092,0.3301406764441784,0.009828267978224534,0.1329002571389904,6.233124018838304,0.02280416835837055,37.9921911698718,0.43839103869653767,-0.5,8.441638477051765,0.11668873409970967,-0.15762508397895536,-0.1591796875,-0.5233380480905233,-0.29605263157894735,4.283683252278319,0.13495905466924563,0.09268205965958287,Electronics & Computer Distribution,Technology,TAIT
2020Q4,2020,Q4,2021-03-31,2020-12-31,707000.0,1930000.0,456000.0,0.12,1024000.0,0.5305699481865285,14261000.0,13242000.0,10855000.0,856000.0,1019000.0,3518000.0,2231000.0,18930752.75,12441752.75,2.273364433434904,12.68107476635514,0.011429773508169132,0.012309318834012989,0.03396911094393061,2.273364433434904,0.05339072647636309,9.80868018134715,6.6940426980198025,1.4295992108442834,0.32956152758132956,0.25753268902785675,0.012308015591191955,0.13533412804151182,8.517523364485982,0.049575766075310286,32.58305120481928,0.5305699481865285,0.4999999999999999,5.416547933407204,0.5399884727090887,-0.16741949036087025,0.05894519131334023,0.5959367945823928,0.07294117647058823,15.491959732286823,0.0009977492013980988,0.07682726246981848,Electronics & Computer Distribution,Technology,TAIT
2020Q3,2020,Q3,2020-11-16,2020-09-30,443000.0,1991000.0,425000.0,0.08,967000.0,0.48568558513309895,14038000.0,12833000.0,10569000.0,942000.0,1105000.0,3384000.0,1757000.0,13926832.799999999,7712832.799999999,2.21150066510456,11.219745222929935,0.011611340646815786,0.012701628613730226,0.03262871597359132,2.21150066510456,0.03452037715265332,6.9948934203917625,7.859386455981941,1.0852359385958077,0.4582392776523702,0.30260047281323876,0.014576178440226552,0.14182932041601368,7.536093418259023,0.03155720188060977,19.895475428571427,0.48568558513309895,3.0,10.193807603330782,0.1368011480535238,-0.19743373216397142,0.5621970920840065,2.722689075630252,3.25,0.9674345985926451,0.13228460379184173,0.033447484670878436,Electronics & Computer Distribution,Technology,TAIT
2020Q2,2020,Q2,2020-08-14,2020-06-30,119000.0,1303000.0,100000.0,0.02,619000.0,0.4750575594781274,13784000.0,12587000.0,10271000.0,934000.0,1097000.0,3719000.0,1517000.0,15254912.61,9537912.61,2.170042585383254,10.99678800856531,0.011825304701102728,0.012949868912369905,0.007777777777777778,2.170042585383254,0.009454198776515453,11.707530782808902,32.04813573529412,1.2119577826328751,1.7058823529411764,0.18392040871201937,0.013307188653898162,0.09452988972721997,6.898286937901499,0.00863319791062101,42.85087811797753,0.4750575594781274,0.0,2.89422852345443,-0.18181434171643293,-0.21402377034113151,-0.07749627421758569,0.32222222222222224,0.3698630136986301,-0.47614703051386414,-0.2979664577667135,0.015615672699809718,Electronics & Computer Distribution,Technology,TAIT
2020Q1,2020,Q1,2020-05-15,2020-03-31,90000.0,1472000.0,73000.0,0.02,671000.0,0.45584239130434784,13694000.0,12664000.0,10143000.0,930000.0,930000.0,3411000.0,1601000.0,12930358.3794,7366358.3794,2.184259087899353,10.906451612903226,0.0,0.0,0.00570102670544869,2.184259087899353,0.007106759317751106,8.784210855570652,35.917662164999996,1.0210327210518002,2.2333333333333334,0.23482849604221637,0.015544812765609277,0.10749233240835403,7.079569892473118,0.006572221410836863,32.48833763668342,0.45584239130434784,1.7889546351084813,1.2613788828916104,0.08944536051133636,-0.21181198620733663,0.0014925373134328358,1.604026845637584,17.25,-0.7138154732265269,-0.3520018098591721,0.02999427261751841,Electronics & Computer Distribution,Technology,TAIT
2019Q4,2019,Q4,2020-03-30,2019-12-31,-149000.0,1969000.0,4000.0,-0.02535,670000.0,0.34027425088877605,13599000.0,12715000.0,10008000.0,784000.0,784000.0,3588000.0,1712000.0,16465885.479999999,11152885.479999999,2.1930554566203626,12.76530612244898,0.0,0.0,0.000306364517231719,2.1930554566203626,-0.011718442784113253,8.362562458100557,-27.62732463087248,1.2949968918600079,-1.348993288590604,0.3620401337792642,0.012207056841500637,0.1447900580925068,8.080357142857142,-0.010956687991764101,29.937973599999996,0.34027425088877605,-1.316875,0.7506702818013303,0.4263457309078262,-0.22519182881725808,-0.24549549549549549,-1.3117154811715481,-0.9875776397515528,0.9551047646986234,0.11012082982066246,0.04717725918003648,Electronics & Computer Distribution,Technology,TAIT
2019Q3,2019,Q3,2019-11-14,2019-09-30,478000.0,1658000.0,322000.0,0.08,888000.0,0.5355850422195416,13849000.0,13063000.0,10016000.0,686000.0,686000.0,4207000.0,2062000.0,16280557.01,11311557.01,2.2707017933902987,14.60058309037901,0.0,0.0,0.024554417211279784,2.2707017933902987,0.036591900788486564,9.819395060313632,8.514935674686193,1.2463107257138484,0.3619246861924686,0.18302828618968386,0.010626172058716313,0.11971983536717452,8.33673469387755,0.03451512744602498,19.063884086651054,0.5355850422195416,1.0,3.8949334534195685,-0.008331626526971296,-0.22465890753546183,0.06347305389221557,0.8527131782945736,0.4703196347031963,29.63694510445582,-0.01664499579548726,-0.15615775032806867,Electronics & Computer Distribution,Technology,TAIT
2019Q2,2019,Q2,2019-08-14,2019-06-30,258000.0,1772000.0,219000.0,0.04,835000.0,0.47121896162528215,13668000.0,12853000.0,9637000.0,724000.0,724000.0,4356000.0,1757000.0,17121777.53,13023777.530000001,2.2445373987989203,13.310773480662984,0.0,0.0,0.01697252469634941,2.2445373987989203,0.02007313467672917,9.662402669300226,16.590869699612405,1.3321230475375399,0.6666666666666666,0.21510560146923782,0.010045685951626774,0.12964588820602868,7.142265193370166,0.01887620719929763,-65.10181570342206,0.47121896162528215,0.3333333333333334,2.821847889602271,0.06541951780779046,-0.24070655091470985,0.2225475841874085,0.3870967741935484,0.43137254901960786,2.002310442868789,-0.11412880836950491,-0.17133749826214453,Electronics & Computer Distribution,Technology,TAIT
2019Q1,2019,Q1,2019-04-01,2019-03-31,186000.0,1384000.0,153000.0,0.03,683000.0,0.4934971098265896,14033000.0,12710000.0,9963000.0,1230000.0,1230000.0,4700000.0,1671000.0,15389586.9,10908586.9,2.229884416195733,8.1,0.0,0.0,0.011972696536032492,2.229884416195733,0.014634146341463415,11.119643713872833,20.68492862903226,1.210825090479937,0.9193548387096774,0.14914893617021277,0.011111409364730901,0.09862467041972493,4.14390243902439,0.013254471602650895,60.35132117647059,0.4934971098265896,-0.7272727272727273,1.6952916833354679,0.045978023593348814,-0.25164987133174954,-0.4003511852502195,-0.7070866141732284,-0.7424242424242424,5.197328258762197,-0.19582963319987176,-0.17986769958352686,Electronics & Computer Distribution,Technology,TAIT
2018Q4,2018,Q4,2019-04-01,2018-12-31,635000.0,2515000.0,594000.0,0.11,1139000.0,0.45288270377733597,13981000.0,12602000.0,10059000.0,1283000.0,1283000.0,4597000.0,1656000.0,9860735.31,5366735.3100000005,2.2109365391737708,7.840218238503508,0.0,0.0,0.047061029319365955,2.2109365391737708,0.05038882717029043,3.920769506958251,3.882179255905512,0.7824738382796381,0.2692913385826772,0.2993256471611921,0.017341505944955742,0.17988698948573065,4.204988308651598,0.045418782633574135,11.14207379661017,0.45288270377733597,1.2,2.953053234631239,0.7472204867265493,-0.26912227243661946,0.3463356973995272,1.2597864768683273,0.9668874172185431,5.053765142384754,1.0507818945687075,-0.1902826297921049,Electronics & Computer Distribution,Technology,TAIT
2018Q3,2018,Q3,2018-11-14,2018-09-30,281000.0,1902000.0,302000.0,0.05,846000.0,0.444794952681388,13283000.0,12144000.0,9324000.0,1044000.0,1044000.0,4738000.0,1194000.0,10781466.24,6991466.24,2.1626446237427537,8.931034482758621,0.0,0.0,0.02469124949010451,2.1626446237427537,0.023138998682476944,5.668489085173501,9.592051814946618,0.8878018972332015,0.498220640569395,0.2228788518362178,0.012985246800717155,0.14319054430475042,4.319923371647509,0.021154859594971015,17.41755450726979,0.444794952681388,-0.28571428571428575,2.566199537750065,0.19211958376489474,-0.2979887770862146,-0.13585291113381,-0.29925187032418954,-0.29603729603729606,7.026463438733946,0.12224654596049303,-0.21516386962026451,Electronics & Computer Distribution,Technology,TAIT
2018Q2,2018,Q2,2018-08-14,2018-06-30,401000.0,2150000.0,429000.0,0.07,979000.0,0.4553488372093023,13340000.0,11967000.0,9292000.0,1276000.0,1276000.0,4546000.0,1051000.0,9420364.2,6143364.199999999,2.146862856958333,7.282131661442007,0.0,0.0,0.03575896214590123,2.146862856958333,0.03350881591042032,4.381564744186046,5.873045012468827,0.7871951366257207,0.34663341645885287,0.25758908930928287,0.014755268166808245,0.16116941529235382,3.633228840125392,0.030059970014992502,31.933437966101692,0.4553488372093023,6.0,2.803274106960748,0.2848601465704341,-0.3099450888881888,0.4969418960244648,5.573770491803279,3.5638297872340425,7.642059627305422,0.40481421679594476,-0.22241932703418985,Electronics & Computer Distribution,Technology,TAIT
2018Q1,2018,Q1,2018-04-02,2018-03-31,61000.0,1655000.0,94000.0,0.01,654000.0,0.39516616314199393,12984000.0,11677000.0,8849000.0,708000.0,1208000.0,4409000.0,789000.0,8442618.6285,5348618.6285,2.096090594482311,12.498587570621469,0.038508934072704865,0.0428192172647084,0.007466373719872321,2.096090594482311,0.005223944506294425,5.101280138066465,34.600896018442626,0.723012642673632,2.278688524590164,0.2270356089816285,0.016464086098923567,0.12746457178065312,6.094632768361582,0.004698089956869994,17.229833935714286,0.39516616314199393,0.38888888888888895,1.2769842825266482,0.00843346472568119,-0.33445116940866915,-0.026785714285714284,0.4878048780487805,0.16049382716049382,1.184375555846006,0.2747973775618216,-0.2436275112475932,Electronics & Computer Distribution,Technology,TAIT
2017Q4,2017,Q4,2018-04-02,2017-12-31,41000.0,1844000.0,81000.0,0.0072,672000.0,0.3644251626898048,13567000.0,11761000.0,9298000.0,1206000.0,1706000.0,4990000.0,867000.0,9359580.0447,6609580.0447,2.111169091522348,7.7097844112769485,0.036854131348124125,0.042513391718391295,0.006291726379810549,2.111169091522348,0.003486098120908086,5.07569416740781,57.070610028658535,0.7958149855199388,3.4146341463414633,0.23486973947895792,0.014957936075270501,0.13591803641188177,3.505804311774461,0.0030220387705461784,47.75295941173469,0.3644251626898048,-0.8200000000000001,3.9122270173381435,-0.14592053938449,-0.33778598936778903,-0.125,-0.8093023255813954,-0.6538461538461539,1.0714031142604798,0.390226385095906,-0.2541223442745231,Electronics & Computer Distribution,Technology,TAIT
2017Q3,2017,Q3,2017-11-14,2017-09-30,215000.0,1679000.0,234000.0,0.04,768000.0,0.45741512805241213,14494000.0,11857000.0,10125000.0,2037000.0,2537000.0,5513000.0,965000.0,8710765.5687,6018765.568700001,2.1399255384600946,4.970544918998527,0.06899406651028012,0.08433836552247617,0.01803168183350185,2.1399255384600946,0.018132748587332378,5.188067640678976,10.128797172906978,0.7346517305136206,0.641860465116279,0.16524578269544712,0.0158424651555162,0.11584103767076032,2.0976926853215514,0.014833724299710225,79.18877789727273,0.45741512805241213,0.0,2.386823653029826,-0.13693089834938185,-0.3280049123497795,0.01453104359313078,-0.009216589861751152,0.08837209302325581,2.3519350076705856,0.04265180292574664,-0.269313033700842,Electronics & Computer Distribution,Technology,TAIT
2017Q2,2017,Q2,2017-08-14,2017-06-30,217000.0,1773000.0,215000.0,0.04,757000.0,0.4269599548787366,14372000.0,11839000.0,9939000.0,1931000.0,2431000.0,5169000.0,961000.0,9004430.4597,6297430.4597,2.136676937659531,5.147074054893837,0.06957973838018369,0.08446659346228566,0.016668325385904636,2.136676937659531,0.01832925078131599,5.078640981218274,10.373767810714286,0.760573566998902,0.6359447004608295,0.19655639388663185,0.015325788856677755,0.12336487614806568,2.3013982392542722,0.01509880322849986,20.74753562142857,0.4269599548787366,-0.20000000000000004,1.7207882804551993,0.25187210027391854,-0.3347569895205411,-0.13287514318442153,-0.27666666666666667,-0.35435435435435436,2.5836297256716416,0.10170969172645651,-0.27719413254390496,Electronics & Computer Distribution,Technology,TAIT
2017Q1,2017,Q1,2017-05-15,2017-03-31,300000.0,2167000.0,333000.0,0.05,873000.0,0.4028610982925704,14371000.0,11729000.0,9964000.0,1538000.0,2538000.0,5028000.0,883000.0,6581707.93,4108707.9299999997,2.1206516831870417,6.4785435630689205,0.06958458005705935,0.0852587603376247,0.02616073532877681,2.1206516831870417,0.025577628101287407,3.037244083987079,5.484756608333333,0.5611482590161139,0.46,0.2573587907716786,0.020967202049635772,0.15078978498364762,3.007152145643693,0.020875374017117806,-16.919557660668378,0.4028610982925704,1.0929385304559565,2.1170380491000618,0.2888898865707745,-0.35058635235790414,1.3371958285052143,1.094756790903348,1.1068334937439845,2.1557047507996794,0.6877842682621962,-0.2883084215275027,Electronics & Computer Distribution,Technology,TAIT
2016Q4,2016,Q4,2017-03-31,2016-12-31,-3166000.0,1692000.0,-3117000.0,-0.53799,-2589000.0,-1.5301418439716312,14036000.0,11583000.0,9533000.0,1349000.0,2349000.0,5055000.0,720000.0,6637016.399999999,3619016.3999999994,2.0942542796790438,7.066716085989622,0.07124536905101168,0.086333419666753,-0.2484998249570272,2.0942542796790438,-0.27333160666494,3.9225865248226945,-0.52408531269741,0.5729963221963221,-0.043588123815540114,0.8468842729970326,0.020792475365888807,0.12054716443431177,3.151223128243143,-0.22556283841550298,13.544931428571427,-1.5301418439716312,-212.71151050199995,-20.426349609645584,0.05590370502968826,-0.36779152572733576,-5.425641025641026,-212.06666666666666,-43.12162162162162,-9.035125766542869,0.21138345001619,-0.307694372157915,Electronics & Computer Distribution,Technology,TAIT
2016Q3,2016,Q3,2016-11-14,2016-09-30,15000.0,1621000.0,74000.0,0.0025411466704117524,585000.0,0.3608883405305367,17236000.0,14883000.0,12665000.0,1249000.0,2249000.0,8124000.0,4024000.0,6360474.05,3696474.05,2.690907920613244,10.140112089671737,0.058018101647714086,0.06719075455217362,0.0035628178111262133,2.690907920613244,0.0010078613182826044,3.923796452806909,106.00790083333334,0.4273650507290197,9.2,0.1275233874938454,0.02169649603397093,0.09404734277094454,3.4683746997598077,0.0008702715247157114,13.948408004385964,0.3608883405305367,-0.7458853329588248,1.095695297836916,-0.03471398281404511,-0.19413053850877163,-0.14847161572052403,-0.8192771084337349,-0.4825174825174825,1.084882269832745,0.0315191111224752,-0.12651041259435472,Electronics & Computer Distribution,Technology,TAIT
2016Q2,2016,Q2,2016-08-15,2016-06-30,83000.0,1932000.0,143000.0,0.01,687000.0,0.3555900621118012,17541000.0,14981000.0,12860000.0,1455000.0,2455000.0,7950000.0,4147000.0,5752080.88,3429080.88,2.7086267257076537,8.838487972508592,0.08551393877201983,0.10012682731459849,0.008085067653661793,2.7086267257076537,0.005540351111407783,2.977267536231884,17.32554481927711,0.3839584059809092,0.0,0.15660377358490565,0.0,0.11014195313836156,3.2192439862542956,0.004731771278718431,9.765841901528013,0.3555900621118012,2.0,28.711231691396755,-0.01219395878561356,-0.1954353267828778,0.20738137082601055,2.9302325581395348,4.107142857142857,1.3761705659465624,0.1636272006848966,-0.12938026367859995,Electronics & Computer Distribution,Technology,TAIT
2016Q1,2016,Q1,2016-05-16,2016-03-31,-43000.0,1670000.0,28000.0,-0.01,569000.0,0.3407185628742515,17447000.0,15038000.0,12669000.0,1303000.0,2303000.0,8341000.0,4202000.0,5088932.3247,3212932.3246999998,2.71893256132379,9.722947045280122,0.08597466613171319,0.09974730682271579,0.0016930705042931431,2.71893256132379,-0.002859422795584519,3.0472648650898204,-29.58681584127907,0.3384048626612582,0.0,0.13199856132358231,0.0,0.09571846162664069,3.1343054489639295,-0.002464607095775778,-17.427850427054793,0.3407185628742515,0.6360989810771471,0.8587892993011976,0.07361361317334353,-0.19241740549092104,0.32634032634032634,0.7171052631578947,1.3076923076923077,0.803336695373814,0.02493260375249339,-0.13668693929106257,Electronics & Computer Distribution,Technology,TAIT
2015Q4,2015,Q4,2016-03-30,2015-12-31,-152000.0,1190000.0,-91000.0,-0.02748,429000.0,0.36050420168067226,18049000.0,15102000.0,13158000.0,1843000.0,2843000.0,9015000.0,4245000.0,5411933.7895,3219933.7895,2.7305040258752413,7.1394465545306565,0.08310709734611336,0.09932459276916965,-0.005147043700288828,2.7305040258752413,-0.010064892067275857,4.547843520588235,-8.901206890625,0.35835874649053107,0.0,0.08441486411536328,0.0,0.06593163056124993,2.1611502984264788,-0.008421519197739487,19.3283349625,0.36050420168067226,-1.7480000000000002,-0.18941280603133662,-0.3102333142410865,-0.20143986588710155,-0.1781609195402299,-2.3043478260869565,-4.64,-9.874631369429364,-0.44484544341341287,-0.14351814391220638,Electronics & Computer Distribution,Technology,TAIT
2015Q3,2015,Q3,2015-11-16,2015-09-30,-46000.0,1672000.0,25000.0,-0.01,522000.0,0.31220095693779903,18059000.0,15265000.0,13033000.0,1689000.0,2689000.0,8746000.0,4397000.0,5484358.44,3551358.4400000004,2.7555365254354163,7.716400236826525,0.08306107757904646,0.09826400262037341,0.001626765718623756,2.7555365254354163,-0.003013429413691451,3.2801186842105268,-29.80629586956522,0.3592766747461513,0.0,0.13148868053967527,0.0,0.09258541447477713,2.4552989934872707,-0.002547206379090758,-60.26767516483517,0.31220095693779903,0.0,0.11538461538461542,-0.17837837837837836,-0.19977982805619632,0.09894736842105263,0.23333333333333334,4.125,0.703225806451613,-0.1403598971722364,-0.13468624227651496,Electronics & Computer Distribution,Technology,TAIT
2015Q2,2015,Q2,2015-08-14,2015-06-30,-60000.0,1521000.0,-8000.0,-0.01,475000.0,0.31229454306377386,17962000.0,15295000.0,12881000.0,1561000.0,2561000.0,8566000.0,4443000.0,5428960.88,3416960.88,2.7609519264025346,8.251761691223575,0.08350963144415989,0.09807126511932004,-0.0005282957590191887,2.7609519264025346,-0.003922850604772802,3.569336541748849,-22.620670333333333,0.35495004118993134,0.0,0.12211067009105767,0.0,0.08467876628437813,2.665598975016015,-0.003340385257766396,55.39756,0.31229454306377386,0.8333333333333333,-0.3636363636363634,-0.14358108108108114,-0.20026143790849674,0.41369047619047616,0.817629179331307,0.969811320754717,0.8006644518272426,0.07415254237288137,-0.14039228910245607,Electronics & Computer Distribution,Technology,TAIT
2015Q1,2015,Q1,2015-05-15,2015-03-31,-329000.0,1291000.0,-265000.0,-0.06,336000.0,0.26026336173508907,17654000.0,15352000.0,12479000.0,694000.0,2194000.0,8295000.0,4504000.0,5539756.0,3626756.0,2.77124118824006,17.981268011527376,0.08496657981194064,0.09770713913496613,-0.015772644447520013,2.77124118824006,-0.021430432516935903,4.2910580945003876,-4.20954103343465,0.36084914017717556,0.0,0.11512959614225438,0.0,0.07312790302481025,5.77521613832853,-0.018636003172085646,-110.79512,0.26026336173508907,0.41787134956825456,-2.1037735849056602,-0.21757575757575753,-0.19958289885297184,0.1506849315068493,0.4238178633975482,-0.2383177570093458,-0.22304832713754644,-0.23337292161520193,-0.1513543394140408,Electronics & Computer Distribution,Technology,TAIT
2014Q4,2014,Q4,2015-03-31,2014-12-31,-571000.0,1319000.0,-214000.0,-0.10307,292000.0,0.221379833206975,17926000.0,15680000.0,12617000.0,1136000.0,2136000.0,8486000.0,4832000.0,5500977.708,3530977.7079999996,2.830449572147221,11.106514084507042,0.08367734017628026,0.09566326530612244,-0.012478121412929328,2.830449572147221,-0.03641581632653061,4.170566874905231,-2.4084841103327497,0.3508276599489796,0.0,0.12102286118312515,0.0,0.07358027446167578,3.5246478873239435,-0.031853174160437356,13.582661007407406,0.221379833206975,-2.4356666666666666,-2.4397590361445785,-0.06387508871540092,-0.1868485194212519,-0.2980769230769231,-2.591194968553459,-0.963302752293578,-2.858108108108108,-0.17819314641744555,-0.1455506511906708,Electronics & Computer Distribution,Technology,TAIT
2014Q3,2014,Q3,2014-11-14,2014-09-30,-159000.0,1610000.0,-109000.0,-0.03,416000.0,0.25838509316770186,18465000.0,16224000.0,13004000.0,1130000.0,2130000.0,8956000.0,5403000.0,5789045.02,4002045.0199999996,2.9286488430176347,11.507964601769912,0.08123476848090982,0.09245562130177515,-0.0061878153636974065,2.9286488430176347,-0.009800295857988165,3.5956801366459623,-9.102272044025156,0.3568198360453649,0.0,0.133318445734703,0.0,0.08719198483617654,3.47787610619469,-0.008610885458976442,23.823230534979423,0.25838509316770186,0.0,0.06470588235294124,0.07047872340425536,-0.16543209876543213,-0.1440329218106996,-0.16058394160583941,-0.9818181818181818,-0.012738853503184738,-0.042806183115338826,-0.12293220888744727,Electronics & Computer Distribution,Technology,TAIT
2014Q2,2014,Q2,2014-08-14,2014-06-30,-137000.0,1609000.0,-55000.0,-0.03,486000.0,0.30205096333126163,19039000.0,16376000.0,13477000.0,1049000.0,2549000.0,9694000.0,5562000.0,5595153.56,4053153.5599999996,2.956086874584368,12.84747378455672,0.07878565050685435,0.09159745969711773,-0.0030767509509957484,2.956086874584368,-0.00836590131900342,3.4774105407085143,-10.210134233576643,0.3416679018075232,0.0,0.11584485248607386,0.0,0.08451074111035244,3.470924690181125,-0.007195756079626031,14.164945721518986,0.30205096333126163,0.4000000000000001,0.47509578544061304,0.1804842259721203,-0.16487327247692385,0.7112676056338029,0.47307692307692306,0.8035714285714286,-44.666666666666664,-0.1786625829504849,-0.1219302949061662,Electronics & Computer Distribution,Technology,TAIT
2014Q1,2014,Q1,2014-05-15,2014-03-31,-260000.0,1286000.0,-280000.0,-0.05,284000.0,0.2208398133748056,18792000.0,16507000.0,13093000.0,668000.0,2168000.0,9819000.0,5700000.0,5816743.8,4668743.8,2.9797341254741183,19.600299401197606,0.07982120051085569,0.09087053977100625,-0.015608857793640045,2.9797341254741183,-0.015750893560307747,4.523128926905132,-5.593022884615385,0.35238043254376933,0.0,0.10204705163458601,0.0,0.06843337590464027,4.667664670658683,-0.013835674755214985,-74.57363846153847,0.2208398133748056,0.12342215988779799,0.21686746987951802,0.017405063291139257,-0.18006159348301212,-0.17681159420289855,0.17721518987341772,-0.38613861386138615,0.1475409836065573,-0.17458279845956348,-0.11495362178971642,Electronics & Computer Distribution,Technology,TAIT
2013Q4,2013,Q4,2014-03-31,2013-12-31,-316000.0,1399000.0,-202000.0,-0.05704,345000.0,0.24660471765546818,19233000.0,16758000.0,13495000.0,856000.0,2356000.0,10151000.0,5959000.0,5816743.8,4592743.8,3.0250429802323424,15.76518691588785,0.07799095304944627,0.08950948800572861,-0.011063643334428743,3.0250429802323424,-0.018856665473206826,4.157786847748391,-4.601854272151899,0.3471025062656642,0.0,0.10383213476504778,0.0,0.07273956221078355,3.7792056074766354,-0.016430094109083346,-126.45095217391304,0.24660471765546818,-0.9013333333333334,0.19592875318066158,0.010108303249097533,-0.1808983821301139,-0.07008086253369272,-0.7853107344632768,0.00980392156862745,-1.46875,-0.19039351851851857,-0.11529933481152997,Electronics & Computer Distribution,Technology,TAIT
2013Q3,2013,Q3,2013-11-14,2013-09-30,-177000.0,1574000.0,-204000.0,-0.03,371000.0,0.23570520965692504,19776000.0,17066000.0,13833000.0,1088000.0,2588000.0,10250000.0,6275000.0,5650551.12,4517551.12,3.0806410968280913,12.714154411764707,0.0,0.0,-0.012021126354909257,3.0806410968280913,-0.01037149888667526,3.5899308259212197,-7.981004406779662,0.3310999132778624,0.0,0.11736585365853658,0.0,0.07959142394822007,3.219669117647059,-0.008950242718446601,-102.73729309090909,0.23570520965692504,0.25000000000000006,0.32954545454545453,-0.11473565804274466,-0.17888760585065433,0.0943952802359882,0.19909502262443438,0.23308270676691728,-2.4038461538461537,-0.2265356265356265,-0.10536800167750059,Electronics & Computer Distribution,Technology,TAIT
2013Q2,2013,Q2,2013-08-14,2013-06-30,-221000.0,1663000.0,-266000.0,-0.04,339000.0,0.20384846662657846,19829000.0,17235000.0,13689000.0,972000.0,2472000.0,10369000.0,6451000.0,5151973.08,4129973.08,3.111147855609525,14.083333333333334,0.0,0.0,-0.015433710472874963,3.111147855609525,-0.01282274441543371,3.0979994467829224,-5.8280238461538465,0.29892504090513494,0.0,0.12768830166843476,0.0,0.08386706339200162,3.22119341563786,-0.011145292248726613,-52.040132121212125,0.20384846662657846,0.0,-1.0275229357798166,-0.18038442582552988,-0.1802226027397261,-0.036931818181818184,-0.0091324200913242,-0.05555555555555555,-4.0227272727272725,-0.06362612612612618,-0.09882352941176471,Electronics & Computer Distribution,Technology,TAIT
2013Q1,2013,Q1,2013-04-01,2013-03-31,-219000.0,1632000.0,-252000.0,-0.04,352000.0,0.21568627450980393,20116000.0,17447000.0,14232000.0,1031000.0,2531000.0,10634000.0,6673000.0,5539756.0,4123756.0,3.1494166891104953,13.80407371483996,0.0,0.0,-0.014507093664119603,3.1494166891104953,-0.012552301255230125,3.394458333333333,-6.323922374429223,0.31751911503410324,0.0,0.12036862892608614,0.0,0.08112944919467091,3.2841901066925314,-0.010886856233843707,12.476927927927928,0.21568627450980393,-14.810276679841898,-7.110623544510706,-0.18608384093346614,-0.1849209846644306,-0.36804308797127466,-14.642857142857142,-2.36,-1.0660377358490567,-0.010909090909090894,-0.09035453597497393,Electronics & Computer Distribution,Technology,TAIT
2012Q4,2012,Q4,2013-04-01,2012-12-31,-14000.0,2147000.0,-75000.0,-0.00253,557000.0,0.2594317652538426,20407000.0,17661000.0,14480000.0,2596000.0,2596000.0,10986000.0,6892000.0,5650551.12,3175551.12,3.1880465493426065,5.577812018489984,0.0,0.0,-0.0044589774078478,3.1880465493426065,-0.0007927070947284979,2.631835640428505,-100.90269857142857,0.31994514013929,0.0,0.14472965592572365,0.0,0.10520899691282404,1.2819722650231125,-0.0006860391042289411,15.313146666666666,0.2594317652538426,0.9156666666666666,0.9823242948905434,-0.0028467525365666567,-0.17665446498675608,0.3044496487119438,0.9096774193548387,0.5879120879120879,0.9156626506024096,0.5237757274662883,-0.08411554218741898,Electronics & Computer Distribution,Technology,TAIT
2012Q3,2012,Q3,2012-11-14,2012-09-30,-155000.0,1945000.0,-182000.0,-0.03,427000.0,0.21953727506426735,20680000.0,17641000.0,14777000.0,2882000.0,2882000.0,11753000.0,6906000.0,5539756.0,3461756.0,3.184436282031194,5.12734212352533,0.0,0.0,-0.01038016917505685,3.184436282031194,-0.008786349980159855,2.8482035989717223,-8.935090322580646,0.31402732271413186,0.0,0.12915851272015655,0.0,0.09405222437137331,0.9944482997918113,-0.007495164410058027,18.97176712328767,0.21953727506426735,0.5,0.1801902600176025,0.019024005769355496,-0.20771717461425382,0.5698529411764706,0.4850498338870432,0.4501510574018127,0.08823529411764705,0.29321808510638286,-0.09254115226337449,Electronics & Computer Distribution,Technology,TAIT
2012Q2,2012,Q2,2012-08-14,2012-06-30,-301000.0,1416000.0,-331000.0,-0.06,272000.0,0.192090395480226,20509000.0,17793000.0,14553000.0,1050000.0,2550000.0,12149000.0,7061000.0,5373563.32,5075563.32,3.2118743135979275,13.86,0.0,0.0,-0.018602821334232564,3.2118743135979275,-0.016916765019951666,3.794889350282486,-4.463092458471761,0.3020043455291406,0.0,0.0941641287348753,0.0,0.06904285923253206,2.1352380952380954,-0.014676483495050954,413.35102461538463,0.192090395480226,-0.1999999999999999,-0.2800032140596776,-0.12811910696016715,-0.20630174276248556,-0.23163841807909605,-0.11895910780669144,-0.1696113074204947,-0.1532567049808429,0.038884812912692496,-0.09261053597837725,Electronics & Computer Distribution,Technology,TAIT
2012Q1,2012,Q1,2012-05-15,2012-03-31,-269000.0,1684000.0,-283000.0,-0.05,354000.0,0.21021377672209027,20605000.0,18090000.0,14611000.0,838000.0,2338000.0,12191000.0,7362000.0,5595153.56,5310153.56,3.2654867831723995,17.435560859188545,0.0,0.0,-0.01570109710974729,3.2654867831723995,-0.014870093974571586,3.322537743467933,-5.199956840148698,0.30929538750690994,0.0,0.10909687474366336,0.0,0.08172773598641106,2.583532219570406,-0.013055083717544285,25.9034887037037,0.21021377672209027,-0.8712574850299402,-0.41066403893677106,-0.09546976242605783,-0.20316044816253426,-0.2609603340292276,-0.8175675675675675,-0.76875,0.18975903614457829,0.3322784810126583,-0.10143055831512023,Electronics & Computer Distribution,Technology,TAIT
2011Q4,2011,Q4,2012-03-26,2011-12-31,-148000.0,1605000.0,-160000.0,-0.02672,479000.0,0.2984423676012461,21158000.0,18351000.0,15462000.0,1125000.0,2625000.0,12801000.0,7631000.0,6315321.84,5910321.84,3.3126007715863297,13.744,0.07089516967577275,0.08173941474579043,-0.008113073980099106,3.3126007715863297,-0.008064955588251321,3.9347799626168225,-10.667773378378378,0.3441404740886055,0.0,0.08796187797828295,0.0,0.07585783155307685,2.1386666666666665,-0.006994990074676246,80.96566461538461,0.2984423676012461,0.10933333333333328,0.2699791531726968,-0.04923330193350913,-0.21511994370167253,0.0063025210084033615,0.05732484076433121,0.07514450867052024,0.6234096692111959,0.15884476534296046,-0.10303533897062421,Electronics & Computer Distribution,Technology,TAIT
2011Q3,2011,Q3,2011-11-14,2011-09-30,-157000.0,1682000.0,-173000.0,-0.03,476000.0,0.28299643281807374,21660000.0,18498000.0,16013000.0,1474000.0,2974000.0,12697000.0,7779000.0,5041177.96,4588177.96,3.33913623632521,10.863636363636363,0.06925207756232687,0.0810898475510866,-0.008650865086508652,3.33913623632521,-0.008487404043680398,2.9971331510107015,-8.027353439490447,0.27252556816953183,0.0,0.09498306686618886,0.0,0.07765466297322253,2.0956580732700134,-0.007248384118190212,-32.10941375796178,0.28299643281807374,-54.39756,-1.8976307900408058,-0.4247297771343439,-0.22142383432111531,-0.332398316970547,-51.333333333333336,-20.625,0.40530303030303033,-0.05399325084364464,-0.10998845265588911,Electronics & Computer Distribution,Technology,TAIT
2011Q2,2011,Q2,2011-08-15,2011-06-30,-3000.0,1959000.0,-8000.0,-0.0005415400967118408,713000.0,0.36396120469627363,21531000.0,18650000.0,15954000.0,1188000.0,2688000.0,12325000.0,7936000.0,6869297.44,6166297.44,3.3665742678919433,13.429292929292929,0.06966699177929497,0.08042895442359249,-0.00046319272125723744,3.3665742678919433,-0.000160857908847185,3.5065326391015827,-572.4414533333334,0.36832694048257375,0.0,0.10109533468559838,0.0,0.09098509126375923,2.808080808080808,-0.00013933398355858994,-44.89736888888889,0.36396120469627363,0.9909743317214693,-1.0183168349465745,-0.35324943202325093,-0.20842411282632703,0.5235042735042735,0.9901639344262295,0.9746835443037974,0.9724770642201835,-0.03449975357318882,-0.11291856925418574,Electronics & Computer Distribution,Technology,TAIT
2011Q1,2011,Q1,2011-05-16,2011-03-31,-305000.0,1558000.0,-316000.0,-0.06,468000.0,0.30038510911424904,21414000.0,18651000.0,16041000.0,1067000.0,2567000.0,12273000.0,7939000.0,8586621.8,7508621.800000001,3.366754781257514,15.03373945641987,0.07004763239002522,0.08042464211034261,-0.015731865441557268,3.366754781257514,-0.01635301056243633,5.51131052631579,-7.038214590163935,0.4603839901345772,0.0,0.08881284119612157,0.0,0.07275614084243953,3.2014995313964385,-0.014243018585971793,-25.863318674698796,0.30038510911424904,-1.5962786672436176,-0.859757117127207,-0.226243919698607,-0.20316773146697167,-0.15827338129496402,-1.3828125,-1.1208053691275168,-10.295617265186143,-0.2229893530480026,-0.12867319796963922,Electronics & Computer Distribution,Technology,TAIT
2010Q4,2010,Q4,2011-03-31,2010-12-31,-128000.0,1728000.0,-149000.0,-0.02311,556000.0,0.32175925925925924,21867000.0,18942000.0,16627000.0,2722000.0,2722000.0,12414000.0,8244000.0,8752814.48,7157814.48,3.4192841706385626,6.108376193975018,0.06859651529702292,0.07918910357934748,-0.007396898904579171,3.4192841706385626,-0.0067574701721043184,5.0652861574074075,-17.095340781250002,0.46208502164502163,0.0,0.09440953761881746,0.0,0.0790231856221704,1.440852314474651,-0.005853569305345955,-36.318732282157676,0.32175925925925924,-1.3109999999999997,-1.8097576379416955,-0.17459972676519353,-0.1951215099646185,-0.10754414125200643,-1.4615384615384615,-1.2923076923076924,0.8383935532849672,-0.19744722328047842,-0.11693499098460637,Electronics & Computer Distribution,Technology,TAIT
2010Q3,2010,Q3,2010-11-15,2010-09-30,-52000.0,2035000.0,-65000.0,-0.01,623000.0,0.30614250614250615,22119000.0,19076000.0,16815000.0,2831000.0,2831000.0,12409000.0,8372000.0,5816743.8,4012743.8,3.443472961625025,5.939597315436242,0.06781500067815001,0.07863283707276159,-0.003285381026438569,3.443472961625025,-0.002725938351855735,2.8583507616707617,-27.965114423076923,0.3049247116795974,0.0,0.1137883794020469,0.0,0.09200235092002351,1.4645001766160368,-0.0023509200235092,-30.94012659574468,0.30614250614250615,0.0,-1.2294449509108816,-0.12293932450759973,-0.192355157553225,0.12050359712230216,-0.18181818181818182,0.3229166666666667,0.7249670549736473,0.06617678752732063,-0.14326924907553457,Electronics & Computer Distribution,Technology,TAIT
2010Q2,2010,Q2,2010-08-16,2010-06-30,-44000.0,1776000.0,-96000.0,-0.01,556000.0,0.3130630630630631,22233000.0,19125000.0,16903000.0,2896000.0,2896000.0,12080000.0,8424000.0,6592309.64,4574309.64,3.4523181165379846,5.836671270718232,0.06746727836999056,0.0784313725490196,-0.004338983050847457,3.4523181165379846,-0.002300653594771242,3.7118860585585582,-37.456304772727265,0.3446959288888889,0.0,0.10099337748344371,0.0,0.07988125759006881,1.5656077348066297,-0.001979040165519723,37.03544741573034,0.3130630630630631,0.5,-4.423277577568398,-0.2047113386374803,-0.19160600081840304,0.20346320346320346,0.5849056603773585,0.2835820895522388,0.8128898956191833,0.09354552686351926,-0.14688477661622756,Electronics & Computer Distribution,Technology,TAIT
2010Q1,2010,Q1,2010-05-17,2010-03-31,-106000.0,1650000.0,-134000.0,-0.02,462000.0,0.28,21409000.0,19180000.0,16061000.0,972000.0,1972000.0,12064000.0,8479000.0,8383866.730400001,6526866.730400001,3.4622463516443687,16.523662551440328,0.0467093278527722,0.05213764337851929,-0.007100452364364285,3.4622463516443687,-0.0055265901981230445,5.081131351757576,-19.77327059056604,0.4371150537226277,0.0,0.09847480106100796,0.0,0.07707039095707413,3.909465020576132,-0.004951188752393853,96.36628425747128,0.28,0.332665999332666,0.19003287084017928,-0.11703079383735986,-0.1898350955403702,0.15211970074812967,0.3614457831325301,0.36792452830188677,0.4441249511996367,-0.11373224940795461,-0.15514745139620814,Electronics & Computer Distribution,Technology,TAIT
2009Q4,2009,Q4,2010-03-31,2009-12-31,-166000.0,1409000.0,-212000.0,-0.02997,401000.0,0.28459900638750885,21420000.0,19283000.0,16041000.0,918000.0,1918000.0,12307000.0,8587000.0,7921851.08,6153851.08,3.4808392282981417,17.473856209150327,0.04668534080298786,0.05185915054711404,-0.010381000006372414,3.4808392282981417,-0.00860861899082093,5.6223215613910575,-11.93049861445783,0.4108204677695379,0.0,0.08190460713415129,0.0,0.0657796451914099,3.6917211328976034,-0.007749766573295985,10.822200928961749,0.28459900638750885,0.0009999999999999593,0.4738628858876297,-0.2464069279823803,-0.19013477520280486,0.0636604774535809,0.023529411764705882,0.009345794392523364,0.18119283396397076,-0.16533939091857608,-0.17525790825564552,Electronics & Computer Distribution,Technology,TAIT
2009Q3,2009,Q3,2009-11-13,2009-09-30,-170000.0,1504000.0,-214000.0,-0.03,377000.0,0.25066489361702127,21382000.0,19440000.0,15930000.0,1210000.0,1710000.0,12613000.0,8753000.0,6370719.399999999,5325719.399999999,3.509179826692728,13.165289256198347,0.04676830979328407,0.051440329218107,-0.010529493989376573,3.509179826692728,-0.00874485596707819,4.235850664893617,-9.368704999999999,0.32771190329218103,0.0,0.089352255609292,0.0,0.07033953792909924,2.2768595041322315,-0.007950612664858293,23.595257037037037,0.25066489361702127,0.5,-6.77794562892612,-0.37477143783650085,-0.1935934000194613,0.17445482866043613,0.3486590038314176,0.25951557093425603,-1.9719569064136113,-0.4856085522057391,-0.1817752913397384,Electronics & Computer Distribution,Technology,TAIT
2009Q2,2009,Q2,2009-08-14,2009-06-30,-261000.0,1363000.0,-289000.0,-0.06,321000.0,0.235509904622157,21735000.0,19609000.0,16228000.0,1386000.0,1886000.0,12929000.0,8923000.0,4708792.6,3927792.5999999996,3.5396865854741617,11.708513708513708,0.04600874166091557,0.050996991177520525,-0.014074554806152651,3.5396865854741617,-0.013310214697332857,3.4547267791636096,-4.510337739463601,0.24013425467897392,0.0,0.08059401345811741,0.0,0.06270991488382793,1.9206349206349207,-0.012008281573498964,54.124052873563215,0.235509904622157,0.0,-11.717303591530024,-0.4925442450050007,-0.1859190564958178,0.20676691729323307,0.21385542168674698,0.1994459833795014,-2.59356464035199,-0.5500147911422618,-0.16772055916415263,Electronics & Computer Distribution,Technology,TAIT
2009Q1,2009,Q1,2009-05-15,2009-03-31,-332000.0,1264000.0,-361000.0,-0.06,266000.0,0.21044303797468356,21644000.0,20132000.0,16134000.0,767000.0,1267000.0,13271000.0,9461000.0,3933226.76,2956226.76,3.6340950756675925,21.035202086049544,0.023101090371465533,0.02483608185972581,-0.017549635715591514,3.6340950756675925,-0.016491158354857937,3.1117300316455694,-2.9617671385542166,0.19537188356844823,0.0,0.07520156732725491,0.0,0.05839955645906487,2.9335071707953064,-0.015339124006653115,27.69878,0.21044303797468356,0.154214829433324,-33.840129709683964,-0.49807349889674474,-0.16021676469040982,-0.20597014925373133,0.15521628498727735,-0.128125,-1.0243913537253533,-0.3722543738761484,-0.1398945241484679,Electronics & Computer Distribution,Technology,TAIT
2008Q4,2008,Q4,2009-03-31,2008-12-31,-393000.0,1385000.0,-320000.0,-0.07094,335000.0,0.24187725631768953,22769000.0,20459000.0,17217000.0,1227000.0,2059000.0,13926000.0,9792000.0,4653395.04,3812395.04,3.6931229462091832,14.031784841075794,0.04044973428784751,0.045016862994281245,-0.015043817990856,3.6931229462091832,-0.019209150007331737,3.3598520144404334,-2.960174961832061,0.22744977955911821,0.0,0.07539853511417492,0.0,0.0608283192059379,2.221678891605542,-0.017260310070710175,-110.79512,0.24187725631768953,-0.4188,0.25671110968314187,-0.2905296018681829,-0.15639520808178617,-0.1687344913151365,-0.48863636363636365,-0.1895910780669145,-7.626833997742861,-0.33843785970474144,-0.13066154431243432,Electronics & Computer Distribution,Technology,TAIT
2008Q3,2008,Q3,2008-11-14,2008-09-30,-264000.0,1778000.0,-269000.0,-0.05,403000.0,0.2266591676040495,23183000.0,20784000.0,17064000.0,1294000.0,2148000.0,13851000.0,10185000.0,4321009.68,3519009.6799999997,3.7517897900196324,13.187017001545595,0.04067635767588319,0.045371439568899156,-0.012380908546969209,3.7517897900196324,-0.012702078521939953,2.4302641619797525,-4.091865227272727,0.20790077367205545,0.0,0.09927081077178543,0.0,0.07669412931889746,2.391035548686244,-0.011387654747012898,16.429694600760456,0.2266591676040495,-1.5,-2.2126792861186217,-0.12367283803550627,-0.13979678147033253,-0.27124773960216997,-1.4220183486238531,-0.8551724137931035,-10.31872052000909,-0.23370325256732788,-0.12004139204163503,Electronics & Computer Distribution,Technology,TAIT
2008Q2,2008,Q2,2008-08-14,2008-06-30,-109000.0,2029000.0,-145000.0,-0.02,553000.0,0.2725480532281912,23320000.0,21024000.0,17183000.0,1169000.0,2045000.0,14113000.0,10449000.0,5650551.12,5125551.12,3.79511299775658,14.698887938408896,0.041380789022298456,0.04589992389649924,-0.006659495364243778,3.79511299775658,-0.00518455098934551,2.784894588467225,-12.959979633027523,0.268766700913242,0.0,0.10458442570679516,0.0,0.08700686106346484,2.4833190761334474,-0.00467409948542024,27.42985980582524,0.2725480532281912,-3.1032762962962965,-0.21528996591813482,-0.10445551264820864,-0.11548525927710146,-0.09344262295081968,-3.037037037037037,-0.8831168831168831,-12.434937635339894,-0.09141852820689612,-0.11133723195848912,Electronics & Computer Distribution,Technology,TAIT
2008Q1,2008,Q1,2008-03-31,2008-03-31,-27000.0,2005000.0,-77000.0,-0.0048741538604291455,610000.0,0.30423940149625933,23391000.0,21404000.0,17196000.0,1337000.0,1736000.0,14762000.0,10828000.0,7866534.602299999,7248534.602299999,3.863940341800942,12.861630516080778,0.020862724979693045,0.022799476733320875,-0.003517266581399598,3.863940341800942,-0.001261446458605868,3.9234586545137153,-72.83828335462962,0.36752637835451313,0.0,0.09449939032651403,0.0,0.08571672865632081,1.6731488406881077,-0.0011542901115813775,196.6633650575,0.30423940149625933,0.9659102401704495,-5.597694290542535,-0.3507042047869145,-0.10754662644853968,5.88,0.9659090909090909,0.9098360655737705,0.7936752156652501,0.07300586810353872,-0.09583878791117932,Electronics & Computer Distribution,Technology,TAIT
2007Q4,2007,Q4,2007-12-31,2007-12-31,-792000.0,2153000.0,-854000.0,-0.14298,-125000.0,-0.0580585229911751,23802000.0,21449000.0,17557000.0,1932000.0,2353000.0,14822000.0,10855000.0,10358721.01,9757721.01,3.872063931568324,9.087474120082815,0.021426770859591632,0.02377733227656301,-0.038695229414525606,3.872063931568324,-0.03692479835889785,4.811296335346029,-3.269798298611111,0.4829465714019302,0.0,0.15369046012683849,0.0,0.09045458364843291,1.3255693581780539,-0.03327451474665995,-383.6563337037037,-0.0580585229911751,-3.766,-8.224948170852556,-0.29989137792361,-0.10720058631099139,-1.2470355731225296,-3.1904761904761907,-3.6923076923076925,-1.5103954466967648,0.15158510935834174,-0.09911095552037967,Electronics & Computer Distribution,Technology,TAIT
2007Q3,2007,Q3,2007-09-30,2007-09-30,-189000.0,1908000.0,-182000.0,-0.03,506000.0,0.26519916142557654,24197000.0,22258000.0,18092000.0,1496000.0,1939000.0,15319000.0,11647000.0,10244848.6,9421848.6,4.019317571955138,12.093582887700535,0.021986196635946604,0.023901518555126247,-0.008071370077409878,4.019317571955138,-0.008491328960373799,5.36941750524109,-13.551387037037038,0.46027714080330673,0.0,0.09152033422547164,0.0,0.07885275034095136,1.6911764705882353,-0.00781088564698103,27.688779999999998,0.26519916142557654,0.25000000000000006,-2.353766410528019,-0.41930080539842685,-0.0592215940496733,0.11946902654867257,0.19574468085106383,0.2749003984063745,-7.426035993516208,-0.20653794283831123,-0.07636417125505585,Electronics & Computer Distribution,Technology,TAIT
2007Q2,2007,Q2,2007-06-30,2007-06-30,-235000.0,1623000.0,-251000.0,-0.04,452000.0,0.2784966112138016,24155000.0,22403000.0,18084000.0,1287000.0,1752000.0,15311000.0,11836000.0,14061666.06,13419666.06,4.046719624630312,14.051282051282051,0.022935210101428277,0.024728830960139267,-0.010886760048235852,4.046719624630312,-0.010489666562513949,8.663996340110906,-14.959219212765959,0.6276688863098692,0.0,0.07648096140030043,0.0,0.06719105775201821,1.9735819735819735,-0.009728834609811634,-157.99624786516856,0.2784966112138016,-0.3333333333333334,0.6734178515124138,-0.5317581632126567,-0.04703220408885553,-0.096,-0.23684210526315788,-0.31413612565445026,-10.656071243014097,-0.39534392679326236,-0.06930818574870061,Electronics & Computer Distribution,Technology,TAIT
2007Q1,2007,Q1,2007-05-15,2007-03-31,-190000.0,1855000.0,-191000.0,-0.03,500000.0,0.2695417789757412,24711000.0,22620000.0,18596000.0,1604000.0,2091000.0,15507000.0,12071000.0,14020040.540000001,13288040.540000001,4.098048064560019,11.59351620947631,0.023309457326696613,0.02546419098143236,-0.00832177594816421,4.098048064560019,-0.008399646330680813,7.557973336927224,-18.447421763157895,0.6198072740937224,-2.905263157894737,0.08737989295157025,0.039372211401608403,0.07506778357816357,1.7892768079800498,-0.007688883493181174,-22.983673016393443,0.2695417789757412,0.18032786885245905,-0.008313721896776222,-0.48733002365314526,-0.0737913330354201,-0.1452991452991453,0.0594059405940594,0.200836820083682,-19.86233547795433,-0.2607147349066052,-0.053004395742670574,Electronics & Computer Distribution,Technology,TAIT
