Quarters,Year,Quarter,FillingDate,Date,NetIncome,Revenue,OperatingIncome,EPSDiluted,GrossProfit,GrossProfitRatio,TotalAssets,CommonStockEquity,CurrentAssets,CurrentLiability,TotalLiability,Inventory,RetainedEarnings,MarketCap,EnterpriseValue,bookValuePerShare,currentRatio,debtToAssets,debtToEquity,roic,shareholdersEquityPerShare,roe,priceToSalesRatio,peRatio,pbRatio,payoutRatio,inventoryTurnover,dividendYield,assetTurnover,quickRatio,returnOnAssets,priceToFreeCashFlowsRatio,grossProfitMargin,epsdilutedGrowth,fiveYNetIncomeGrowthPerShare,fiveYRevenueGrowthPerShare,fiveYShareholdersEquityGrowthPerShare,grossProfitGrowth,netIncomeGrowth,operatingIncomeGrowth,threeYNetIncomeGrowthPerShare,threeYRevenueGrowthPerShare,threeYShareholdersEquityGrowthPerShare,Industry,Sector,Symbol
2023Q1,2023,Q1,2023-05-09,2023-03-31,7200000.0,66900000.0,8300000.0,0.47,23000000.0,0.3437967115,689000000.0,-44500000.0,577000000.0,384600000.0,733500000.0,209400000.0,-226700000.0,477880200.00000006,461080200.00000006,-2.99845023920221,1.500260010400416,0.24963715529753266,-3.865168539325843,0.0488235294117647,-2.99845023920221,-0.16179775280898875,7.143201793721974,16.593062500000002,-10.738880898876406,0.0,0.2096466093600764,0.0,0.09709724238026125,0.5795631825273011,0.010449927431059507,-47.78802,0.34379671150971597,-0.6439393939393939,1.1766500909642208,0.14942140187386865,0.8879979789599601,-0.5247933884297521,-0.6619718309859155,-0.7348242811501597,-0.5870278044618085,-0.03643644857713984,0.9113641891490901,Uranium,Energy,LEU
2022Q4,2022,Q4,2023-02-22,2022-12-31,21300000.0,126200000.0,31300000.0,1.32,48400000.0,0.383518225,705500000.0,-74100000.0,587100000.0,449200000.0,779600000.0,209200000.0,-233900000.0,475767039.99999994,446367039.99999994,-5.058711086837794,1.3069902048085484,0.21332388377037562,-2.031039136302294,0.30307948284327096,-5.058711086837794,-0.2874493927125506,3.7699448494453245,5.584120187793427,-6.420607827260458,0.0,0.37189292543021035,0.0,0.178880226789511,0.4853072128227961,0.03019135364989369,8.556961151079136,0.38351822503961963,4.142857142857143,-0.6272528672856363,-0.3293315062938024,0.7897018232516039,20.043478260869566,4.491803278688525,3.4453125,5.976737438558166,0.48226999206759297,0.8561067724987635,Uranium,Energy,LEU
2022Q3,2022,Q3,2022-11-09,2022-09-30,-6100000.0,33200000.0,-12800000.0,-0.42,2300000.0,0.0692771084,618200000.0,-100300000.0,508900000.0,397900000.0,718500000.0,209300000.0,-253700000.0,599250540.0,615150540.0,-6.8590576489092525,1.2789645639607943,0.23875768359754124,-1.4715852442671984,-0.2089544250274306,-6.8590576489092525,0.06081754735792622,18.049715060240963,-24.559448360655736,-5.9745816550348945,0.0,0.14763497372193024,0.0,0.0537043028146231,0.3495853229454637,-0.00986735684244581,28.53574,0.06927710843373494,-1.1673306772908367,0.553255749403639,-0.5891170109888436,0.7547604015003105,-0.9622331691297209,-1.1631016042780749,-1.2869955156950672,-1.1753132232208092,-0.7922164851187251,0.8040444532145246,Uranium,Energy,LEU
2022Q2,2022,Q2,2022-08-05,2022-06-30,37400000.0,99100000.0,44600000.0,2.51,60900000.0,0.614530777,528700000.0,-94900000.0,419700000.0,296800000.0,623600000.0,121100000.0,-247600000.0,361028250.0,396128250.0,-6.505792829231508,1.4140835579514826,0.2850387743521846,-1.5879873551106427,0.6201906631567988,-6.505792829231508,-0.3940990516332982,3.6430701311806257,2.4132904411764704,-3.8043018967334032,0.0,0.31544178364987613,0.0,0.18744089275581616,0.47035040431266845,0.0707395498392283,-8.2051875,0.6145307769929365,92.27272727272727,2.0389626526554956,0.4015136454003252,0.7601418297687474,8.666666666666666,94.5,14.117647058823529,2.5720486980855806,5.13037131796081,0.8263245648573838,Uranium,Energy,LEU
2022Q1,2022,Q1,2022-05-06,2022-03-31,-400000.0,35300000.0,-3400000.0,-0.0275,6300000.0,0.178470255,537600000.0,-133000000.0,423100000.0,352500000.0,670600000.0,89400000.0,-285000000.0,490233900.00000006,458433900.00000006,-9.142778579775898,1.2002836879432623,0.25427827380952384,-1.0278195488721804,-3.675675675675676,-9.142778579775898,0.0030075187969924814,13.887645892351276,-306.39618750000005,-3.685969172932331,0.0,0.3243847874720358,0.0,0.06566220238095238,0.5134751773049645,-0.000744047619047619,-38.601094488188984,0.17847025495750707,-1.0033783783783783,-1.0327902660342339,2.054504365161202,0.6299195968356008,-0.8259668508287292,-1.0034423407917383,-1.0444444444444445,0.9874592271939527,-0.4023122769303953,0.7456989628759152,Uranium,Energy,LEU
2021Q4,2021,Q4,2022-03-11,2021-12-31,116200000.0,89000000.0,76500000.0,8.14,36200000.0,0.406741573,572400000.0,-141900000.0,465900000.0,393300000.0,714300000.0,91100000.0,-284600000.0,692401430.0,607401430.0,-10.228501405608016,1.1845919145690313,0.19007686932215234,-0.766737138830162,-3.6134190758024127,-10.228501405608016,-0.8188865398167724,7.779791348314607,1.4896760542168674,-4.879502677942212,0.0,0.579582875960483,0.0,0.1554856743535989,0.566742944317315,0.20300489168413696,14.217688501026695,0.4067415730337079,1.759322033898305,7.838876214930421,-0.5740496798667346,0.6073659117364445,-0.2686868686868687,1.7600950118764846,1.0026178010471205,2.713370148547283,-0.292169143648305,0.706204647417671,Uranium,Energy,LEU
2021Q3,2021,Q3,2021-11-12,2021-09-30,42100000.0,91300000.0,38200000.0,2.95,49500000.0,0.5421686747,487200000.0,-229100000.0,414200000.0,335200000.0,716300000.0,80000000.0,-356500000.0,531227059.99999994,468127059.99999994,-16.672731242267666,1.2356801909307875,0.2214696223316913,-0.47097337407245743,-0.3122151038633275,-16.672731242267666,-0.18376254910519424,5.818478203723986,3.154554988123515,-2.3187562636403314,0.0,0.5225,0.0,0.18739737274220034,0.5605608591885441,0.08641215106732349,-252.96526666666665,0.5421686746987951,2.7341772151898733,1.670211411105451,1.8254007550906728,0.32357621799092395,1.894736842105263,2.6293103448275863,2.23728813559322,4.587423189817485,0.7795554157442643,0.4512718759076375,Uranium,Energy,LEU
2021Q2,2021,Q2,2021-08-13,2021-06-30,11600000.0,62400000.0,11800000.0,0.79,17100000.0,0.2740384615,500600000.0,-271400000.0,425900000.0,350100000.0,772000000.0,86500000.0,-398600000.0,341183340.0,276183340.0,-20.188945919809566,1.2165095686946588,0.2217339192968438,-0.4089904200442152,-0.07231920199501247,-20.188945919809566,-0.04274134119380987,5.467681730769231,7.35308922413793,-1.2571235814296242,0.0,0.5236994219653179,0.0,0.12465041949660408,0.5569837189374465,0.02317219336795845,30.73723783783784,0.27403846153846156,5.647058823529412,3.7077289295544147,-0.3337449321601124,-0.003931190547907388,0.46153846153846156,1.2745098039215685,1.2692307692307692,1.303781704361932,0.07421634719407495,0.3177064162460207,Uranium,Energy,LEU
2021Q1,2021,Q1,2021-05-12,2021-03-31,5100000.0,55600000.0,5200000.0,-0.17,11700000.0,0.2104316547,483700000.0,-284800000.0,406100000.0,338900000.0,768500000.0,83500000.0,-410200000.0,304042960.0,251742960.0,-22.21875487595569,1.198288580702272,0.22948108331610503,-0.38974719101123595,-0.029344073647871116,-22.21875487595569,-0.017907303370786515,5.468398561151079,14.904066666666667,-1.0675665730337078,0.0,0.525748502994012,0.0,0.1149472813727517,0.5275892593685453,0.01054372544965888,-34.16213033707865,0.210431654676259,0.9333333333333333,1.2479924421350967,-0.5614153707459996,-0.12203479118311189,-0.6657142857142857,-0.6890243902439024,-0.6666666666666666,1.1448753315649867,0.10604004435289481,0.17005611146563548,Uranium,Energy,LEU
2020Q4,2020,Q4,2021-03-22,2020-12-31,16400000.0,92900000.0,15600000.0,-2.55,35000000.0,0.3767491927,486300000.0,-320600000.0,406100000.0,366100000.0,806900000.0,64800000.0,-407700000.0,238747860.0,203247860.0,-31.059872117806627,1.109259765091505,0.23956405511001438,-0.36338116032439177,-0.0813088745661874,-31.059872117806627,-0.051154086088583905,2.5699446716899894,3.6394490853658534,-0.7446907673112912,0.0,0.8935185185185185,0.0,0.19103434094180546,0.49603933351543295,0.03372403865926383,3.888401628664495,0.3767491926803014,-2.923076923076923,1.060596975218582,-0.48130612270942774,-0.7057624397829833,44.75,3.342857142857143,2.642105263157895,-0.5927200482491929,-0.2993861144210321,-0.2912052821929662,Uranium,Energy,LEU
2020Q3,2020,Q3,2020-11-13,2020-09-30,-7000000.0,33600000.0,-9500000.0,-0.65,-800000.0,-0.0238095238,468200000.0,-275600000.0,386300000.0,315800000.0,743800000.0,66600000.0,-367000000.0,89751509.99999999,51051509.999999985,-25.701762566445957,1.2232425585813806,0.24369927381460915,-0.41400580551523947,0.05718954248366012,-25.701762566445957,0.02539912917271408,2.6711758928571423,-3.2054110714285713,-0.32565859941944847,0.0,0.5165165165165165,0.0,0.07176420333190944,0.5284990500316656,-0.0149508756941478,7.011836718749999,-0.023809523809523808,-1.2037617554858935,0.8921869015378683,-0.02347916844984349,-2.6601884093060755,-1.0182648401826484,-1.2077151335311573,-1.3064516129032258,0.3008870432440439,-0.43292626966912506,0.08105599119262545,Uranium,Energy,LEU
2020Q2,2020,Q2,2020-08-06,2020-06-30,33700000.0,75700000.0,31000000.0,3.19,43800000.0,0.5785997358,468900000.0,-291700000.0,386100000.0,314600000.0,760600000.0,83000000.0,-360000000.0,97136999.99999999,94936999.99999999,-30.149870801033593,1.2272727272727273,0.24973341863936874,-0.40143983544737744,-0.180222608647649,-30.149870801033593,-0.1155296537538567,1.2831836195508584,0.7206008902077151,-0.3330030853616729,0.0,0.38433734939759034,0.0,0.16144167199829387,0.47838525111252383,0.07187033482618896,9.617524752475246,0.5785997357992074,2.3578947368421055,3.0760819343908823,0.11245820933906464,-29.835095137420723,1.2346938775510203,1.9823008849557522,2.4831460674157304,2.411475175341454,0.6141153394409208,-0.1115774868439559,Uranium,Energy,LEU
2020Q1,2020,Q1,2020-05-12,2020-03-31,11300000.0,45000000.0,8900000.0,0.95,19600000.0,0.4355555556,430800000.0,-325400000.0,346500000.0,313300000.0,756200000.0,67900000.0,-393700000.0,48768330.0,56668330.0,-33.82888034099179,1.105968720076604,0.27181987000928504,-0.35986478180700676,-0.04235203948421221,-33.82888034099179,-0.03472649047326368,1.0837406666666667,1.0789453539823008,-0.1498719422249539,0.0,0.374079528718704,0.0,0.10445682451253482,0.4044047239067986,0.026230269266480966,-2.636125945945946,0.43555555555555553,4.275862068965518,1.6865470531132243,-0.7490812346095413,-50.1064392046655,1.8823529411764706,5.035714285714286,2.328358208955224,0.40089926187753416,4.888735835325917,-0.3693217620831111,Uranium,Energy,LEU
2019Q4,2019,Q4,2020-03-27,2019-12-31,-2800000.0,55700000.0,-6700000.0,-0.29,6800000.0,0.1220825853,455900000.0,-336900000.0,369600000.0,336800000.0,792800000.0,64500000.0,-405000000.0,65931040.0,57931040.0,-35.1560054262757,1.0973871733966747,0.2691379688528186,-0.36420302760463047,0.03692331916233664,-35.1560054262757,0.008311071534579995,1.1836811490125674,-5.8867,-0.19569913921044818,0.0,0.7581395348837209,0.0,0.12217591577100241,0.4507125890736342,-0.0061416977407326165,1.7442074074074074,0.12208258527827648,-1.1336405529953917,0.9378331753259874,-0.5767687318461393,-15.64833559428154,-0.8084507042253521,-1.1228070175438596,-1.29004329004329,0.7614356504057015,-0.6140837770181399,-0.3495081625511929,Uranium,Energy,LEU
2019Q3,2019,Q3,2019-11-08,2019-09-30,22800000.0,104700000.0,23100000.0,2.17,35500000.0,0.3390639924,451200000.0,-335400000.0,363100000.0,331100000.0,786600000.0,105200000.0,-402200000.0,34974300.0,77974300.0,-35.003130870381966,1.0966475385080037,0.26640070921985815,-0.35837805605247464,-0.11063759538250832,-35.003130870381966,-0.06797853309481217,0.3340429799426934,0.3834901315789474,-0.10427638640429338,0.0,0.6577946768060836,0.0,0.23204787234042554,0.2908486861975234,0.05053191489361702,1.8803387096774193,0.3390639923591213,2.4,-0.9721667192589112,-0.5564124738856357,-3.89233290497254,9.255813953488373,2.4615384615384617,2.5098039215686274,1.5205072010018785,3.646416470133837,-0.4201002716026566,Uranium,Energy,LEU
2019Q2,2019,Q2,2019-08-12,2019-06-30,-15600000.0,10600000.0,-15300000.0,-1.55,-4300000.0,-0.4056603774,515300000.0,-358300000.0,424300000.0,412600000.0,873600000.0,141700000.0,-425000000.0,32329700.0,94729700.0,-37.4594877156299,1.0283567619970917,0.2924509994178149,-0.4205972648618476,0.06991996442863495,-37.4594877156299,0.043538933854312026,3.0499716981132075,-0.5181041666666667,-0.09023081216857383,0.0,0.10515172900494002,0.0,0.020570541432175432,0.2872031022782356,-0.03027362701339026,-2.449219696969697,-0.4056603773584906,0.2922374429223744,0.9738273915316258,-0.9958914962588784,0.968609340516106,0.21818181818181817,0.2535885167464115,0.2644230769230769,-4.11779656434198,-0.8409355876528022,-0.8627395530723064,Uranium,Energy,LEU
2019Q1,2019,Q1,2019-05-09,2019-03-31,-20900000.0,38700000.0,-20800000.0,-2.19,-5500000.0,-0.142118863,464700000.0,-342700000.0,374500000.0,357200000.0,807400000.0,75100000.0,-409400000.0,28786640.0,91586640.0,-35.95258078052875,1.0484322508398656,0.324295244243598,-0.4397432156405019,0.10781746031746031,-35.95258078052875,0.06098628538079953,0.743840826873385,-0.3443377990430622,-0.08399953311934635,0.0,0.5885486018641811,0.0,0.08327953518398967,0.35666293393057114,-0.04497525285130192,-0.9024025078369906,-0.1421188630490956,0.5521472392638037,0.9806061534127894,-0.9877235291310308,0.9682309279801082,0.4329896907216495,0.5376106194690266,0.2972972972972973,-0.36662949315643334,-0.5894880402853546,-0.8155853779290322,Uranium,Energy,LEU
2018Q4,2018,Q4,2019-04-01,2018-12-31,-45200000.0,83800000.0,-29600000.0,-4.89,-9700000.0,-0.11575179,571700000.0,-321900000.0,484500000.0,438700000.0,893600000.0,129700000.0,-388500000.0,15625740.0,47125740.0,-34.81505515898767,1.104399361750627,0.2704215497638622,-0.48027337682510096,0.1790321782078851,-34.81505515898767,0.14041627834731282,0.18646467780429593,-0.08642555309734512,-0.048542218080149115,0.0,0.7208943716268311,0.0,0.14658037432219695,0.4178253932072031,-0.07906244533846422,4.735072727272727,-0.11575178997613365,-4.09375,0.9705944464280077,-0.9897805571455364,0.9658589071702577,-2.2435897435897436,-4.794871794871795,-3.3529411764705883,0.8135529575418219,-0.47766468206918156,-0.9119915627446458,Uranium,Energy,LEU
2018Q3,2018,Q3,2018-11-08,2018-09-30,-7800000.0,34100000.0,-6800000.0,-0.96,7800000.0,0.2287390029,506000000.0,-277500000.0,416600000.0,346400000.0,783500000.0,129400000.0,-343300000.0,25389740.0,59789740.0,-30.384320595642176,1.2026558891454966,0.3148221343873518,-0.5740540540540541,0.06490520196103952,-30.384320595642176,0.02810810810810811,0.7445671554252199,-0.8137737179487179,-0.09149455855855855,0.0,0.20324574961360123,0.0,0.06739130434782609,0.36778290993071594,-0.01541501976284585,-2.1158116666666666,0.2287390029325513,0.6619718309859155,0.9913375082397843,-0.9944777181648966,0.9704553413260335,1.7289719626168225,0.6988416988416989,0.7518248175182481,0.8589506989173702,0.16358861212313006,-3.3270315715233774,Uranium,Energy,LEU
2018Q2,2018,Q2,2018-08-09,2018-06-30,-25900000.0,39400000.0,-27400000.0,-2.84,-10700000.0,-0.2715736041,525800000.0,-269800000.0,420900000.0,306600000.0,795600000.0,100000000.0,-335500000.0,31365920.0,46565920.0,-29.589822329458215,1.3727984344422701,0.29535945226321797,-0.5756115641215716,0.23746758352992356,-29.589822329458215,0.09599703484062268,0.7960893401015229,-0.30275984555984553,-0.11625618977020015,0.0,0.501,0.0,0.07493343476607076,0.547945205479452,-0.049258273107645495,-2.3407402985074626,-0.2715736040609137,-0.032727272727272674,0.9687936996649739,-0.9931825483794249,0.968283409190612,-0.9107142857142857,-0.036,-0.04182509505703422,-0.6930342281986435,-0.38562231469651714,-29.262318291491358,Uranium,Energy,LEU
2018Q1,2018,Q1,2018-05-10,2018-03-31,-25000000.0,35700000.0,-26300000.0,-2.75,-5600000.0,-0.1568627451,580900000.0,-243700000.0,474300000.0,344700000.0,824600000.0,164000000.0,-309400000.0,32315650.0,34315650.0,-26.771394045918928,1.3759791122715406,0.26734377689791705,-0.6372589249076733,0.29632600818445676,-26.771394045918928,0.10258514567090685,0.9052002801120448,-0.32315649999999996,-0.13260422650800163,0.0,0.25182926829268293,0.0,0.061456360819418146,0.48825065274151436,-0.04303666724048889,-0.6167108778625954,-0.1568627450980392,-1.7452574525745257,0.9476768682462451,-0.9944731487458758,0.9742587573391104,-1.1076923076923078,-1.704225352112676,-1.7245179063360883,-0.6050081962418556,-0.7896540152253047,-39.86170103439844,Uranium,Energy,LEU
2017Q4,2017,Q4,2018-03-15,2017-12-31,35500000.0,116900000.0,36300000.0,3.69,52000000.0,0.4448246364,675300000.0,-218900000.0,566900000.0,403400000.0,894200000.0,153100000.0,-284500000.0,36491000.0,-14809000.0,-24.054945054945055,1.4053049082796232,0.23322967569968903,-0.719506624029237,-0.5895445229294002,-24.054945054945055,-0.16217450890817725,0.3121556886227545,0.25697887323943663,-0.16670169026952947,0.0,0.4239059438275637,0.0,0.1731082481859914,0.6668319286068418,0.052569228491041016,0.5190753911806544,0.4448246364414029,4.385321100917431,1.001624516450072,-0.9862320820171996,0.977032080057815,3.4827586206896552,5.176470588235294,6.671875,1.830021042787,-0.06460044809559363,-11.022893772893772,Uranium,Energy,LEU
2017Q3,2017,Q3,2017-11-14,2017-09-30,-8500000.0,50300000.0,-6400000.0,-1.09,11600000.0,0.2306163022,521900000.0,-254600000.0,384300000.0,238400000.0,776500000.0,124100000.0,-320000000.0,33954190.0,55554190.0,-27.96880149401296,1.611996644295302,0.3017819505652424,-0.6186174391201885,0.07676743199854608,-27.96880149401296,0.03338570306362922,0.6750335984095427,-0.9986526470588235,-0.13336288295365278,0.0,0.31184528605962936,0.0,0.09637861659321709,0.6296140939597316,-0.016286644951140065,-3.8584306818181817,0.23061630218687873,0.582375478927203,-1.0933127296251541,-0.9956444117439494,-1.019284664453621,3.697674418604651,0.6205357142857143,0.7090909090909091,-1.0109224509392483,-0.7756778017134477,-3.3110814050702113,Uranium,Energy,LEU
2017Q2,2017,Q2,2017-08-03,2017-06-30,-22400000.0,44000000.0,-22000000.0,-2.61,-4300000.0,-0.0977272727,586000000.0,-246200000.0,445500000.0,288700000.0,832200000.0,104000000.0,-311500000.0,38395710.00000001,50495710.0,-27.1234989533987,1.5431243505368895,0.2726962457337884,-0.6490658001624695,0.26940724206349204,-27.1234989533987,0.09098294069861901,0.8726297727272729,-0.42852354910714285,-0.15595333062550773,0.0,0.46442307692307694,0.0,0.07508532423208192,0.7215102182196051,-0.03822525597269624,-7.6791420000000015,-0.09772727272727273,-4.625,0.9880260572589106,-0.9940683593485753,-1.018841883466079,-0.72,-3.9473684210526314,0.06779661016949153,0.9603983695053432,-0.9820289630593555,0.9772707911511924,Uranium,Energy,LEU
2017Q1,2017,Q1,2017-05-10,2017-03-31,7600000.0,7200000.0,-23600000.0,0.72,-2500000.0,-0.3472222222,547600000.0,-223900000.0,404800000.0,227900000.0,771500000.0,143600000.0,-289100000.0,54831150.0,62931150.0,-24.704843870682996,1.7762176393154891,0.2918188458728999,-0.713711478338544,0.3781253952860817,-24.704843870682996,-0.03394372487717731,7.6154375,1.80365625,-0.24489124609200535,0.0,0.06754874651810584,0.0,0.013148283418553688,0.6910925844668714,0.013878743608473338,-0.6686725609756098,-0.3472222222222222,1.5901639344262295,1.0130618448637316,-0.999365303428096,-1.015204409577463,-1.0965250965250966,1.6846846846846846,-58.0,1.0074172568051636,-0.9975978112833317,0.9781698574308477,Uranium,Energy,LEU
2016Q4,2016,Q4,2017-03-31,2016-12-31,-11100000.0,136500000.0,-400000.0,-1.22,25900000.0,0.1897435897,713500000.0,-236100000.0,560600000.0,325700000.0,949600000.0,177400000.0,-296700000.0,57821940.0,31221940.0,-26.050976497848396,1.7212158428001227,0.3281009110021023,-0.9915290131300296,0.27073170731707313,-26.050976497848396,0.04701397712833545,0.42360395604395606,-1.3022959459459458,-0.24490444726810673,0.0,0.6234498308906427,0.0,0.1913104414856342,0.8615290144304575,-0.015557112824106517,0.6453341517857143,0.18974358974358974,0.7330415754923414,0.9988922934618957,-0.9853883842514166,-1.0155321157004635,13.333333333333334,0.7331730769230769,0.989100817438692,0.9926329127610519,-0.9830176510142097,0.9744533276521645,Uranium,Energy,LEU
2016Q3,2016,Q3,2016-11-10,2016-09-30,-41600000.0,21400000.0,-36700000.0,-4.57,-2100000.0,-0.0981308411,613800000.0,-224300000.0,457000000.0,201600000.0,838100000.0,185800000.0,-288500000.0,36218000.0,99518000.0,-24.64835164835165,2.2668650793650795,0.3813945910720104,-1.0436914846188141,-3.7721006077975985,-24.64835164835165,0.1854658938921088,1.692429906542056,-0.21765625000000002,-0.1614712438698172,0.0,0.1264800861141012,0.0,0.03486477680026067,0.8864087301587301,-0.06777451938742261,-17.246666666666666,-0.09813084112149532,-4.087837837837839,0.7052236853002071,-0.9972061036106751,-1.008294941231524,-1.3818181818181818,-13.344827586206897,-1.5486111111111112,0.9536325056433409,-0.9965218362282878,0.9760327984285786,Uranium,Energy,LEU
2016Q2,2016,Q2,2016-08-12,2016-06-30,-2900000.0,63400000.0,-14400000.0,1.48,5500000.0,0.0867507886,675000000.0,-183000000.0,516400000.0,239600000.0,858000000.0,201200000.0,-247200000.0,29848000.0,83148000.0,-20.10989010989011,2.1552587646076793,0.3374814814814815,-1.2448087431693988,1.4963054187192117,-20.10989010989011,0.015846994535519125,0.47078864353312305,-2.573103448275862,-0.163103825136612,0.0,0.28777335984095426,0.0,0.09392592592592593,0.9424040066777963,-0.004296296296296296,5.9696,0.08675078864353312,1.925,0.9933228146381919,-0.9931894492919052,-1.0067411459719815,-0.6518987341772152,0.8013698630136986,-0.37142857142857144,0.9964989467744969,-0.9890080866464995,0.9784447115384616,Uranium,Energy,LEU
2016Q1,2016,Q1,2016-05-10,2016-03-31,-14600000.0,90000000.0,-10500000.0,-1.6,15800000.0,0.1755555556,694900000.0,-180200000.0,534700000.0,235200000.0,875100000.0,211300000.0,-244300000.0,41041000.0,115241000.0,-19.802197802197803,2.2733843537414966,0.3653763131385811,-1.4089900110987792,-0.13684567592658717,-19.802197802197803,0.08102108768035517,0.4560111111111111,-0.7027568493150684,-0.2277524972253052,0.0,0.351159488878372,0.0,0.12951503813498344,1.001700680272109,-0.021010217297452873,-0.7475591985428051,0.17555555555555555,0.938977879481312,0.9576002700913544,-0.9885973401106121,-1.0064741882234625,-0.807551766138855,0.9388097233864208,-1.2625,0.9694332174154958,-0.9860621681689097,0.9809597819982402,Uranium,Energy,LEU
2015Q4,2015,Q4,2016-03-23,2015-12-31,-238600000.0,157900000.0,40000000.0,-26.22,82100000.0,0.519949335,820700000.0,-165700000.0,658000000.0,350300000.0,986400000.0,319200000.0,-229700000.0,12012000.0,25612000.0,-18.208791208791208,1.8783899514701685,0.3016936761301328,-1.4942667471333735,1.1447186299838559,-18.208791208791208,1.43995171997586,0.0760734642178594,-0.012585917854149205,-0.07249245624622813,0.0,0.237468671679198,0.0,0.19239673449494335,0.743648301455895,-0.29072742780553185,0.2245233644859813,0.5199493350221659,-2.692957746478873,-2.2780453137973136,-0.9885773869767687,-1.0060801119142693,4.364754098360656,-3.3303085299455537,1.7936507936507937,0.9890814190144449,-0.981403299833326,0.9826140505508448,Uranium,Energy,LEU
2015Q3,2015,Q3,2015-11-12,2015-09-30,-55100000.0,29200000.0,-50400000.0,-7.1,-24400000.0,-0.8356164384,860500000.0,-63900000.0,537200000.0,214600000.0,924400000.0,257800000.0,-127900000.0,27755000.0,95055000.0,-7.021978021978022,2.5032618825722275,0.28773968622893664,-3.8748043818466353,-0.32166388226681436,-7.021978021978022,0.8622848200312989,0.950513698630137,-0.12593012704174228,-0.43435054773082943,0.0,0.20791311093871218,0.0,0.033933759442184776,0.934762348555452,-0.06403253922138291,-0.706234096692112,-0.8356164383561644,-2.6979166666666665,-3.514116120879121,-0.9976401972027265,-1.0022679252087365,-6.674418604651163,-2.6490066225165565,-5.3,-1.6050854603174605,-0.9974706738449982,-1.0048416979892232,Uranium,Energy,LEU
2015Q2,2015,Q2,2015-08-07,2015-06-30,-15100000.0,63300000.0,-8000000.0,-1.92,4300000.0,0.0679304897,1030100000.0,-8800000.0,704400000.0,355600000.0,1038900000.0,384800000.0,-72800000.0,37170000.0,62670000.0,-0.9777777777777777,1.9808773903262091,0.23687020677604115,-27.727272727272727,-0.03896923007613642,-0.9777777777777777,1.7159090909090908,0.5872037914691943,-0.6153973509933774,-4.223863636363636,0.0,0.15332640332640332,0.0,0.06145034462673527,0.6906636670416197,-0.014658770993107466,-4.588888888888889,0.0679304897314376,-0.12280701754385963,-1.096499486111111,-0.9936640789645421,-1.0003161664714608,-0.37681159420289856,0.01948051948051948,0.2727272727272727,0.9918592216183575,-0.9913935174524854,-1.0006792329771415,Uranium,Energy,LEU
2015Q1,2015,Q1,2015-05-07,2015-03-31,-15400000.0,167800000.0,-11000000.0,-1.71,6900000.0,0.0411203814,1085000000.0,6200000.0,755600000.0,392500000.0,1078800000.0,419200000.0,-57700000.0,45990000.0,64990000.0,0.6888888888888889,1.9250955414012738,0.2248847926267281,39.354838709677416,-0.043124735880085745,0.6888888888888889,-2.4838709677419355,0.2740762812872467,-0.7465909090909092,7.417741935483871,0.0,0.3838263358778626,0.0,0.15465437788018432,0.6242038216560509,-0.014193548387096775,19.995652173913044,0.041120381406436236,0.6361702127659574,0.9277249599083619,-0.9778389656061631,-0.9997776173092412,1.372972972972973,0.6359338061465721,0.7142857142857143,0.9733473055555556,-0.9851045000890473,-0.9995760285361504,Uranium,Energy,LEU
2014Q4,2014,Q4,2015-03-16,2014-12-31,-42300000.0,123600000.0,-38500000.0,-4.7,-18500000.0,-0.1496763754,1157700000.0,21600000.0,842400000.0,450400000.0,1136100000.0,462200000.0,-42300000.0,38700000.0,60300000.0,2.4,1.8703374777975132,0.20765310529498143,11.12962962962963,-0.13905681643526818,2.4,-1.9583333333333333,0.3131067961165049,-0.22872340425531912,1.7916666666666667,0.0,0.30744266551276506,0.0,0.10676341020989893,0.6165630550621669,-0.036537963202902306,0.3511796733212341,-0.14967637540453074,-1.084669428931724,-1.0389022323232324,-0.9879667393783861,-0.9992291345249295,-2.425925925925926,-1.1009787538792075,-1.3475609756097562,0.9957491911290323,-0.9866766470588235,-0.9985690717703348,Uranium,Energy,LEU
2014Q3,2014,Q3,2014-11-14,2014-09-30,418900000.0,120700000.0,-16400000.0,55.51,-5400000.0,-0.0447390224,1063600000.0,59300000.0,716400000.0,327000000.0,1004300000.0,499400000.0,0.0,50029000.00000001,185029000.0,12.10204081632653,2.1908256880733945,0.22602482136141405,4.053962900505902,-0.05470832805757229,12.10204081632653,7.064080944350759,0.41449047224523616,0.029857364526139893,0.8436593591905566,0.0,0.2525030036043252,0.0,0.1134825122226401,0.5975535168195719,0.39385107183151563,-1.8598141263940524,-0.04473902236951118,1.8907252888318355,6.654488143515471,-0.9816103993579954,-0.9958105444014512,-2.5428571428571427,15.960714285714285,0.3333333333333333,6.512580278024253,-0.9707349611182257,-0.9959272847618739,Uranium,Energy,LEU
2014Q2,2014,Q2,2014-08-13,2014-06-30,-28000000.0,121200000.0,-24600000.0,-62.32,3500000.0,0.0288778878,807700000.0,-536200000.0,745000000.0,329100000.0,1343900000.0,506800000.0,-1599500000.0,14961207.55899,-108338792.44101,-1193.332294749961,2.263749620176238,0.0,0.0,0.045715135240608426,-1193.332294749961,0.05221932114882506,0.12344230659232673,-0.133582210348125,-0.027902289367754574,0.0,0.23224151539068666,0.0,0.1500557137551071,0.4649042844120328,-0.03466633651108085,0.4121544782090909,0.028877887788778877,0.4487882540244118,-2.473162675474814,-0.7855011963953383,-1.4110599078341013,1.167464114832536,0.44881889763779526,0.37244897959183676,-0.3056580258489685,-0.7363234125112099,-1.400023428672677,Uranium,Energy,LEU
2014Q1,2014,Q1,2014-05-15,2014-03-31,-50800000.0,148600000.0,-39200000.0,-113.06,-20900000.0,-0.1406460296,865900000.0,-508500000.0,795700000.0,357300000.0,1374400000.0,571700000.0,-1571500000.0,19849522.54859,-65250477.451409996,-1131.6849531524715,2.226980128743353,0.0,0.0,0.07560126498179597,-1131.6849531524715,0.0999016715830875,0.1335768677563257,-0.09768465821156495,-0.03903544257343166,0.0,0.2964841700192409,0.0,0.17161335027139393,0.3445284075006997,-0.05866728259614274,-0.08641498715102308,-0.14064602960969044,0.31993984962406014,-20.860259243127068,-0.734403324520869,-1.3947064766987645,0.33226837060702874,0.31994645247657294,0.5903866248693835,-1.9877889945377847,-0.6187073380360474,-1.3699963746224209,Uranium,Energy,LEU
2013Q4,2013,Q4,2014-03-31,2013-12-31,-74700000.0,398500000.0,-95700000.0,-166.25,-31300000.0,-0.078544542,1705500000.0,-458200000.0,1632000000.0,1794700000.0,2163700000.0,967600000.0,-1520700000.0,32687523.19049,248487523.19049,-1019.7405025259832,0.9093441800858082,0.31075930812078567,-1.1567001309471847,-0.9629141231553369,-1019.7405025259832,0.16302924487123527,0.08202640700248431,-0.10939599461342034,-0.07133898557505455,0.0,0.4441918147995039,0.0,0.2336558194077983,0.2658940212848944,-0.043799472295514515,0.17592854246765338,-0.07854454203262233,-0.6862764986306927,-3.68941467787852,-0.1662112863500552,-1.3562134995089195,-0.043333333333333335,-0.6862302483069977,-0.7954971857410882,-9.103495426523937,-0.4161683479169158,-1.3405023599742187,Uranium,Energy,LEU
2013Q3,2013,Q3,2013-11-05,2013-09-30,-44300000.0,303800000.0,-53300000.0,-98.59,-30000000.0,-0.0987491771,1703800000.0,-462100000.0,1623100000.0,1196100000.0,2165900000.0,1176800000.0,-1449000000.0,51944521.90669,453544521.90669,-1028.420092137182,1.3569935624111695,0.3110693743397112,-1.1469378922311189,-0.5537344164798363,-1028.420092137182,0.09586669552045012,0.17098262642096776,-0.29314064281427765,-0.11240969899738151,0.0,0.2836505778382053,0.0,0.17830731306491374,0.2400300978179082,-0.02600070430801737,-0.9309054105141578,-0.09874917709019092,-0.08316853438804667,-5.770102205082065,-0.5345804038738315,-1.3134575696158997,0.3603411513859275,-0.08312958435207823,0.2161764705882353,-41.93675717178911,-0.5027708212374516,-1.3321542512421627,Uranium,Energy,LEU
2013Q2,2013,Q2,2013-08-06,2013-06-30,-40900000.0,284800000.0,-68000000.0,-91.02,-46900000.0,-0.1646769663,1512200000.0,-419200000.0,1436000000.0,954200000.0,1931400000.0,959900000.0,-1404700000.0,35798267.58158,371098267.58158,-932.9446064139942,1.5049255921190525,0.35048274037825683,-1.2643129770992367,-0.3251435625970333,-932.9446064139942,0.09756679389312978,0.12569616426116573,-0.21881581651332518,-0.08539663068125,0.0,0.3455568288363371,0.0,0.1883348763391086,0.3517082372668204,-0.027046686946171142,0.2829902575618972,-0.16467696629213482,-0.7340445799199846,-4.419146696604245,0.03266348280979159,-1.2855567888411266,-4.526315789473684,-0.7257383966244726,-0.15449915110356535,-6.235382959072397,-0.4290170702081407,-1.3016695725574638,Uranium,Energy,LEU
2013Q1,2013,Q1,2013-05-07,2013-03-31,-23700000.0,320400000.0,-58900000.0,-52.49,13300000.0,0.0415106117,1524800000.0,-469600000.0,1429400000.0,874200000.0,1994400000.0,1060800000.0,-1363800000.0,40935411.7902,602735411.7902,-1040.0194892919628,1.6350949439487532,0.4155954879328437,-1.3494463373083476,-0.31859855254058567,-1040.0194892919628,0.050468483816013626,0.12776345752247192,-0.4318081412468355,-0.08717080875255537,0.0,0.2894984917043741,0.0,0.21012591815320042,0.25749256463051934,-0.01554302203567681,-0.23351632510096978,0.041510611735330834,0.9781418261923304,-5.80879056661895,-0.16678151262114282,-1.3193034092817602,-0.7307692307692307,0.9781425804666605,0.9490131578947368,-1.2170315086780545,-0.15657498476748533,-1.3357324181021561,Uranium,Energy,LEU
2012Q4,2012,Q4,2013-03-18,2012-12-31,-1084300000.0,421300000.0,-1155200000.0,-2401.39,49400000.0,0.117256112,2266400000.0,-472900000.0,2156900000.0,1614800000.0,2739300000.0,1593200000.0,-1361800000.0,65744755.183529995,386044755.18353,-1047.3279737780435,1.3357072083230122,0.27056124249911756,-1.2966800592091352,-8.301155556615914,-1047.3279737780435,2.2928737576654683,0.15605211294452884,-0.015158340676826063,-0.13902464619058996,0.0,0.23342957569671102,0.0,0.18588951641369572,0.2648625216745108,-0.4784239322273209,-1.7255841255519684,0.11725611203417992,-221.10907424381298,-39.567006388107785,-0.3905953900182886,-1.3224066601707434,0.31733333333333336,-241.95555555555555,-91.96062992125984,-20.87648166827623,-0.18245397688539505,-1.3363954066921224,Uranium,Energy,LEU
2012Q3,2012,Q3,2012-11-01,2012-09-30,4500000.0,570500000.0,12700000.0,10.91,37500000.0,0.0657318142,3766000000.0,652200000.0,2561900000.0,2037800000.0,3113800000.0,1936200000.0,-327100000.0,90186287.265984,401886287.265984,1450.3131004056074,1.2571891255275296,0.16330323951141795,0.9429622815087396,0.0751657196969697,1450.3131004056074,0.0068997240110395585,0.1580828874075092,5.010349292554666,0.13828010927013798,0.0,0.2752814791860345,0.0,0.15148698884758363,0.23319265874963196,0.0011949017525225705,4.822796110480428,0.06573181419807186,1.052935468219311,-0.9292467197723281,-0.3555547031959667,-0.6251958970074747,2.048780487804878,1.048913043478261,1.1624040920716112,1.6618697104050795,-0.05289586638598376,-0.49793407323946287,Uranium,Energy,LEU
2012Q2,2012,Q2,2012-08-01,2012-06-30,-92000000.0,364800000.0,-78200000.0,-206.1,12300000.0,0.0337171053,3780900000.0,642600000.0,2524800000.0,1994100000.0,3138300000.0,1924400000.0,-331600000.0,121409631.362665,507409631.362665,1439.5322528254126,1.266135098540695,0.16265968420217408,0.9570494864612512,-0.06085891397325538,1439.5322528254126,-0.1431683784624961,0.3328114894809896,-0.329917476528981,0.1889350005643713,0.0,0.18317397630430263,0.0,0.09648496389748473,0.2017952961235645,-0.0243328308074797,1.0725232452532243,0.033717105263157895,-2.2102803738317753,-3.913716568202347,0.23678346212772097,-0.5351681390770483,-0.6829896907216495,-2.1944444444444446,-5.062015503875969,-5.872216712084032,-0.35013495425122354,-0.5041330920365175,Uranium,Energy,LEU
2012Q1,2012,Q1,2012-05-02,2012-03-31,-28800000.0,561500000.0,-12900000.0,-64.2,38800000.0,0.0691006233,3771300000.0,728900000.0,2419700000.0,1863600000.0,3042400000.0,1941400000.0,-239600000.0,130635103.293396,673335103.293396,1624.8473013580149,1.2984009444086715,0.1630737411502665,0.8437371381533818,-0.0086661172589672,1624.8473013580149,-0.0395115928110852,0.2326537903711416,-1.1339852716440626,0.17922225722787213,0.0,0.269238693726177,0.0,0.14888765147296687,0.14504185447520926,-0.007636623975817358,2.915962127084732,0.0691006233303651,0.9419356589217397,-1.5201074170751165,-0.14298205143176929,-0.48576328677836234,2.803921568627451,0.9419354838709677,0.9324960753532182,-11.413495821248008,0.005225749221537479,-0.43328949306432063,Uranium,Energy,LEU
2011Q4,2011,Q4,2012-03-14,2011-12-31,-496000000.0,462400000.0,-191100000.0,-1105.67,10200000.0,0.0220588235,3549300000.0,752400000.0,2191900000.0,1575900000.0,2796900000.0,1752000000.0,-210800000.0,140494344.835608,717894344.835608,1677.2329668565926,1.3908877466844343,0.17327360324571042,0.817384370015949,-0.3426501333827287,1677.2329668565926,-0.6592238171185539,0.3038372509420588,-0.07081368187278629,0.18672826267358852,0.0,0.25810502283105025,0.0,0.13027920998506748,0.126657782854242,-0.13974586538190628,-1.9140918914932972,0.022058823529411766,-70.287556415216,-9.778704159360135,-0.3969512831358925,-0.45841705227815854,-0.620817843866171,-70.8840579710145,-12.0,-18.886644045224553,-0.03092914847631714,-0.4141126853981255,Uranium,Energy,LEU
2011Q3,2011,Q3,2011-11-04,2011-09-30,-6900000.0,374500000.0,-14700000.0,-15.51,26900000.0,0.0718291055,4042200000.0,1322100000.0,2334700000.0,1558100000.0,2720100000.0,1721500000.0,285200000.0,196795070.557184,693895070.557184,2971.492016685846,1.4984275720428728,0.15214487160457177,0.4651690492398457,-0.0035379579672595004,2971.492016685846,-0.005218969820739733,0.5254875048255915,-7.130256179608116,0.14885036726207093,0.0,0.20191693290734825,0.0,0.09264756815595468,0.21911302227071433,-0.0017069912423927564,-0.9039736819346992,0.07182910547396529,0.6750471401634193,-1.4981633391960456,-0.3593198714327295,-0.03484931703978217,-0.1897590361445783,0.6745283018867925,0.13529411764705881,-1.7503238084107349,-0.42059212214305963,-0.0943033174821048,Uranium,Energy,LEU
2011Q2,2011,Q2,2011-08-04,2011-06-30,-21200000.0,454400000.0,-17000000.0,-47.73,33200000.0,0.0730633803,4127400000.0,1325100000.0,2462000000.0,1645000000.0,2802300000.0,1717200000.0,292100000.0,407584595.253018,765684595.253018,2983.1560084107396,1.4966565349544072,0.16918641275379173,0.5269790959172893,-0.010477414253237125,2983.1560084107396,-0.015998792543958945,0.8969731409617474,-4.80642211383276,0.3075878011116278,0.0,0.24528301886792453,0.0,0.11009352134515676,0.2882674772036474,-0.005136405485293405,2.1009515219227732,0.07306338028169014,-0.2613636363636362,-1.7018681693801123,-0.38140791450774064,-0.0206763747833252,1.3884892086330936,-0.27710843373493976,0.3089430894308943,-2.792763555596912,0.6666710245440172,-0.08691207975549357,Uranium,Energy,LEU
2011Q1,2011,Q1,2011-05-04,2011-03-31,-16600000.0,380500000.0,-24600000.0,-37.84,13900000.0,0.0365308804,4058900000.0,1341800000.0,2423500000.0,1482600000.0,2717100000.0,1696000000.0,313300000.0,530287055.43192,1076187055.43192,3058.63795099979,1.6346283555915284,0.1714011185296509,0.5184826352660605,-0.00821401991350699,3058.63795099979,-0.012371441347443732,1.3936584899656241,-7.986250834818072,0.3952057351557013,0.0,0.21615566037735848,0.0,0.09374461060878563,0.26615405368946443,-0.004089778018675011,883.8117590532,0.036530880420499345,-2.844054580896686,-1.3461878714701492,-0.240082302484343,0.02585900202699889,-0.719758064516129,-2.8444444444444446,-2.5185185185185186,-4.466749813287932,0.01846931052026129,-0.06094689996848557,Uranium,Energy,LEU
2010Q4,2010,Q4,2011-02-24,2010-12-31,9000000.0,666400000.0,16200000.0,20.52,49600000.0,0.0744297719,3848200000.0,1313800000.0,2254100000.0,1268500000.0,2534400000.0,1522500000.0,329900000.0,725529093.222172,1312729093.222172,2994.8118497715936,1.7769806858494284,0.19182994646847876,0.5618815649261684,0.005003706449221646,2994.8118497715936,0.006850357740904247,1.0887291314858523,20.15358592283811,0.5522370933339718,0.0,0.4051231527093596,0.0,0.17317187256379607,0.36231769806858494,0.0023387557819240165,-15.535954886984412,0.0744297719087635,6.516483516483516,-0.7806030137255691,-0.12523960767749823,0.044514875960223015,0.30526315789473685,8.0,1.0769230769230769,-0.6705148259823307,-0.007852687561945074,-0.07808507888737964,Uranium,Energy,LEU
2010Q3,2010,Q3,2010-11-03,2010-09-30,1000000.0,564600000.0,7800000.0,2.73,38000000.0,0.0673042862,3699300000.0,1285600000.0,2135900000.0,1204200000.0,2413700000.0,1472800000.0,159500000.0,592026454.740523,1020926454.740523,3096.2123419802174,1.77370868626474,0.15543481199145784,0.4472619788425638,0.0014455848502707693,3096.2123419802174,0.0007778469197261979,1.0485767884175043,148.00661368513076,0.46050595421633717,0.0,0.3575502444323737,0.0,0.15262346930500365,0.3106626806178376,0.0002703214121590571,-3.320395147170628,0.06730428622033298,-0.7497708524289642,1.146609159510847,0.022405614230608266,0.10148328211862656,-0.1383219954648526,-0.8611111111111112,-0.44680851063829785,-0.9829714384391438,-0.3092590844634796,-0.19984650956698002,Uranium,Energy,LEU
2010Q2,2010,Q2,2010-08-04,2010-06-30,7200000.0,459700000.0,14100000.0,10.91,44100000.0,0.0959321296,3690500000.0,1280700000.0,2086700000.0,1278800000.0,2409800000.0,1359800000.0,319900000.0,541537596.048537,909037596.048537,3092.604264012344,1.631764153894276,0.15580544641647473,0.4489732177715312,0.0038799374898959966,3092.604264012344,0.005621925509486999,1.1780239200533762,18.80338875168531,0.42284500355160226,0.0,0.30563318135019857,0.0,0.12456306733504945,0.2569596496715671,0.0019509551551280314,3.0560812418089,0.09593212964977159,1.46092099704267,2.8324154767855463,0.26526284949278334,0.08370022032548709,0.651685393258427,1.7422680412371134,4.27906976744186,1.414525291522091,0.6800012535332448,-0.0013832671566690019,Uranium,Energy,LEU
2010Q1,2010,Q1,2010-05-05,2010-03-31,-9700000.0,344700000.0,-4300000.0,-23.67,26700000.0,0.0774586597,3473900000.0,1269200000.0,1891000000.0,1073600000.0,2204700000.0,1282700000.0,0.0,649465793.983425,1191965793.9834251,3097.7630792135997,1.7613636363636365,0.1655200207259852,0.45304128584935394,-0.005259733217655352,3097.7630792135997,-0.007642609517806492,1.8841479372887293,-16.73880912328415,0.5117127276894303,0.0,0.24791455523505107,0.0,0.099225654163908,0.20631520119225039,-0.002792250784420968,-7.067092426370239,0.07745865970409051,-1.1959112729680519,-9.249788267454207,-0.15215732442016325,0.054032624850270036,-0.41830065359477125,-1.195959595959596,-1.0560625814863103,-1.1917987737954383,-0.4239569078899455,-0.019610333313932166,Uranium,Energy,LEU
2009Q4,2009,Q4,2010-03-01,2009-12-31,49500000.0,467600000.0,76700000.0,120.82,45900000.0,0.0981608212,3532100000.0,1275600000.0,1969600000.0,1082600000.0,2256500000.0,1301200000.0,322400000.0,433352384.715615,877052384.715615,3113.3836935430727,1.819323849990763,0.1627926729141304,0.45076826591407965,0.026783000869945787,3113.3836935430727,0.038805268109125116,0.92675873549105,2.188648407654621,0.33972435302258935,0.0,0.3240854595757762,0.0,0.13238583279069108,0.29807869942730464,0.014014325755216444,9.441228425176798,0.09816082121471344,8.99074074074074,0.4352080104462859,-0.4629025484716421,0.05602499855809782,0.17091836734693877,8.983870967741936,9.522222222222222,-0.04075958402201779,-0.3322981070423713,0.005319804378935674,Uranium,Energy,LEU
2009Q3,2009,Q3,2009-11-03,2009-09-30,-6200000.0,549300000.0,-9000000.0,-15.12,39200000.0,0.0713635536,3491800000.0,1184600000.0,1942200000.0,1085100000.0,2307200000.0,1435000000.0,0.0,528374888.526936,1034074888.526936,2888.6905545720124,1.7898811169477467,0.16467151612348932,0.4853959142326524,-0.0035235280745624007,2888.6905545720124,-0.005233834205639034,0.9619058593244784,-21.305439053505484,0.4460365427375789,0.0,0.3554703832752613,0.0,0.1573114153158829,0.21564832734310202,-0.0017755885216793632,-68.62011539310858,0.07136355361369015,-1.504168056018673,-0.37661836355827827,0.6442403546524212,0.03696420824889728,-0.4935400516795866,-1.3583815028901733,-1.2990033222591362,-1.485661182619352,0.01957237888433247,-0.061743512703280067,Uranium,Energy,LEU
2009Q2,2009,Q2,2009-07-31,2009-06-30,17300000.0,514300000.0,30100000.0,29.99,77400000.0,0.1504958196,3313900000.0,1187300000.0,1863600000.0,909800000.0,2126600000.0,1270500000.0,279100000.0,597742919.175864,1095042919.175864,2903.0617484388067,2.0483622774236094,0.17351157246748544,0.4842920912995873,0.009784211105820846,2903.0617484388067,0.0145708750947528,1.16224561379713,8.637903456298613,0.5034472493690424,0.0,0.34388036206218026,0.0,0.1551947856000483,0.33974499890085735,0.005220435136847823,10.450051034543076,0.15049581956056776,6.800773694390715,0.11394733816258489,0.21611647369798917,0.023887547430148325,0.8341232227488151,9.238095238095237,10.709677419354838,-0.3779371255494899,-0.23958433609357466,-0.04697007206687679,Uranium,Energy,LEU
2009Q1,2009,Q1,2009-05-07,2009-03-31,-2100000.0,505600000.0,-3100000.0,-5.17,42200000.0,0.0834651899,2987800000.0,1164200000.0,1666100000.0,626800000.0,1823600000.0,1089100000.0,261800000.0,535446575.263878,1072546575.263878,2867.1557726076044,2.65810465858328,0.19244929379476539,0.49390139151348567,-0.0010397500766636,2867.1557726076044,-0.0018038137777014259,1.0590319922149485,-63.743639912366426,0.45992662365906034,0.0,0.4254889358185658,0.0,0.16922150076979717,0.47431397574984047,-0.0007028582903808822,-5.738977226836849,0.08346518987341772,-1.083629893238434,0.8594171364398703,1.1060354315852325,0.004012390195249058,-0.45966709346991036,-1.0836653386454183,-1.0514950166112957,-1.0473158301060026,0.09094378247226732,-0.03836360933736813,Uranium,Energy,LEU
2008Q4,2008,Q4,2009-02-26,2008-12-31,25100000.0,431900000.0,60200000.0,61.82,78100000.0,0.1808288956,3055300000.0,1162400000.0,1890700000.0,716400000.0,1892900000.0,1231900000.0,263900000.0,500865665.748513,923065665.748513,2862.722788248651,2.6391680625348966,0.2195201780512552,0.5769958706125258,0.022218265171999593,2862.722788248651,0.021593255333792156,1.1596797076835217,4.98870185008479,0.43088925133216877,0.0,0.2871986362529426,0.0,0.1413609138218833,0.5619765494137353,0.008215232546722089,-9.37950684922309,0.18082889557768003,2.7787286063569683,19.91039926138819,-0.41976717413490977,-0.0165439217495235,0.6136363636363636,1.9880952380952381,7.72463768115942,-0.3389333041528477,-0.3874793497853593,-0.001554458820478264,Uranium,Energy,LEU
2008Q3,2008,Q3,2008-11-05,2008-09-30,8400000.0,590400000.0,6900000.0,16.36,48400000.0,0.0819783198,3024100000.0,1333400000.0,2056500000.0,754800000.0,1690700000.0,1258200000.0,238800000.0,604038413.574716,946838413.574716,3280.890914190948,2.72456279809221,0.23193677457756026,0.5260236988150593,0.003849239449789872,3280.890914190948,0.006299685015749213,1.023100293995115,17.97733373734274,0.4530061598730434,0.0,0.43077412176124624,0.0,0.1952316391653715,0.8015368309485956,0.002777685923084554,-4.8712775288283545,0.08197831978319783,-0.24988537368179733,0.8351023688102451,0.4936547501682457,0.106988069310726,-0.2377952755905512,-0.2222222222222222,-0.6368421052631579,2.25819181728673,0.0922829811151581,0.1671830266411736,Uranium,Energy,LEU
2008Q2,2008,Q2,2008-08-06,2008-06-30,10800000.0,249000000.0,19000000.0,21.81,63500000.0,0.2550200803,2905800000.0,1325400000.0,2041300000.0,647600000.0,1580400000.0,1220500000.0,230400000.0,677619357.56416,886219357.56416,3267.1070794715047,3.1521000617665225,0.24516484272833644,0.537498113776973,0.005085698480536051,3267.1070794715047,0.008148483476686284,2.721362881783775,15.685633276948147,0.51125649431429,0.0,0.15198689061859894,0.0,0.08569068759033657,0.951667696108709,0.003716704521990502,-2.269321358218888,0.25502008032128515,0.9990834097158569,0.8666890618335911,-0.42598796683863327,0.09281361041088744,0.6365979381443299,1.4545454545454546,5.551724137931035,3.8057868270558077,-0.3004076344459505,0.14484892330087534,Uranium,Energy,LEU
2008Q1,2008,Q1,2008-04-30,2008-03-31,4400000.0,343300000.0,2900000.0,10.91,38800000.0,0.1130206816,3203200000.0,1313000000.0,2435800000.0,967600000.0,1890200000.0,1187500000.0,219600000.0,409757721.600873,319857721.600873,3257.151220625482,2.517362546506821,0.22333916083916083,0.5448591012947449,0.0008500908717828456,3257.151220625482,0.0033511043412033513,1.1935849740776958,23.281688727322333,0.31207747265869995,0.0,0.25642105263157894,0.0,0.10717407592407592,1.08298883836296,0.0013736263736263737,-5.787538440690296,0.11302068161957472,-0.8247952465071462,0.563326742956276,-0.10500512292780942,0.08024359415023702,-0.47989276139410186,-0.8247011952191236,-0.9173789173789174,2.8034595758509395,-0.14177165725734328,0.1082654040417055,Uranium,Energy,LEU
2007Q4,2007,Q4,2008-02-26,2007-12-31,25100000.0,617200000.0,35100000.0,62.27,74600000.0,0.1208684381,3087800000.0,1309500000.0,2430600000.0,715800000.0,1778300000.0,1153400000.0,215200000.0,996708013.581444,835608013.581444,3248.4687916291464,3.395641240569992,0.23479499967614484,0.5536464299350897,0.010962915032151091,3248.4687916291464,0.0191676212294769,1.6148866065804344,9.927370653201633,0.7611363219407743,0.0,0.4704352349575169,0.0,0.19988341213809185,1.5912265996088293,0.008128764816374118,7.009198407745739,0.12086843810758263,-0.5521432681242807,20.06259259534892,-0.16479226010386572,0.11597476054924831,-0.3339285714285714,-0.44956140350877194,-0.5138504155124654,-0.26032927153518653,-0.2794575585255648,0.10184435606530733,Uranium,Energy,LEU
2007Q3,2007,Q3,2007-11-02,2007-09-30,45600000.0,634700000.0,72200000.0,139.04,112000000.0,0.1764613203,2832500000.0,1247600000.0,2294000000.0,528900000.0,1584900000.0,1044800000.0,190100000.0,899047367.5866419,849247367.5866419,3869.5230090224773,4.337303838154661,0.2559576345984113,0.5811157422250721,0.02292617653055654,3869.5230090224773,0.03655017633857006,1.4164918348615754,4.928987760891677,0.7206214873249774,0.0,0.5002871362940275,0.0,0.2240776699029126,2.1123085649461144,0.016098852603706974,-17.980947351732837,0.17646132030880732,4.315212207916071,34.23324142337408,0.6310638881006775,0.22968315867247513,3.0433212996389893,4.402985074626866,4.721649484536083,13.877735063232874,1.416445343412642,0.3890573557631835,Uranium,Energy,LEU
2007Q2,2007,Q2,2007-08-02,2007-06-30,-13400000.0,211100000.0,-19400000.0,-41.94,27700000.0,0.1312174325,1850700000.0,989400000.0,1366800000.0,386000000.0,861300000.0,1062300000.0,144500000.0,1929179733.301332,2030879733.301332,3096.8880875917894,3.5409326424870464,0.08105041335710812,0.15160703456640387,-0.01641404096312208,3096.8880875917894,-0.013543561754598747,9.138700773573339,-35.99215920338306,1.9498481234094722,0.0,0.17264426244940223,0.0,0.1140649483979035,0.47979274611398964,-0.007240503593234992,-10.068787752094634,0.13121743249644718,-1.3418650146723181,-2.7529826230153724,-0.3799060000751296,-0.03194599389015566,-0.6215846994535519,-1.340966921119593,-1.7185185185185186,-2.1045392549702653,-0.36099437612469465,0.09224860627756566,Uranium,Energy,LEU
2007Q1,2007,Q1,2007-05-07,2007-03-31,39300000.0,465000000.0,27000000.0,122.68,73200000.0,0.1574193548,2007100000.0,1006000000.0,1539100000.0,522700000.0,1001100000.0,1008100000.0,157900000.0,1421348192.22639,1332848192.22639,3159.726366440314,2.94451884446145,0.07478451497184993,0.14920477137176938,0.027479855616161498,3159.726366440314,0.03906560636182903,3.0566627789814835,9.041655166834541,1.412870966427823,0.0,0.38865191945243527,0.0,0.2316775447162573,0.7920413238951598,0.01958048926311594,19.906837426139916,0.15741935483870967,-0.02596268360460497,7.518304178409058,0.24039241423894334,-0.015208106602389276,-0.35335689045936397,-0.0199501246882793,-0.5787831513260531,4.355316098271888,1.4702411987277335,0.10646392213544396,Uranium,Energy,LEU
