Quarters,Year,Quarter,FillingDate,Date,NetIncome,Revenue,OperatingIncome,EPSDiluted,GrossProfit,GrossProfitRatio,TotalAssets,CommonStockEquity,CurrentAssets,CurrentLiability,TotalLiability,Inventory,RetainedEarnings,MarketCap,EnterpriseValue,bookValuePerShare,currentRatio,debtToAssets,debtToEquity,roic,shareholdersEquityPerShare,roe,priceToSalesRatio,peRatio,pbRatio,payoutRatio,inventoryTurnover,dividendYield,assetTurnover,quickRatio,returnOnAssets,priceToFreeCashFlowsRatio,grossProfitMargin,epsdilutedGrowth,fiveYNetIncomeGrowthPerShare,fiveYRevenueGrowthPerShare,fiveYShareholdersEquityGrowthPerShare,grossProfitGrowth,netIncomeGrowth,operatingIncomeGrowth,threeYNetIncomeGrowthPerShare,threeYRevenueGrowthPerShare,threeYShareholdersEquityGrowthPerShare,Industry,Sector,Symbol
2023Q1,2023,Q1,2023-05-03,2023-03-31,-7386000.0,241325000.0,-5348000.0,-0.27,42802000.0,0.177362478,670738000.0,276243000.0,423136000.0,201999000.0,394495000.0,168701000.0,194306000.0,511426300.0,655153300.0,10.100661815788511,2.0947430432823926,0.26670920687362276,0.6475892601803485,-0.010491034970867669,10.100661815788511,-0.026737329090691892,2.1192429296591735,-17.31066544814514,1.851363835463704,0.0,1.1767742929798874,0.0,0.35979026087682525,1.043722988727667,-0.011011751235206594,-26.50976052249637,0.17736247798611832,-33.53012048192771,-1.5701922028613042,0.10330731319221109,0.09907224069368446,-0.05886233206534884,-33.5374449339207,-2.8184291057463446,-3.1072786326294284,0.3133183379437715,0.02906257390785675,Auto Parts,Consumer Cyclical,SRI
2022Q4,2022,Q4,2023-03-02,2022-12-31,227000.0,231172000.0,2941000.0,0.0083,45479000.0,0.1967323032,652105000.0,280942000.0,409551000.0,177692000.0,371163000.0,152580000.0,201692000.0,587682480.0,712730480.0,10.306772323721477,2.30483645859127,0.27579300879459595,0.640153483637192,0.0020466415773194566,10.306772323721477,0.0008079959564607642,2.542187116086723,647.2274008810572,2.091828491290017,0.0,1.2170205793682003,0.0,0.35450119229265226,1.198438871755622,0.00034810344959784083,26.45788222582388,0.19673230322011317,-0.7233333333333333,-0.9875578391380778,0.15493694726403065,0.1929280712952897,-0.08011731391585761,-0.6894664842681258,-0.17503506311360448,-0.9461193926323129,0.21320356659586798,-0.03183804321574288,Auto Parts,Consumer Cyclical,SRI
2022Q3,2022,Q3,2022-11-02,2022-09-30,731000.0,226757000.0,3565000.0,0.03,49440000.0,0.2180307554,633056000.0,264164000.0,398531000.0,177950000.0,368892000.0,150704000.0,201465000.0,462412950.0,609499950.0,9.683076133572817,2.2395672941837597,0.2834251630187535,0.6792144274011599,0.0033336743741900284,9.683076133572817,0.0027672203631077664,2.0392444334684265,158.14396374829002,1.750476787147378,0.0,1.1765911986410447,0.0,0.3581942197846636,1.1194043270581624,0.0011547161704493758,-32.320748584608936,0.21803075539013128,1.1111111111111112,-0.9063359428403708,0.14873232528953972,0.2133852357011583,0.2820246862358676,1.0996048507971112,1.6244526186722719,-0.8898986979003998,0.11854679910621925,-0.0417752774029648,Auto Parts,Consumer Cyclical,SRI
2022Q2,2022,Q2,2022-08-03,2022-06-30,-7339000.0,220936000.0,-5709000.0,-0.27,38564000.0,0.1745482855,638414000.0,272528000.0,395780000.0,180468000.0,365886000.0,144108000.0,200734000.0,467663349.99999994,601282350.0,9.99405918808904,2.1930757807478334,0.27303755870015384,0.6396076733399871,-0.013175222648768798,9.99405918808904,-0.026929343039981214,2.1167367472933334,-15.930758618340372,1.7160194548817,0.0,1.265523079912288,0.0,0.34607010497890084,1.1105847019970299,-0.011495675220154947,-84.5837131488515,0.17454828547633705,0.03571428571428574,-1.8395218499752972,0.0900416968970621,0.34955930004837377,-0.06946890910407065,0.04377850162866449,-0.298680618744313,-1.188747780026215,0.016663739326253237,-0.009922246098452972,Auto Parts,Consumer Cyclical,SRI
2022Q1,2022,Q1,2022-05-04,2022-03-31,-7675000.0,221058000.0,-4396000.0,-0.28,41443000.0,0.1874756851,650848000.0,293924000.0,396303000.0,179040000.0,356924000.0,148352000.0,208073000.0,564651240.0,689976240.0,10.806426706864222,2.213488605898123,0.2561473646688628,0.5671976429281038,-0.011503824488633378,10.806426706864222,-0.02611219226738885,2.554312623836278,-18.392548534201957,1.9210790544494498,0.0,1.2107352782571181,0.0,0.339646123211564,1.102446380697051,-0.0117923078814101,-20.775276500239155,0.1874756851143139,-0.2727272727272728,-1.8559716045546077,0.11051616028333244,0.5618910367022237,-0.011638167465598245,-0.24513303049967552,-0.17008251264306629,-1.8336319416221252,0.06217643757664507,0.07138567912818461,Auto Parts,Consumer Cyclical,SRI
2021Q4,2021,Q4,2022-02-28,2021-12-31,-6164000.0,203653000.0,-3757000.0,-0.22,41931000.0,0.2058943399,665399000.0,295950000.0,410824000.0,173066000.0,369449000.0,138115000.0,215748000.0,535684379.99999994,634254380.0,10.905774403950327,2.373799590907515,0.27670164818402193,0.6221219800642,-0.012080072873619768,10.905774403950327,-0.020827842540969758,2.6303780450079297,-21.72632949383517,1.8100502787633044,0.0,1.1709227817398544,0.0,0.306061475896417,1.36326603723435,-0.009263614763472743,-24.33380485145816,0.20589433988205427,0.42105263157894735,-1.130541792469412,0.20852578204430194,0.7000690413403653,0.16475,0.4049044217030315,0.5791890681003584,-1.5375126470765372,0.015595247230295707,0.0983814527984102,Auto Parts,Consumer Cyclical,SRI
2021Q3,2021,Q3,2021-10-27,2021-09-30,-10358000.0,181680000.0,-8928000.0,-0.38,36000000.0,0.1981505945,626678000.0,297651000.0,357125000.0,166617000.0,329027000.0,124741000.0,221912000.0,553527330.0,649273330.0,10.964415957564372,2.143388729841493,0.23257079393245017,0.4896573503868625,-0.02055899431324068,10.964415957564372,-0.03479914396390404,3.0467158190224573,-13.359898870438307,1.8596521765423264,0.0,1.1678598055170313,0.0,0.2899096505701493,1.1231146881770768,-0.01652842448594015,-120.8311132940406,0.19815059445178335,-1.527777777777778,-2.0311435409061263,0.06991113072542328,1.3276441608325362,-0.15968348077775962,-1.5231841600161633,-1.7336191059399877,-1.8167494470620003,-0.08826279279677554,0.15801621798261772,Auto Parts,Consumer Cyclical,SRI
2021Q2,2021,Q2,2021-08-04,2021-06-30,19798000.0,191334000.0,-3266000.0,0.72,42841000.0,0.2239068853,635932000.0,313630000.0,362409000.0,163480000.0,322302000.0,114810000.0,232270000.0,800541500.0,889125500.0,11.55728341378929,2.21683998042574,0.22670820150582138,0.4596849791155183,-0.005358409718840597,11.55728341378929,0.06312533877498963,4.184000229964355,10.108868320032325,2.552502949335204,0.0,1.2933803675638011,0.0,0.30087179132360065,1.2771654024957182,0.031132259423963568,-67.2723949579832,0.22390688534186293,152.1914893617021,0.7522366744233316,0.0483787708804192,1.6826960171777074,-0.07041183873627566,151.2923076923077,-2.586206896551724,0.37271166700592134,-0.0907307555883665,0.27417847087637837,Auto Parts,Consumer Cyclical,SRI
2021Q1,2021,Q1,2021-04-28,2021-03-31,130000.0,193795000.0,2059000.0,0.0047,46086000.0,0.237807993,621477000.0,284672000.0,343106000.0,144671000.0,336805000.0,95439000.0,212472000.0,859410770.0,971746770.0,10.536773142835992,2.3716294212385343,0.27811809608400634,0.6071689523381295,0.001033669576581492,10.536773142835992,0.00045666591726618703,4.434638509765474,1652.713019230769,3.018950827619155,0.0,1.5476796697366904,0.0,0.3118297217757053,1.4530693781061859,0.00020917910075513656,-34.676031714009035,0.2378079929822751,-0.9638461538461538,-0.9816037203898517,0.2207999981090712,1.7935689947234745,-0.06990918264379414,-0.9636871508379888,-0.6370527057994007,-0.9898407966904301,-0.10310608336963313,0.14652634441001142,Auto Parts,Consumer Cyclical,SRI
2020Q4,2020,Q4,2021-02-24,2020-12-31,3580000.0,189731000.0,5673000.0,0.13,49550000.0,0.2611592202,621408000.0,296634000.0,334664000.0,146048000.0,324774000.0,90548000.0,212342000.0,814879880.0,900067880.0,11.004377504080724,2.291465819456617,0.2560427287707915,0.5363747918310106,0.009578578376753154,11.004377504080724,0.012068744648287114,4.29492217929595,56.90501955307262,2.7470886007672757,0.0,1.548140212925741,0.0,0.30532436016272724,1.4424298860648554,0.005761110252845152,70.5218416270013,0.2611592201590673,-0.48,-0.40070037918954093,0.24957931634310448,2.244388148466287,0.07729100989237961,-0.46678582067322016,-0.4227129337539432,-0.8015772241708455,-0.04148286752183666,0.27367040033812995,Auto Parts,Consumer Cyclical,SRI
2020Q3,2020,Q3,2020-10-28,2020-09-30,6714000.0,175764000.0,9827000.0,0.25,45995000.0,0.2616861246,581950000.0,264372000.0,319815000.0,133261000.0,317578000.0,88144000.0,195012000.0,495181720.0,593609720.0,9.807538210416975,2.399914453591073,0.2864782197783315,0.6306114111933185,0.01733789373378194,9.807538210416975,0.02539603286278426,2.817310256935436,18.438401846887103,1.8730490369630675,0.0,1.4722386095480124,0.0,0.30202594724632703,1.4843502600160587,0.011537073631755306,59.29609867081787,0.26168612457613616,1.308641975308642,-0.07213962120333331,0.1042161521372668,2.1425711759236354,2.470273125094311,1.308916904389436,1.3663646870223316,-0.12935369020079224,-0.09885867732227856,0.22898156525223895,Auto Parts,Consumer Cyclical,SRI
2020Q2,2020,Q2,2020-07-29,2020-06-30,-21734000.0,99545000.0,-26823000.0,-0.81,13254000.0,0.1331458135,557219000.0,249262000.0,296643000.0,103969000.0,307957000.0,96933000.0,188298000.0,556828320.0,666599320.0,9.248367468091422,2.8531870076657464,0.3269504449776479,0.7308895860580433,-0.04576723593000288,9.248367468091422,-0.08719339490174996,5.593734692852479,-6.405037268795436,2.2339077757540258,0.0,0.8902128274168756,0.0,0.17864609785380614,1.6333330127249468,-0.039004412986635414,-55.543972069825436,0.13314581345120297,-7.230769230769231,-4.1553341702587305,-0.3897969206515375,1.8030146038183876,-0.7080423816551754,-7.227507163323782,-5.678702250130821,-3.5154343826303043,-0.5030939447006036,0.24886395927120172,Auto Parts,Consumer Cyclical,SRI
2020Q1,2020,Q1,2020-05-06,2020-03-31,3490000.0,182966000.0,5733000.0,0.13,45397000.0,0.2481171365,600490000.0,267293000.0,349259000.0,130469000.0,333197000.0,95777000.0,210032000.0,456136000.0,555171000.0,9.815400998824911,2.6769500800956547,0.30032140418658093,0.6746903211082969,0.009164850451785042,9.815400998824911,0.013056832764045448,2.493009630204519,32.67449856733524,1.7065018537709555,0.0,1.4363469308915502,0.0,0.3046944994920815,1.6842544972368916,0.005811920265116822,-33.28973872427383,0.24811713651716713,-0.13333333333333328,0.484198861639639,0.12014328915115628,2.2699380118572257,0.027127924340467895,-0.17082442385364693,4.342963653308481,-0.6112415880901759,-0.08195823638251862,0.4186545893070021,Auto Parts,Consumer Cyclical,SRI
2019Q4,2019,Q4,2020-02-27,2019-12-31,4209000.0,190365000.0,1073000.0,0.15,44198000.0,0.2321750322,602209000.0,289904000.0,331266000.0,138596000.0,312305000.0,93449000.0,206542000.0,798442240.0,876136240.0,10.645710928319623,2.390155560045023,0.2442623740262932,0.507399001048623,-0.24816126047317197,10.645710928319623,0.014518599260444838,4.194270165208941,47.424699453551916,2.75416082565263,0.0,1.5641365878714593,0.0,0.31611118399094,1.5005267107275824,0.0069892678455486384,-169.41273923191173,0.2321750321750322,-0.375,1.1330745574201302,0.12955167238215173,2.144390422130349,-0.14766174910808988,-0.3681128959615673,-0.8849082913225357,-0.9111723518492338,0.12573069287590452,0.6595285123208959,Auto Parts,Consumer Cyclical,SRI
2019Q3,2019,Q3,2019-10-30,2019-09-30,6661000.0,203386000.0,9323000.0,0.24,51855000.0,0.2549585517,594004000.0,276580000.0,331242000.0,160648000.0,317424000.0,103597000.0,202333000.0,847648900.0,921255900.0,10.105224698575082,2.0619117573826005,0.21695140100066665,0.4659411381878661,0.018121108138550102,10.105224698575082,0.024083447827030154,4.167685583078481,31.813875544212582,3.064751247378697,0.0,1.4626967962392734,0.0,0.34239836768775966,1.238054628753548,0.011213729200476764,1497.6128975265017,0.2549585517193907,-0.8297872340425532,-0.28214503820883746,0.1758662843498684,1.1762764090333961,-0.08749362099002235,-0.83248667136103,-0.41401634192331865,-0.34229718874359144,0.18797878515655173,1.1452457982781634,Auto Parts,Consumer Cyclical,SRI
2019Q2,2019,Q2,2019-07-31,2019-06-30,39764000.0,222241000.0,15910000.0,1.41,56827000.0,0.2556998934,596047000.0,281499000.0,336089000.0,163515000.0,314548000.0,100751000.0,195672000.0,889879179.87,958042179.87,10.094216488256583,2.0554016451090114,0.20076604697280584,0.42510275347336934,0.03116464292171152,10.094216488256583,0.14125805065026875,4.004117961447258,5.594753922329242,3.1612161317446956,0.0,1.6418100068485673,0.0,0.3728581806468282,1.2426382900651316,0.06671285989192127,255.85945367165039,0.25569989335901117,3.272727272727272,2.7542911606787452,0.32416131624467204,0.9892728535365547,-0.06615943338865792,3.117634876255566,0.35994529446961276,2.424672954658335,0.1849713296984786,1.3430864676439431,Auto Parts,Consumer Cyclical,SRI
2019Q1,2019,Q1,2019-05-01,2019-03-31,9657000.0,218297000.0,11699000.0,0.33,60853000.0,0.27876242,582263000.0,287758000.0,323416000.0,156749000.0,294505000.0,92162000.0,155908000.0,833626175.2199999,888257175.2199999,10.086402046793927,2.063273130929065,0.18499715764182165,0.37433190389146437,0.023958460583509724,10.086402046793927,0.03355944925944718,3.8187706437559834,21.58087851351351,2.896969589794202,0.0,1.708339662767735,0.0,0.3749113373166421,1.3321935068166304,0.01658528877843861,-58.32408698103966,0.27876242000577195,-0.21428571428571422,17.550869906181937,-0.13076214320148313,0.7475992775884824,0.049931848375575835,-0.19898805573988057,-0.07620025268477575,0.29412096440180086,0.30225403311611215,1.674164058034849,Auto Parts,Consumer Cyclical,SRI
2018Q4,2018,Q4,2019-02-28,2018-12-31,12056000.0,210814000.0,12664000.0,0.42,57959000.0,0.2749295588,559519000.0,283266000.0,320177000.0,147307000.0,276253000.0,79278000.0,146251000.0,703247269.65,720671269.65,9.928949889098229,2.173535541420299,0.1760726624118216,0.34778617977448756,0.03137507540873779,9.928949889098229,0.04256070266110299,3.335866069853046,14.582931105880888,2.482639178898985,0.0,1.9280884987007745,0.0,0.37677719612738797,1.494620079154419,0.02154707883020952,26.120687503250007,0.27492955875795727,-0.0869565217391305,34.13890242132252,-0.16362425014701595,0.7787530399869118,-0.08415896341945169,-0.09298826361721337,-0.308431629532547,0.9069026934956126,0.3118654593581819,1.9273229980487634,Auto Parts,Consumer Cyclical,SRI
2018Q3,2018,Q3,2018-10-26,2018-09-30,13292000.0,208853000.0,18312000.0,0.46,63285000.0,0.3030121665,559252000.0,269399000.0,319910000.0,145743000.0,289853000.0,86755000.0,133803000.0,826838571.42,870209571.42,9.468274957897828,2.195028234632195,0.18600916939054307,0.386141002750567,0.038893284607572104,9.468274957897828,0.04933945560302748,3.958949938090427,15.551432655356605,3.0691968842497555,0.0,1.677920580946343,0.0,0.37345060902777283,1.448083269865448,0.02376746082267028,64.81958070084666,0.30301216645200213,-0.11538461538461538,1.470660238968539,-0.16094704271530164,0.6435937643560552,-0.06130410276187368,-0.1208994708994709,-0.04530524998696627,0.7402913253807387,0.2430689415368327,2.03386306839015,Auto Parts,Consumer Cyclical,SRI
2018Q2,2018,Q2,2018-08-01,2018-06-30,15120000.0,220602000.0,19181000.0,0.52,67418000.0,0.3056091967,560646000.0,258046000.0,315982000.0,148003000.0,302600000.0,80232000.0,120552000.0,999708507.42,1055717507.42,9.070380388581048,2.1349702370897887,0.20507414660944695,0.4455562186586888,0.041049790411854,9.070380388581048,0.05859420413414663,4.531729120406887,16.529571881944445,3.874148436402812,0.0,1.9092631369029813,0.0,0.3934782376044777,1.3965527725789342,0.026968889459659036,77.49678352093022,0.3056091966527955,0.13043478260869565,1.4641381191451004,-0.14749471564170238,0.6482955368014363,-0.008106636849151819,0.13004484304932734,0.13854098652579094,1.0795858620829741,0.2811021401409233,1.749069906564536,Auto Parts,Consumer Cyclical,SRI
2018Q1,2018,Q1,2018-05-02,2018-03-31,13380000.0,225930000.0,16847000.0,0.46,67969000.0,0.3008409684,580202000.0,259617000.0,318693000.0,145478000.0,320585000.0,78628000.0,105432000.0,779683992.0,845145992.0,9.190170984041442,2.1906611308926434,0.21176417868259675,0.47325868490892353,0.03547468004537168,9.190170984041442,0.05153745710026693,3.450998061346435,14.568086547085201,3.003208541813518,0.0,2.008966271557206,0.0,0.3893988645333866,1.4704422661845777,0.023060933950589623,-934.8728920863309,0.30084096844155267,-0.31343283582089554,2.055876580974874,-0.0974133076363344,0.5560357325375301,0.11377117949726347,-0.29236302094351596,0.273008916427384,4.4852039926384375,0.33335898817755744,2.061646634689927,Auto Parts,Consumer Cyclical,SRI
2017Q4,2017,Q4,2018-03-07,2017-12-31,18908000.0,207440000.0,13234000.0,0.67,61026000.0,0.2941862707,559037000.0,244072000.0,303369000.0,136124000.0,314965000.0,73471000.0,92264000.0,645781741.1999999,708822741.1999999,8.639894199597727,2.2286224324880255,0.2308326640276046,0.5287128388344423,0.05210109128764258,8.639894199597727,0.07746894359041594,3.1131013362900113,8.53847235561667,2.645865733062375,0.0,1.9928134910372801,0.0,0.37106667358332274,1.5312582645235226,0.03382244824582273,31.483119208268327,0.2941862707288855,1.3928571428571428,5.750692902706685,-0.12844797693475066,0.5251487660772466,-0.024348910454203905,1.3491116908932788,-0.004663056558363418,1.5762775500617536,0.18653760348968348,1.5519385931440908,Auto Parts,Consumer Cyclical,SRI
2017Q3,2017,Q3,2017-11-02,2017-09-30,8049000.0,203582000.0,13296000.0,0.28,62549000.0,0.3072422906,540269000.0,224529000.0,297173000.0,132748000.0,315740000.0,78643000.0,73356000.0,557368316.05,642100316.05,7.980215885829056,2.2386250640310967,0.25084356126300045,0.6035879552307274,0.02506607069295778,7.980215885829056,0.03584837593362104,2.7378074488412527,17.31172555752267,2.4823889833829926,0.0,1.7933318922218124,0.0,0.3768159935143419,1.4709524813933166,0.01489813407765391,38.781541612162535,0.30724229057578767,-0.12499999999999993,17.04543126918588,-0.127777569268779,0.4375778257629446,-0.013640521020594822,-0.10755072624459475,-0.1518244450114825,-0.15616760144005568,0.14496775234818526,0.718631310966517,Auto Parts,Consumer Cyclical,SRI
2017Q2,2017,Q2,2017-08-03,2017-06-30,9019000.0,209111000.0,15676000.0,0.32,63414000.0,0.303255209,520993000.0,208340000.0,286182000.0,126934000.0,312653000.0,76997000.0,65307000.0,433536187.12,533746187.12,7.4054242653367,2.25457324278759,0.27722061524818953,0.6932418162618796,0.028092754416002338,7.4054242653367,0.04328981472592877,2.0732347275848713,12.017302004656836,2.080907109148507,0.0,1.8922425549047366,0.0,0.40137007598950464,1.4322167425591252,0.017311173086778518,46.57172490278226,0.303255208956009,0.0,2.5989035936537648,-0.16161149295445612,0.3968229765668995,0.03700675377344606,-0.01999348038683038,0.03376417831706674,1.3944132747795286,0.23502320973287716,0.45939107578021726,Auto Parts,Consumer Cyclical,SRI
2017Q1,2017,Q1,2017-05-03,2017-03-31,9203000.0,204311000.0,15164000.0,0.32,61151000.0,0.2993035128,519546000.0,193150000.0,283113000.0,133218000.0,311907000.0,72728000.0,56288000.0,506408067.28000003,616725067.28,6.918809605105942,2.1251857857046343,0.29877238974027326,0.8036551902666321,0.029051181149250302,6.918809605105942,0.04764690654931401,2.4786138156046422,13.756602935999132,2.6218382981102772,0.0,1.968430315696843,0.0,0.39324910595019497,1.3954795898452161,0.01771354220800468,198.98155885265228,0.2993035127819843,-0.8117647058823529,0.4702639758960007,-0.26832628167271816,0.12252452104373367,0.27987191025345864,-0.8097256393822234,0.4910521140609636,17.0667181205347,-0.16859924856433983,0.19877302248711687,Auto Parts,Consumer Cyclical,SRI
2016Q4,2016,Q4,2017-03-02,2016-12-31,48367000.0,172612000.0,10170000.0,1.7,47779000.0,0.2767999907,394529000.0,178315000.0,240893000.0,112709000.0,202452000.0,60117000.0,45356000.0,491728930.00000006,525025930.00000006,6.414900888585099,2.137300481771642,0.21211621959348995,0.4693155371112918,0.20945697030820834,6.414900888585099,0.27124470739982615,2.8487528677032885,2.5416551057539234,2.7576419818859885,0.0,2.076500823394381,0.0,0.4375140990903077,1.4516498238827422,0.12259428330997214,22.082312286689422,0.27679999073065603,3.722222222222222,0.18270920333887214,-0.1248535425250432,0.283694973545157,-0.03957948058213395,3.7031310774017894,-0.1366723259762309,143.6862655901929,-0.29714429839261186,0.14921764982558677,Auto Parts,Consumer Cyclical,SRI
2016Q3,2016,Q3,2016-10-28,2016-09-30,10284000.0,173846000.0,11780000.0,0.36,49748000.0,0.2861613152,413602000.0,130917000.0,269723000.0,126529000.0,268981000.0,65200000.0,-3011000.0,511381429.59999996,565986429.5999999,4.71052068098016,2.131708936291285,0.2542661785968153,0.8032952175806045,0.04569092732434983,4.71052068098016,0.07855358738742868,2.94157719820991,12.43148166083236,3.9061499239976474,0.0,1.9033435582822087,0.0,0.4203219520215086,1.3660583739696037,0.024864483247179655,40.12408235386426,0.2861613151870046,-0.1219512195121951,0.9742468076291375,-0.2282941720282137,0.35510817928264804,-0.05692783075202366,-0.11122634171635987,-0.13547629531777483,0.9569636078817574,-0.28499126889943344,-0.18230274759065823,Auto Parts,Consumer Cyclical,SRI
2016Q2,2016,Q2,2016-08-03,2016-06-30,11571000.0,186903000.0,13626000.0,0.41,52751000.0,0.2822373103,419199000.0,119726000.0,275782000.0,130692000.0,285302000.0,68294000.0,-13295000.0,415197540.0,480709540.0,4.308085351372746,2.1101674165212865,0.28815908434896076,1.0089370729833118,0.05045656923409083,4.308085351372746,0.09664567428962799,2.2214600086675977,8.970649468498834,3.467897866795851,0.0,1.9643306879081617,0.0,0.4458574567210323,1.3843387506503841,0.027602642181875435,36.18909962520701,0.2822373102625426,0.5769230769230768,1.9904986605686035,-0.1466262897231441,0.03802349704193597,0.16806536613449657,0.5984251968503937,0.6019280507876793,0.9304191007060837,-0.26061376165178907,-0.21712237495938028,Auto Parts,Consumer Cyclical,SRI
2016Q1,2016,Q1,2016-05-05,2016-03-31,7239000.0,162616000.0,8506000.0,0.26,45161000.0,0.2777155999,393726000.0,104388000.0,255307000.0,124887000.0,275968000.0,69367000.0,-24866000.0,402961657.28000003,475621657.28000003,3.771796280220024,2.0443040508619794,0.30740413383926896,1.1594531938536996,0.03314869571557054,3.771796280220024,0.06934705138521668,2.477995137501845,13.916344014366626,3.8602296938345404,0.0,1.693240301584327,0.0,0.41301819031509224,1.2893415647745563,0.01838588256808034,-70.88155800879508,0.27771559994096523,0.18181818181818185,1.1745306140962108,-0.2689594663111997,-0.026729949200952636,0.06917777409503066,0.1898422090729783,0.3561862244897959,0.6875842362142971,-0.3368901418197988,-0.3613775197364674,Auto Parts,Consumer Cyclical,SRI
2015Q4,2015,Q4,2016-03-14,2015-12-31,6084000.0,154641000.0,6272000.0,0.22,42239000.0,0.2731423103,364252000.0,93119000.0,231909000.0,108050000.0,257823000.0,61009000.0,-32105000.0,406319200.0,470321200.0,3.391819042762439,2.146311892642295,0.3249481128449535,1.271093976524662,0.03188651912030956,3.391819042762439,0.06533575317604355,2.627499822168765,16.69621959237344,4.363440329041334,0.0,1.8423839105705715,0.0,0.4245439970130569,1.381749190189727,0.016702722291161064,12.518306734857354,0.2731423102540723,-0.15384615384615388,0.2025662381450222,-0.15684909137343983,-0.027635357256287203,-0.06437036216635286,-0.1741550156101534,-0.29898289929585337,1.2350943968791108,-0.3314569671344778,-0.4012625029520272,Auto Parts,Consumer Cyclical,SRI
2015Q3,2015,Q3,2015-11-04,2015-09-30,7367000.0,162057000.0,8947000.0,0.26,45145000.0,0.2785748224,365866000.0,85649000.0,235538000.0,116297000.0,265944000.0,71381000.0,-38189000.0,338658960.0,432264960.0,3.120864305494826,2.025314496504639,0.3359016689170352,1.4348678910436783,0.042717765987697484,3.120864305494826,0.08601384721362772,2.089752124252578,11.492431111714401,3.9540328550245767,0.0,1.637858813970104,0.0,0.4429408581283858,1.22001427379898,0.020135787419437716,46.977245110278815,0.2785748224390184,0.040000000000000036,8.407872575818402,-0.11768669607937525,-0.06745579144503619,-0.017433508901754234,0.05559535750107465,0.20660822656776803,15.932707228675516,-0.288186761824689,-0.43779900356313,Auto Parts,Consumer Cyclical,SRI
2015Q2,2015,Q2,2015-08-03,2015-06-30,6979000.0,165289000.0,7415000.0,0.25,45946000.0,0.2779737309,391498000.0,90101000.0,246357000.0,127132000.0,283044000.0,82117000.0,-45556000.0,319776680.0,424548680.0,3.2994360626922514,1.9378048013088758,0.3260093282724305,1.4165436565631901,0.03623726657917142,3.2994360626922514,0.0774575198943408,1.9346519127104647,11.454960596073938,3.5490913530371473,0.0,1.4533287869746825,0.0,0.4221962819733434,1.0801057168926784,0.01782640013486659,-386.2037198067633,0.27797373085928284,2.1249999999999996,0.4606826645551773,-0.12755413038712685,0.05116834493126749,0.05264846041055719,1.9773890784982935,1.372040946896993,2.2746469492510335,-0.3172759365797175,-0.37765508943836074,Auto Parts,Consumer Cyclical,SRI
2015Q1,2015,Q1,2015-05-07,2015-03-31,2344000.0,162825000.0,3126000.0,0.08,43648000.0,0.268066943,377321000.0,81484000.0,236368000.0,120103000.0,277516000.0,71942000.0,-52535000.0,306476906.16999996,405995906.16999996,3.0017085838425603,1.968044095484709,0.3270106885119037,1.5142604683127976,0.014261431527978445,3.0017085838425603,0.028766383584507386,1.8822472358053122,32.68738333724402,3.7611912298119874,0.0,1.6565705707375387,0.0,0.43152912241831226,1.1450504983222733,0.006212217183777209,-24.00163725976975,0.2680669430370029,1.0689655172413794,0.369188191698246,-0.03267416260224986,-0.02063367105026106,-0.027905837286474687,1.0748738261036224,-0.5594701240135288,-0.6148915734067372,-0.40033829843791036,-0.5129954887175797,Auto Parts,Consumer Cyclical,SRI
2014Q4,2014,Q4,2015-03-13,2014-12-31,-31306000.0,166811000.0,7096000.0,-1.16,44901000.0,0.2691728963,398751000.0,91256000.0,245511000.0,120314000.0,284945000.0,71253000.0,-54879000.0,346628440.0,433913440.0,3.3856199450916376,2.0405854680253337,0.3267853873720693,1.427917068466731,0.030972508387041648,3.3856199450916376,-0.3430568948891032,2.077971117012667,-2.7680671436785276,3.7984180766196194,0.0,1.7109455040489523,0.0,0.41833374712539906,1.231136858553452,-0.07851014793693308,22.107815549461062,0.2691728962718286,-4.515151515151515,-202.93875840757022,0.10465932071003217,0.16220231853357728,-0.09382441977800202,-4.425913766688553,-0.12814842118196337,-1.789461780039453,-0.127813935361189,-0.3224987601005691,Auto Parts,Consumer Cyclical,SRI
2014Q3,2014,Q3,2014-11-10,2014-09-30,9138000.0,170338000.0,8139000.0,0.33,49550000.0,0.290892226,511736000.0,125157000.0,321842000.0,186780000.0,355196000.0,86187000.0,-28325000.0,303771580.0,446060580.0,4.643355346145285,1.7231073990791306,0.358073303422077,1.46407312415606,0.030281836787834783,4.643355346145285,0.07301229655552625,1.7833459357277883,8.310669183628802,2.427124172039918,0.0,1.401464257950735,0.0,0.33286303875435774,0.8187921619017026,0.017856863695342912,-318.41884696016774,0.2908922260446876,1.3113207547169812,10.555756386853362,0.27262506136859427,0.5785893432690167,0.026198612405508956,1.4174127535172665,0.3811301544204989,0.8088161879550013,-0.22034489447154101,0.33578626122664684,Auto Parts,Consumer Cyclical,SRI
2014Q2,2014,Q2,2014-08-11,2014-06-30,-21892000.0,162099000.0,5893000.0,-1.06,48285000.0,0.2978735217,583608000.0,136672000.0,384694000.0,167694000.0,413258000.0,97126000.0,-28195000.0,288732769.44,448077769.44,5.074324756561653,2.2940236382935586,0.35143795150169294,1.5006877780379302,0.017296878042329687,5.074324756561653,-0.16017911496136736,1.7812125271593287,-3.2972406522930755,2.112596357995786,0.0,1.1718180507794,0.0,0.2777532179133939,0.8864300452013787,-0.037511480308700364,259.41848107816713,0.29787352173671644,-60.217877094972074,0.032896946261249865,0.3835960625616672,0.7970245467118027,-0.11870996002847287,-45.67755102040816,0.0056313993174061435,-6.83795900780164,-0.23632916337993876,0.22264716209817279,Auto Parts,Consumer Cyclical,SRI
2014Q1,2014,Q1,2014-05-08,2014-03-31,490000.0,236389000.0,5860000.0,0.0179,54789000.0,0.2317747442,612956000.0,154990000.0,362398000.0,171709000.0,418059000.0,129644000.0,-6303000.0,301570610.91,458779610.91,5.77157599922574,2.110535848441258,0.33548248161368843,1.3267694689979999,0.008654636539023085,5.77157599922574,0.003161494289954191,1.2757387649594525,153.8625565867347,1.945742376346861,0.0,1.4007590015735398,0.0,0.3856541089409354,1.1590889237023103,0.0007994048512454401,-14.514636901862637,0.23177474417168312,0.5169491525423728,1.0369726271439532,0.7058062754845281,0.7205907816973212,0.02307993949918772,0.5264797507788161,-0.14850334205172916,-0.8483033049303176,0.09521286483529463,0.48929095015421115,Auto Parts,Consumer Cyclical,SRI
2013Q4,2013,Q4,2014-03-07,2013-12-31,321000.0,235824000.0,6882000.0,0.0118,53553000.0,0.2270888459,588322000.0,148994000.0,340236000.0,153722000.0,399788000.0,114058000.0,-7771000.0,340323000.0,474730000.0,5.581972126479844,2.213320149360534,0.3352449848892273,1.3237580036780006,0.004600272533498724,5.581972126479844,0.0021544491724498974,1.4431228373702423,265.0490654205608,2.284138958615783,0.0,1.5980553753353557,0.0,0.40084171593107176,1.278678393463525,0.0005456195756745456,23.604036620890554,0.22708884591899042,-0.9378947368421052,1.0026032790483081,0.3123451285517673,0.42740027001158537,0.0006352884022496684,-0.9363978601149198,-0.35712283979448856,-0.9347396577408715,0.32249237767603645,0.6002364112412616,Auto Parts,Consumer Cyclical,SRI
2013Q3,2013,Q3,2013-11-01,2013-09-30,5047000.0,233511000.0,10705000.0,0.19,53519000.0,0.229192629,603604000.0,153765000.0,345730000.0,161434000.0,408416000.0,118976000.0,-7975000.0,288540520.0,439145520.0,5.760714820920126,2.1416182464660483,0.32581295021239093,1.2789776607160277,0.02579469724178696,5.760714820920126,0.032822814034403146,1.2356613607067761,14.292674856350308,1.8765032354567035,0.0,1.5128429263044647,0.0,0.38686125340455,1.2205916969163868,0.008361442270097613,25.355054481546574,0.2291926290410302,-0.09523809523809519,13.157924731120819,0.14751206834189456,-0.3709871641203655,-0.11127532381268682,-0.1233281222859128,-0.09471458773784355,5.626746476811941,0.30715976302355197,0.721356879864098,Auto Parts,Consumer Cyclical,SRI
2013Q2,2013,Q2,2013-08-02,2013-06-30,5757000.0,242785000.0,11825000.0,0.21,60220000.0,0.2480383879,594406000.0,146883000.0,335499000.0,156962000.0,406314000.0,109812000.0,-13022000.0,317634800.0,479898800.0,5.502884759478495,2.1374536512022018,0.3352708418151903,1.3567737587059088,0.029046497225789093,5.502884759478495,0.03919446089744899,1.308296641061021,13.793416710092062,2.1625021275436915,0.0,1.6625232215058463,0.0,0.40844978011662064,1.2448490717498504,0.009685299273560495,-303.66615678776293,0.24803838787404495,0.4,0.07224275388423687,-0.006679592627112315,-0.43150887069787475,0.025387798191694053,0.39631336405529954,0.14895064127477653,0.23272920239247544,0.3110678505171684,0.7531657395562752,Auto Parts,Consumer Cyclical,SRI
2013Q1,2013,Q1,2013-05-09,2013-03-31,4123000.0,235710000.0,10292000.0,0.15,58729000.0,0.2491578635,624872000.0,157111000.0,343497000.0,165538000.0,423084000.0,103115000.0,-18779000.0,194189358.6,358617358.6,5.906143921935793,2.075034131136053,0.3379124044604335,1.3439670042199463,0.022576158308736133,5.906143921935793,0.026242592816543717,0.823848621611302,11.774761011399466,1.2360010349370827,0.0,1.7163458274741794,0.0,0.3772132532742706,1.2418659159830372,0.006598151301386524,-30.285302339363692,0.24915786347630564,0.4999999999999999,-0.4487313189307992,0.01607219039147969,-0.3695398552041694,0.07544543939643648,0.5730637161388783,8.051890941073,1.4576504766369598,0.42899580805141757,0.9269953526502812,Auto Parts,Consumer Cyclical,SRI
2012Q4,2012,Q4,2013-03-08,2012-12-31,2621000.0,222725000.0,1137000.0,0.1,54609000.0,0.2451857672,592691000.0,149753000.0,311054000.0,153469000.0,398857000.0,96032000.0,-22902000.0,135347200.0,292188200.0,5.664951768488746,2.0268197486137267,0.3397993220750779,1.3448545271213264,0.003128317899430154,5.664951768488746,0.017502153546172697,0.6076875070153777,12.909881724532621,0.9038029288227949,0.0,1.750624791736088,0.0,0.3757860335318066,1.2123490737543088,0.004422203137891414,4.6025504131669335,0.24518576720170615,3.6082949308755765,-0.6437617260527908,0.05778358863651709,-0.3602274278403361,0.06579101448143955,5.255369928400954,-0.8281179138321996,18.409372600941264,0.5038916649611119,0.9446423953354596,Auto Parts,Consumer Cyclical,SRI
2012Q3,2012,Q3,2012-11-09,2012-09-30,419000.0,219256000.0,6615000.0,0.0217,51238000.0,0.2336902981,618000000.0,146717000.0,329494000.0,172846000.0,427020000.0,108569000.0,-25523000.0,135057300.0,321787300.0,5.551153991676125,1.9062865209492843,0.35970226537216826,1.5151345788149977,0.010862685656663104,5.551153991676125,0.0028558381101031235,0.6159799503776408,80.58311455847254,0.9205293183475671,0.0,1.5475688271974504,0.0,0.3547831715210356,1.091567059694757,0.0006779935275080906,7.1686464968152865,0.2336902980990258,1.1085,-0.8598094229140767,0.1143116535997285,-0.34794916730115777,-0.04511824670605118,1.0790864477161193,0.5203401516892668,1.4468420129000754,0.6705769133632687,0.8872112687606082,Auto Parts,Consumer Cyclical,SRI
2012Q2,2012,Q2,2012-08-09,2012-06-30,-5298000.0,234265000.0,4351000.0,-0.2,53659000.0,0.2290525687,640520000.0,140090000.0,349712000.0,202104000.0,456135000.0,116494000.0,-25942000.0,179947440.0,385731440.0,5.301619739630639,1.7303566480623838,0.3824205333166802,1.7485045328003426,0.009684304664100437,5.301619739630639,-0.0378185452209294,0.768136255949459,-8.491291053227632,1.28451309872225,0.0,1.5503459405634625,0.0,0.3657418972085181,0.9870809088390136,-0.008271404483856866,93.14049689440994,0.22905256867223017,-1.9090909090909092,-2.719609092088656,0.11489437382536888,-0.360940174798712,-0.17622585894562315,-1.901173668991325,-0.6327960165414803,0.7614375976210473,1.0381639726674532,0.8775189343426367,Auto Parts,Consumer Cyclical,SRI
2012Q1,2012,Q1,2012-05-10,2012-03-31,5879000.0,262267000.0,11849000.0,0.22,65138000.0,0.2483652156,691898000.0,161610000.0,378109000.0,222118000.0,479366000.0,120351000.0,-22384000.0,259315800.00000003,469546800.0,6.163615560640732,1.7022888734816628,0.365899308857664,1.5665181610048884,0.023570890302628728,6.163615560640732,0.03637769939978962,0.9887473452626523,11.027207007994559,1.604577687024318,0.0,1.6379506609832906,0.0,0.37905442709763576,1.0154782593036134,0.00849691717565306,-262.99776876267754,0.24836521560089528,-0.8503401360544218,0.05847543374103492,0.24283214636061337,-0.23559117384784042,1.0155331394269447,-0.8475955930006481,-0.8249519869995569,1.4543225187697033,0.9383074500526594,0.8374634791237756,Auto Parts,Consumer Cyclical,SRI
2011Q4,2011,Q4,2012-03-15,2011-12-31,38575000.0,186048000.0,67690000.0,1.47,32318000.0,0.1737078603,697657000.0,131027000.0,390123000.0,258703000.0,517018000.0,120645000.0,-28263000.0,221034600.0,409441600.0,4.997215865751335,1.507995655249456,0.38290735992041935,2.038801163119052,0.10349600130519229,4.997215865751335,0.29440496996802185,1.1880514705882352,1.43249902786779,1.6869393331145488,0.0,1.274234323842679,0.0,0.266675457997268,0.9318987410273557,0.05529221379560443,17.30754052149401,0.1737078603371173,7.166666666666667,22.32621189405297,-0.047226916577047216,-0.35682058898890845,-0.13705909054497878,7.517332744535217,8.674146062598256,1.318471119295884,0.053982734205017924,0.27786866620882456,Auto Parts,Consumer Cyclical,SRI
2011Q3,2011,Q3,2011-11-07,2011-09-30,4529000.0,195864000.0,6997000.0,0.18,37451000.0,0.1912092064,413362000.0,83997000.0,268160000.0,142608000.0,325272000.0,72229000.0,-66838000.0,126136080.0,265866080.0,3.476121503062407,1.88039941658252,0.4426265597708546,2.1782325559246165,0.019237032701799998,3.476121503062407,0.05391859233067848,0.6439982845239554,6.962689335394127,1.5016736312011143,0.0,2.193204945382049,0.0,0.4738316536111205,1.2145672052058791,0.010956498178352146,-138.61107692307692,0.19120920638810604,0.28571428571428553,-0.026703815349236736,0.07603898228991733,-0.5370297456774674,-0.00707884829524365,0.3463139120095125,-0.05611763118845272,13.051490297072567,0.06320455044914025,-0.6204420610159243,Auto Parts,Consumer Cyclical,SRI
2011Q2,2011,Q2,2011-08-05,2011-06-30,3364000.0,190417000.0,7413000.0,0.14,37718000.0,0.1980810537,408806000.0,100279000.0,259659000.0,120254000.0,304287000.0,73322000.0,-71367000.0,356147880.0,488937880.0,4.150277294925917,2.1592545778103016,0.4139812037983787,1.6876713968029198,0.020262714320222412,4.150277294925917,0.033546405528575275,1.8703575836191095,26.467589179548156,3.5515699199234136,0.0,2.0825809443277596,0.0,0.46578817336340467,1.3511982969381475,0.008228842042435777,-20.454162646450722,0.19808105368743337,0.16666666666666682,-0.34910719379024574,-0.02876015821840103,-0.43043372489643916,-0.04001018070755918,0.16441675320179994,0.1064179104477612,-0.3078485805781089,-0.13936012952206056,-0.5712438240242192,Auto Parts,Consumer Cyclical,SRI
2011Q1,2011,Q1,2011-05-10,2011-03-31,2889000.0,193044000.0,6700000.0,0.12,39290000.0,0.2035287292,411986000.0,93079000.0,272141000.0,131818000.0,314689000.0,65667000.0,-74731000.0,351143160.0,466004160.0,3.875385127820801,2.06452077864935,0.40804056448520093,1.8060679637727093,0.020469719121583862,3.875385127820801,0.031038150388379763,1.8189799216758873,30.38622014537902,3.7725282824267556,0.0,2.3414195867026057,0.0,0.4685693203167098,1.3895901925381966,0.007012374206890526,-17.71839539812292,0.20352872920163279,-0.3333333333333333,-0.2730545666539848,0.018632804402899248,-0.446373553168457,0.10185652588479444,-0.34726615454134657,-0.31716265796983284,-0.5721778621738599,-0.07834455817170957,-0.5863162325335437,Auto Parts,Consumer Cyclical,SRI
2010Q4,2010,Q4,2011-02-25,2010-12-31,4426000.0,160454000.0,9812000.0,0.18,35658000.0,0.2222319169,383605000.0,83780000.0,246845000.0,112783000.0,295517000.0,51828000.0,-80751000.0,682639596.0,778568596.0,3.4882171704554916,2.188672051638988,0.4376976316784192,2.004094055860587,0.04454166008686529,3.4882171704554916,0.05282883743136787,4.254425542523091,38.5584950293719,8.148001862019575,0.0,2.4078876283090223,0.0,0.41827921950965186,1.5478751230238599,0.01153791008980592,277.2703476848091,0.22223191693569497,5.0,2.413694150925614,-0.0005667452269949038,-0.4857976779854689,-0.01032472939217319,5.470760233918129,0.10210041559025047,-0.3378941260803356,-0.16127250622978653,-0.6060574277423791,Auto Parts,Consumer Cyclical,SRI
2010Q3,2010,Q3,2010-10-28,2010-09-30,684000.0,160436000.0,8903000.0,0.03,36030000.0,0.2245755317,400055000.0,80225000.0,263909000.0,118910000.0,315417000.0,51336000.0,-85177000.0,453502296.0,551848296.0,3.346612714833973,2.2194012278193593,0.4580370199097624,2.284076036148333,0.00835784494677638,3.346612714833973,0.008526020567154877,2.826686628936149,165.75376315789475,5.652879975070116,0.0,2.4233676172666354,0.0,0.40103485770706526,1.6371541501976286,0.0017097649073252428,62.03013212966762,0.2245755316761824,-0.823529411764706,1.1969767685629185,-0.04169757869810815,-0.5180955724973902,-0.0906108026249369,-0.8368709754352492,0.08931848770341368,-0.7476787680865773,-0.10102025781460396,-0.6068994643816142,Auto Parts,Consumer Cyclical,SRI
2010Q2,2010,Q2,2010-07-30,2010-06-30,4193000.0,166262000.0,8173000.0,0.17,39620000.0,0.238298589,377893000.0,75222000.0,248916000.0,104448000.0,298223000.0,47061000.0,-85861000.0,327409830.0,436091830.0,3.138827456707699,2.383157169117647,0.48503147716417083,2.436654170322512,0.02690191510185259,3.138827456707699,0.055741671319560766,1.9692402954373218,19.521215716670643,4.352580760947595,0.0,2.691018040415631,0.0,0.439971102931253,1.7369504442401962,0.011095733448357075,-90.84623473917868,0.23829858897402895,1.8333333333333337,0.4105848560233824,-0.12676091351629176,-0.5549021267144789,0.18173412473528797,1.7841965471447543,1.0644102045971204,0.5005959448438065,-0.12755020833531364,-0.6216442098202285,Auto Parts,Consumer Cyclical,SRI
2010Q1,2010,Q1,2010-05-10,2010-03-31,1506000.0,148074000.0,3959000.0,0.06,33527000.0,0.2264205735,375522000.0,73191000.0,247386000.0,104890000.0,297862000.0,45632000.0,-90054000.0,425111760.0,528425760.0,3.0649497487437185,2.3585279816951092,0.4882856397228391,2.5052533781475863,-3.814154710072902,3.0649497487437185,0.02057630036479895,2.8709412861137,70.56968127490039,5.808251834241915,0.0,2.51023404628331,0.0,0.3943151133621998,1.7467823434073793,0.004010417498841613,-39.029724568490636,0.22642057349703526,11.526315789473683,-0.6725770647699473,-0.2221753513651531,-0.5609416513997767,0.1960686382933181,12.073529411764707,36.99090909090909,-0.7022850391588332,-0.22954726232933056,-0.6198863124083308,Auto Parts,Consumer Cyclical,SRI
2009Q4,2009,Q4,2010-03-16,2009-12-31,-136000.0,133785000.0,-110000.0,-0.0057,28031000.0,0.2095227417,362525000.0,69565000.0,230670000.0,87774000.0,288468000.0,40244000.0,-91560000.0,387285840.0,478809840.0,2.913107202680067,2.627999179711532,0.505981656437487,2.6368288650902034,-8.100187625468983e-05,2.913107202680067,-0.001955006109394092,2.8948375378405653,-711.9224999999999,5.567251347660461,0.0,2.6278202961932213,0.0,0.36903661816426453,1.9730102308200606,-0.00037514654161781947,29.377671243267844,0.20952274171244908,0.8394366197183099,0.9988785538962548,-0.22424269514986048,-0.5763399890964306,0.03500350773547982,0.8386714116251482,-1.015006821282401,-1.09029746433316,-0.24773602997318747,-0.6250611089920909,Auto Parts,Consumer Cyclical,SRI
2009Q3,2009,Q3,2009-11-09,2009-09-30,-843000.0,117992000.0,7330000.0,-0.0355,27083000.0,0.2295325107,353401000.0,69892000.0,226885000.0,86531000.0,283509000.0,37541000.0,-91342000.0,302810184.0,401368184.0,2.9414586928159587,2.6220082976043266,0.5178253598603286,2.6183254163566647,-0.03707755122731142,2.9414586928159587,-0.01206146626223316,2.5663619906434336,-89.80135943060498,4.332544268299663,0.0,2.4215923923177325,0.0,0.33387568229857867,1.9725531890305208,-0.0023853922314877435,-150.35262363455809,0.22953251067869007,0.9577380952380953,-1.2047625700811,-0.3159752018278567,-0.7513802239553253,0.9919829361576934,0.9573466909532483,1.5752629100612148,-1.1842359540363778,-0.34078047670397354,-0.6082392753266829,Auto Parts,Consumer Cyclical,SRI
2009Q2,2009,Q2,2009-08-06,2009-06-30,-19764000.0,102290000.0,-12742000.0,-0.84,13596000.0,0.1329162186,341829000.0,66403000.0,218263000.0,80060000.0,275426000.0,43683000.0,-90499000.0,203178240.0,300697240.0,2.823737030107161,2.726242817886585,0.535355396996744,2.7558995828501724,-0.051604375624726494,2.823737030107161,-0.2976371549478186,1.9862962166389677,-2.5700546448087436,3.0597750101652035,0.0,2.030400842432983,0.0,0.2992431888458849,1.950662003497377,-0.057818382875648354,-30.803250454821104,0.13291621859419298,-0.7142857142857143,-3.046704423719322,-0.44779744351391315,-0.7564328274762367,-0.2946303501945525,-0.7067357512953368,-0.6331709817995386,-4.929142304365022,-0.46392768626498493,-0.6124824276015428,Auto Parts,Consumer Cyclical,SRI
2009Q1,2009,Q1,2009-05-08,2009-03-31,-11580000.0,121085000.0,-7802000.0,-0.49,19275000.0,0.159185696,362679000.0,78708000.0,237280000.0,89941000.0,283971000.0,48158000.0,-70735000.0,89116272.0,182939272.0,3.3544152744630074,2.6381739140102956,0.5045784288585774,2.3250495502363164,-0.025220721722534565,3.3544152744630074,-0.14712608629364232,0.7359811041830119,-1.9239264248704664,1.132239060832444,0.0,2.114082810747955,0.0,0.3338627270947587,1.9490666103334409,-0.031929061235968996,-32.441307608299965,0.15918569599867863,0.8939393939393939,-2.208481057052209,-0.3382576654684646,-0.7010515821790669,-0.35255785831849784,0.8931675184973338,-39.433497536945815,-3.982617905544869,-0.3459868403823161,-0.520797817933856,Auto Parts,Consumer Cyclical,SRI
2008Q4,2008,Q4,2009-03-16,2008-12-31,-108394000.0,157965000.0,203000.0,-4.62,29771000.0,0.1884657994,382437000.0,91758000.0,254591000.0,94204000.0,290679000.0,54800000.0,-59155000.0,192592512.0,282900512.0,3.910586430276168,2.7025497855717378,0.4785101859914182,1.9943765121297325,0.0011173969214911047,3.910586430276168,-1.1813029926545915,1.2192100275377458,-0.4441955089765116,2.0989179363107304,0.0,2.3393065693430657,0.0,0.4130484236619365,2.0086938983482656,-0.2834296890729715,37.24473254689615,0.18846579938593994,-295.1538461538462,-22.521842722769296,0.0046932399342899545,-0.637355870832298,-0.1577026453529495,-296.7857142857143,-0.9661553851283762,-34.43921432437194,0.007161022414778146,-0.4235357133386431,Auto Parts,Consumer Cyclical,SRI
2008Q3,2008,Q3,2008-11-07,2008-09-30,-364000.0,178434000.0,5998000.0,-0.0156,35345000.0,0.1980844458,522127000.0,214351000.0,299440000.0,120329000.0,307776000.0,67543000.0,49239000.0,473951250.0,567340250.0,9.158342234565264,2.4885106665891015,0.3504894403085839,0.8537398939123214,-0.011190565733381948,9.158342234565264,-0.0016981492971807923,2.656171189347322,-325.5159684065934,2.211098851883126,0.0,2.1184874820484727,0.0,0.3417444414864583,1.7031222731012474,-0.0006971483949307352,40.23696833347483,0.1980844457894796,-1.078,-1.109016430632836,0.213135957525724,-0.12492080364033148,-0.28384730720914214,-1.0777113578138344,-0.5858592832976594,0.892636684635258,0.09162631094931188,0.3187799268969485,Auto Parts,Consumer Cyclical,SRI
2008Q2,2008,Q2,2008-08-07,2008-06-30,4684000.0,213229000.0,14483000.0,0.2,49354000.0,0.2314600734,546394000.0,225404000.0,321317000.0,132913000.0,320990000.0,70175000.0,49603000.0,715066488.0,816724488.0,9.67980760972258,2.4174986645399623,0.33492315069345563,0.8118755656510088,0.018992229825794096,9.67980760972258,0.020780465297865168,3.353514240558273,38.165376174210074,3.17237710067257,0.0,2.3352333452084078,0.0,0.39024769671702103,1.6839135374267378,0.0085725685128314,-328.46416536518143,0.23146007344216782,-0.28571428571428575,-0.2816039157783527,0.3355615691384622,-0.053128898201754315,-0.04753266302564795,-0.28455781273865893,0.02621696308368171,0.621712189868847,0.15257441969979607,0.3726341572848509,Auto Parts,Consumer Cyclical,SRI
2008Q1,2008,Q1,2008-05-09,2008-03-31,6547000.0,203070000.0,14113000.0,0.28,51817000.0,0.2551681686,547061000.0,218143000.0,321697000.0,134604000.0,328918000.0,66591000.0,44919000.0,563754060.0,664481060.0,9.367989349823928,2.3899512644497936,0.3454824964674872,0.8664041477379517,0.019464955167774543,9.367989349823928,0.03001242304359984,2.776156300782981,21.52719031617535,2.584332570836562,0.0,2.2713730083644936,0.0,0.37120174898228897,1.6734718136162372,0.011967586795622426,181.27140192926046,0.25516816861180874,0.0,-0.10086252056251399,0.22438038317733192,-0.05518774799767868,0.0767392569196243,0.01018361363987039,0.09031211372064277,0.45970768966829545,0.0939263694147687,0.34197760838463187,Auto Parts,Consumer Cyclical,SRI
2007Q4,2007,Q4,2008-03-17,2007-12-31,6481000.0,185476000.0,12944000.0,0.28,48124000.0,0.2594621407,527769000.0,206189000.0,301359000.0,116571000.0,321580000.0,57392000.0,38372000.0,336994992.0,441070992.0,8.854633685476252,2.5851970044007513,0.37895367101894956,0.9699838497689014,0.019123113916227466,8.854633685476252,0.031432326651761246,1.816919666156268,12.99934392840611,1.6343984984650006,0.0,2.393225536660162,0.0,0.35143405542955347,1.871923548738537,0.012279993709369061,15.50542891322352,0.25946214065431644,1.5454545454545459,0.3973472844618817,0.2033803108498874,-0.08124286101083372,0.2707684182730393,1.468952380952381,1.4702290076335878,1.0548050967562943,0.10292403600309141,0.28775013850665193,Auto Parts,Consumer Cyclical,SRI
2007Q3,2007,Q3,2007-11-09,2007-09-30,2625000.0,172814000.0,5240000.0,0.11,37870000.0,0.2191373384,523153000.0,197621000.0,278386000.0,119702000.0,325532000.0,57591000.0,31891000.0,439561368.0,571912368.0,8.513376125446948,2.325658719152562,0.38229733940166644,1.0120381943214536,0.011508064974921378,8.513376125446948,0.01328300130046908,2.5435518418646637,41.86298742857143,2.22426446582094,0.0,2.343143894011217,0.0,0.3303316620567979,1.6003492005146114,0.005017652579646872,987.7783550561797,0.2191373384100825,0.0,-0.40482533182202063,0.03817104679705308,-0.10561493358076136,-0.02602746772285376,-0.025974025974025976,-0.04327186415921125,-0.34734187644043346,0.02549051901491347,-0.28042720067354987,Auto Parts,Consumer Cyclical,SRI
2007Q2,2007,Q2,2007-08-09,2007-06-30,2695000.0,183802000.0,5477000.0,0.11,38882000.0,0.2115428559,510465000.0,191753000.0,267002000.0,113096000.0,318712000.0,57261000.0,29266000.0,513408168.0,647342168.0,8.295967811715844,2.360843884841197,0.3917996336673425,1.0430084535835162,0.011210388592032772,8.295967811715844,0.014054538912037883,2.7932675814191357,47.62598961038961,2.6774452968141302,0.0,2.5308674315851976,0.0,0.3600677813366244,1.5905425479238877,0.005279500063667441,101.30390055248618,0.21154285589928293,-0.47619047619047616,-0.7458059528995152,0.050594271069183364,-0.08105132890364412,-0.09253856746096577,-0.446611909650924,-0.4358842311257596,-0.7160594657655263,0.009494157175732263,-0.2844144473428189,Auto Parts,Consumer Cyclical,SRI
2007Q1,2007,Q1,2007-05-10,2007-03-31,4870000.0,185028000.0,9709000.0,0.21,42847000.0,0.2315703569,508295000.0,185374000.0,258337000.0,117481000.0,322921000.0,60200000.0,26591000.0,428717520.0,574450520.0,8.06324488908221,2.198968343817298,0.39347229463205424,1.078899953607302,0.020256456599212068,8.06324488908221,0.026271213870337803,2.317041312666191,22.008086242299793,2.3127165621931876,0.0,2.3618106312292357,0.0,0.3640169586558986,1.4819843208689065,0.009581050374290521,-36.13904745848436,0.2315703569189528,2.328050713153724,-0.14921862246786122,0.14281060980706625,-0.3204760869773449,0.18884048722288505,2.3586206896551722,2.4824246771879483,-0.4812915442119174,0.0320461220718575,-0.2813965758966035,Auto Parts,Consumer Cyclical,SRI
