Year,Date,FillingDate,NetIncome,Revenue,OperatingIncome,EPSDiluted,GrossProfit,GrossProfitRatio,TotalAssets,CommonStockEquity,CurrentAssets,CurrentLiability,TotalLiability,Inventory,RetainedEarnings,EnterpriseValue,bookValuePerShare,currentRatio,debtToAssets,debtToEquity,roic,shareholdersEquityPerShare,roe,priceToSalesRatio,peRatio,pbRatio,payoutRatio,inventoryTurnover,dividendYield,assetTurnover,quickRatio,returnOnAssets,priceToFreeCashFlowsRatio,grossProfitMargin,epsdilutedGrowth,fiveYNetIncomeGrowthPerShare,fiveYRevenueGrowthPerShare,fiveYShareholdersEquityGrowthPerShare,grossProfitGrowth,netIncomeGrowth,operatingIncomeGrowth,threeYNetIncomeGrowthPerShare,threeYRevenueGrowthPerShare,threeYShareholdersEquityGrowthPerShare,Industry,Sector,Price,MarketCap,AvgVolume,Symbol
2022,2022-12-31,2023-03-02,-14056000.0,899923000.0,-3599000.0,-0.52,174926000.0,0.1943788524,652105000.0,280942000.0,409551000.0,177692000.0,371163000.0,152580000.0,201692000.0,712730480.0,10.306772323721477,2.30483645859127,0.27579300879459595,0.640153483637192,-0.010033424942467822,10.306772323721477,-0.05003167913661895,0.6530364042256949,-41.8100796812749,2.091828491290017,0.0,4.751586053217984,0.0,1.3800277562662455,1.198438871755622,-0.021554810958357932,-23.694007982905294,0.19437885241292865,-5.333333333333334,-1.320522987752888,0.12454862177401421,0.18585819100407464,0.048352491339941746,-5.126834997064004,0.725120293286489,-1.2377032256422298,0.0998023617077238,-0.011928719780108931,Auto Parts,Consumer Cyclical,19.38,533207754,141372,SRI
2021,2021-12-31,2022-02-28,3406000.0,770462000.0,-13093000.0,0.12,166858000.0,0.21656876,665399000.0,295950000.0,410824000.0,173066000.0,369449000.0,138115000.0,215748000.0,633800360.0,10.915025448107988,2.373799590907515,0.27670164818402193,0.6221219800642,-0.007244631905918306,10.915025448107988,0.01150870079405305,0.6946875511057001,157.14338226658836,1.8085161682716675,0.0,4.370300112225319,0.0,1.1578947368421053,1.36326603723435,0.005118733271315406,-8.45826198264827,0.2165687600426757,1.4137931034482758,-0.9549753870292516,0.13356069824119352,0.6994911619396583,0.08211626760746063,1.4284276729559748,-1.846304347826087,-0.9337432090790787,-0.06827257901422588,0.09440791615359082,Auto Parts,Consumer Cyclical,19.38,533207754,141372,SRI
2020,2020-12-31,2021-02-24,-7950000.0,648006000.0,-4600000.0,-0.29,154196000.0,0.2379545868,621408000.0,296634000.0,334664000.0,146048000.0,324774000.0,90548000.0,212342000.0,902153750.0,10.976281221091583,2.291465819456617,0.2560427287707915,0.5363747918310106,-0.00723745565574109,10.976281221091583,-0.02680070389773256,1.2607379406980799,-102.76298742138364,2.7541203975269184,0.0,5.453571586340947,0.0,1.042802796230496,1.4424298860648554,-0.012793526958133787,-213.80940853179797,0.2379545868402453,-1.136150234741784,-1.3531253120088336,0.0165926198179125,2.2224312548695937,-0.27855782682131447,-1.1318604766880629,-1.1175929239736182,-1.182849108446187,-0.18326682283870904,0.26288934925224444,Auto Parts,Consumer Cyclical,19.38,533207754,141372,SRI
2019,2019-12-31,2020-02-27,60291000.0,834289000.0,39118000.0,2.13,213733000.0,0.2561858061,602209000.0,289904000.0,331266000.0,138596000.0,312305000.0,93449000.0,206542000.0,892555440.0,10.431203223949337,2.390155560045023,0.2442623740262932,0.507399001048623,0.07579364712754724,10.431203223949337,0.2079688448589878,0.9767136328058982,13.515473951336022,2.810797505381092,0.0,6.6405847039561685,0.0,1.3853811550475001,1.5005267107275824,0.10011640476977263,-54.46206656864056,0.2561858061175444,0.15135135135135125,2.1406919563440843,0.22352130217146965,2.0776027395635572,-0.16715829342519026,0.11965161194473332,-0.4161841084114381,-0.22244409739067755,0.1975230029740567,0.6241590797730386,Auto Parts,Consumer Cyclical,19.38,533207754,141372,SRI
2018,2018-12-31,2019-02-28,53848000.0,866199000.0,67004000.0,1.85,256631000.0,0.2962725655,559519000.0,283266000.0,320177000.0,147307000.0,276253000.0,79278000.0,146251000.0,717533300.0,9.973452573762412,2.173535541420299,0.1760726624118216,0.34778617977448756,0.1452627128746164,9.973452573762412,0.19009694068472743,0.8082545696774067,13.001584088545535,2.4715613592877363,0.0,7.688993163298772,0.0,1.5481136476151838,1.494620079154419,0.09623980597620456,13.529989370953714,0.2962725655420983,0.178343949044586,2.341891322089458,-0.14182155167323476,0.7853199027800936,0.034218586281937614,0.19188118373580645,0.16792748823426878,1.2758732816823577,0.2930114865314764,1.9280194854059516,Auto Parts,Consumer Cyclical,19.38,533207754,141372,SRI
2017,2017-12-31,2018-03-07,45179000.0,824444000.0,57370000.0,1.57,248140000.0,0.3009785989,559037000.0,244072000.0,303369000.0,136124000.0,314965000.0,73471000.0,92264000.0,704995520.0,8.691403746171925,2.2286224324880255,0.2308326640276046,0.5287128388344423,0.13173131618635361,8.691403746171925,0.18510521485463305,0.778651454798628,14.209135217689633,2.630185027368973,0.0,7.843965646309428,0.0,1.4747574847460903,1.5312582645235226,0.08081575995864317,13.735173092558517,0.30097859891029594,-0.427007299270073,10.32229317260163,-0.17487787348824882,0.5308752186118266,0.2696544701927456,-0.4167516556718865,0.30143822875550114,1.8459491763385745,0.19659709831408767,1.564295547272869,Auto Parts,Consumer Cyclical,19.38,533207754,141372,SRI
2016,2016-12-31,2017-03-02,77461000.0,695977000.0,44082000.0,2.74,195439000.0,0.2808124406,394529000.0,178315000.0,240893000.0,112709000.0,202452000.0,60117000.0,45356000.0,524442160.00000006,6.4225255726840516,2.137300481771642,0.21211621959348995,0.4693155371112918,0.3244971594500161,6.4225255726840516,0.4344054061632504,0.7056916536034956,6.34054763042047,2.7543681686902395,0.0,8.326064174859026,0.0,1.764070575293578,1.4516498238827422,0.19633791178848703,12.037576529987012,0.2808124406409982,2.382716049382716,0.3668679674438375,-0.20802044313346393,0.18527548423663104,0.10431240041135056,2.4012909458154037,0.5848283300377494,3.9178211648810204,-0.2946223403425214,0.14967837328386596,Auto Parts,Consumer Cyclical,19.38,533207754,141372,SRI
2015,2015-12-31,2016-03-14,22774000.0,644812000.0,27815000.0,0.81,176978000.0,0.2744644951,364252000.0,93119000.0,231909000.0,108050000.0,257823000.0,61009000.0,-32105000.0,468604400.0,3.4062111346843222,2.146311892642295,0.3249481128449535,1.271093976524662,0.13508048534242326,3.4062111346843222,0.24456877758566994,0.6274734341172311,17.765978747694742,4.345003704936694,0.0,7.668278450720385,0.0,1.7702359904681375,1.381749190189727,0.06252264915498061,15.519846566935174,0.27446449507763504,1.4263157894736842,0.8455254496769881,-0.11085808348146345,-0.026436717221881338,-0.07280195312090698,1.4447699398484493,0.07456055630674135,4.862709757052959,-0.33709471936484253,-0.40004119383539316,Auto Parts,Consumer Cyclical,19.38,533207754,141372,SRI
2014,2014-12-31,2015-03-13,-51204000.0,660579000.0,25885000.0,-1.9,190874000.0,0.2889495427,398751000.0,91256000.0,245511000.0,120314000.0,284945000.0,71253000.0,-54879000.0,433527640.0,3.3893923636903875,2.0405854680253337,0.3267853873720693,1.427917068466731,0.1127429867411617,3.3893923636903875,-0.5611028315946349,0.5241502378973597,-6.762023279431294,3.7941904093977383,0.0,6.5920733162112475,0.0,1.6566202968769985,1.231136858553452,-0.12841096323269408,-70.10379429034218,0.28894954274961815,-4.392857142857142,-0.39008976089948344,0.2199522134823041,0.15112174203333714,-0.15550324969803692,-4.384045998281674,-0.3480505742494459,-1.9317294211312643,-0.22484901934305504,-0.37448848904121085,Auto Parts,Consumer Cyclical,19.38,533207754,141372,SRI
2013,2013-12-31,2014-03-07,15131000.0,947830000.0,39704000.0,0.56,226021000.0,0.2384615385,588322000.0,148994000.0,340236000.0,153722000.0,399788000.0,114058000.0,-7771000.0,474462250.0,5.58636721532751,2.213320149360534,0.3352449848892273,1.3237580036780006,0.09130318967928093,5.58636721532751,0.1015544250104031,0.35877240644419356,22.474076399444847,2.2823419063854917,0.0,6.3284381630398565,0.0,1.6110735277620079,1.278678393463525,0.025718909032808563,18.541725736095966,0.23846153846153847,3.0,1.1359272170196426,0.1032485050733739,0.42261865690793093,0.006129698545253824,3.037086446104589,0.3820181697935884,0.25682784291099753,0.33966392823852787,0.5966955041565117,Auto Parts,Consumer Cyclical,19.38,533207754,141372,SRI
2012,2012-12-31,2013-03-08,3748000.0,938513000.0,28729000.0,0.14,224644000.0,0.2393616284,592691000.0,149753000.0,311054000.0,153469000.0,398857000.0,96032000.0,-22902000.0,291891240.0,5.677408348182128,2.0268197486137267,0.3397993220750779,1.3448545271213264,0.0672455907031618,5.677408348182128,0.02502787924115043,0.1438981026368308,36.032614727854856,0.9018199301516497,0.0,7.433657530823059,0.0,1.5834777312292578,1.2123490737543088,0.00632369987059024,2.745314170715346,0.23936162844840722,-0.9299999999999999,-0.8028283416300768,0.13198523139512405,-0.363033491997647,0.5305122737213596,-0.9240634560447353,-0.693971899400279,1.1038610527340194,0.7691820784228885,0.9281887390807297,Auto Parts,Consumer Cyclical,19.38,533207754,141372,SRI
2011,2011-12-31,2012-03-15,49357000.0,765373000.0,93877000.0,2.0,146777000.0,0.191771855,697657000.0,131027000.0,390123000.0,258703000.0,517018000.0,120645000.0,-28263000.0,392252830.0,5.418593110293205,1.507995655249456,0.38290735992041935,2.038801163119052,0.1498624524397511,5.418593110293205,0.3766933532783319,0.26633527704792304,4.130028769981968,1.5557543865004924,0.0,5.127406854821999,0.0,1.0970620233151822,0.9318987410273557,0.07074679964509781,-8.035233158579368,0.19177185503016175,3.5454545454545454,2.215936771754366,0.021238689738147434,-0.306347761978007,0.01340836123865088,3.5662873531316497,1.8319707985157923,1.4890492429877211,-0.017390232131444614,0.37989347204844626,Auto Parts,Consumer Cyclical,19.38,533207754,141372,SRI
2010,2010-12-31,2011-02-25,10809000.0,635226000.0,33149000.0,0.44,144835000.0,0.2280054658,383605000.0,83780000.0,246845000.0,112783000.0,295517000.0,51828000.0,-80751000.0,776522212.0,3.4987054205295247,2.188672051638988,0.4376976316784192,2.004094055860587,0.12380887027339349,3.4987054205295247,0.1290164717116257,1.0714190099271754,62.96541881765196,8.123576175698258,0.0,9.461893185150883,0.0,1.655937748465218,1.5478751230238599,0.028177422087824717,-144.10188693626932,0.22800546577123731,1.3211678832116787,9.986741470559563,-0.10299893868568352,-0.48404711057915734,0.646132863556288,1.3344058410419826,3.798328549721425,-0.37364168803958625,-0.15604137702668494,-0.6074691060478032,Auto Parts,Consumer Cyclical,19.38,533207754,141372,SRI
2009,2009-12-31,2010-03-16,-32323000.0,475152000.0,-11846000.0,-1.37,87985000.0,0.1851723238,362525000.0,69565000.0,230670000.0,87774000.0,288468000.0,40244000.0,-91560000.0,474690468.0,2.9444256327774485,2.627999179711532,0.505981656437487,2.6368288650902034,-0.04541366434486479,2.9444256327774485,-0.4646445770143032,0.8064081977977573,-11.854297806515483,5.508035190109969,0.0,9.620490010933306,0.0,1.3106737466381628,1.9730102308200606,-0.08916074753465278,209.8392486308872,0.18517232380375123,0.671462829736211,0.6654225684388907,-0.33270242272635814,-0.5719366558613705,-0.4708846752903113,0.6685738308365888,-1.3074168266985,-3.155531959894861,-0.3511105081930152,-0.6230742208737494,Auto Parts,Consumer Cyclical,19.38,533207754,141372,SRI
2008,2008-12-31,2009-03-16,-97527000.0,752698000.0,38534000.0,-4.17,166287000.0,0.2209212725,382437000.0,91758000.0,254591000.0,94204000.0,290679000.0,54800000.0,-59155000.0,282104336.0,3.926819874181538,2.7025497855717378,0.4785101859914182,1.9943765121297325,0.2693820662357441,3.926819874181538,-1.0628719021774669,0.25481180500014616,-1.9665973115137347,2.0902410253056956,0.0,10.700930656934307,0.0,1.9681620763681338,2.0086938983482656,-0.2550145514163117,10.725064921992955,0.22092127254224136,-6.873239436619719,-5.375959184398757,0.19016618399729945,-0.638383328760264,-0.008561735719012897,-6.8500989742666905,0.10733067042156384,-102.5870322796997,0.0892196634832925,-0.42091321880636823,Auto Parts,Consumer Cyclical,19.38,533207754,141372,SRI
TTM,,,,,,,,,,,,,,,,676934754.0,10.100661815788511,2.0947430432823926,0.26670920687362276,0.6475892601803485,-0.010682693808022791,10.100661815788511,-0.05034204028423671,0.5794539758093437,-38.49957289169753,1.9186861567532933,0.0,4.409606344953498,0.0,1.371906765383801,1.043722988727667,-0.020525152891292874,-31.520912390636084,0.19157456612221388,,,,,,,,,,,Auto Parts,Consumer Cyclical,19.38,533207754,141372,SRI
