Quarters,Year,Quarter,FillingDate,Date,NetIncome,Revenue,OperatingIncome,EPSDiluted,GrossProfit,GrossProfitRatio,TotalAssets,CommonStockEquity,CurrentAssets,CurrentLiability,TotalLiability,Inventory,RetainedEarnings,MarketCap,EnterpriseValue,bookValuePerShare,currentRatio,debtToAssets,debtToEquity,roic,shareholdersEquityPerShare,roe,priceToSalesRatio,peRatio,pbRatio,payoutRatio,inventoryTurnover,dividendYield,assetTurnover,quickRatio,returnOnAssets,priceToFreeCashFlowsRatio,grossProfitMargin,epsdilutedGrowth,fiveYNetIncomeGrowthPerShare,fiveYRevenueGrowthPerShare,fiveYShareholdersEquityGrowthPerShare,grossProfitGrowth,netIncomeGrowth,operatingIncomeGrowth,threeYNetIncomeGrowthPerShare,threeYRevenueGrowthPerShare,threeYShareholdersEquityGrowthPerShare,Industry,Sector,Symbol
2023Q1,2023,Q1,2023-05-22,2023-03-31,487015.0,1125264.0,715149.0,0.05,1125264.0,1.0,107760192.0,43178735.0,582591.0,61993957.0,64581457.0,0.0,-2936005.0,93496582.13,93415182.13,4.705961433309135,0.009397544989747953,0.0,0.0,0.011279047429249607,4.705961433309135,0.011279047429249607,83.08857488553797,47.99471378191637,2.1653386123979774,2.310532529798877,0.0,0.012035349040197048,0.010442297652921777,1.7301525211562152,0.004519433298708302,-429.9642317844858,1.0,-0.9999999926391878,0.0,0.0,0.0,-0.2582238728636916,-0.05451972246058032,1.6668136769956186,0.0,0.0,0.0,Shell Companies,Financial Services,IGTA
2022Q4,2022,Q4,2023-04-14,2022-12-31,515098.0,1516986.0,-1072487.0,6792728.63,1516986.0,1.0,106895054.0,103707084.0,842717.0,600470.0,3187970.0,0.0,-2345166.0,104845500.00000001,104346523.00000001,10.020008115942028,1.4034289806318383,0.0017010609302840149,0.0017533517768178691,-0.007637773969954165,10.020008115942028,0.004966854530400257,69.11434911067077,50.88619058897531,1.0109772250466518,81746.25772765571,0.0,401.6131723631438,0.014191358189500517,1.1337985244891502,0.00481872622469511,-957.9218097596186,1.0,251582540.85185185,4.552213928156425,0.0,100.84206421001957,1.4631154395086063,0.50514867455234,-7.020933206692045,4.552213928156425,0.0,100.84206421001957,Shell Companies,Financial Services,IGTA
2022Q3,2022,Q3,2022-11-14,2022-09-30,342224.0,615881.0,-133711.0,0.027,615881.0,1.0,106184623.0,103191986.0,1016639.0,405137.0,2992637.0,0.0,-1976262.0,26177187.500000004,25398042.500000004,39.12492360189574,2.509370904163283,0.0,0.0,-0.0009632954739370121,39.12492360189574,0.0033163815647467045,42.5036451847029,19.122846074500917,0.2536746167478548,61519.21143753799,0.0,804.2632775197869,0.005800095932911115,261.5093881822692,0.0032229148659312,-430.8718355993022,1.0,3.093023255813953,3.1250742602213566,0.0,371.2355690443727,97.93670682730924,3.0875972964399874,0.18435082839226022,3.1250742602213566,0.0,371.2355690443727,Shell Companies,Financial Services,IGTA
2022Q2,2022,Q2,2022-08-12,2022-06-30,-163932.0,6225.0,-163932.0,-0.0129,6225.0,1.0,105811118.0,103008245.0,1100532.0,215373.0,2802873.0,0.0,-1861088.0,26005750.0,25218301.0,39.055258767772514,5.1098884261258375,0.0,0.0,-0.0015914454226455368,39.055258767772514,-0.0015914454226455368,4177.630522088353,-39.65935570846448,0.25246280042922775,-64215.5482029134,0.0,404.79444922757466,5.883124682606605e-05,489.83872165963237,-0.0015492889887053268,-504.0069382534207,1.0,0.25,0.27000632933678526,0.0,0.0,0.0,0.2476697919678383,0.2476697919678383,0.27000632933678526,0.0,0.0,Shell Companies,Financial Services,IGTA
2022Q1,2022,Q1,2022-05-16,2022-03-31,-217899.0,0.0,-217899.0,-0.0172,0.0,0.0,105731282.0,103013694.0,1185404.0,130088.0,2717588.0,0.0,-1532448.0,98746407.0,97949676.0,10.265440358744394,9.112323965315786,0.0,0.0,-0.002115243047201084,10.265440358744394,-0.002115243047201084,0.0,-113.29378175209615,0.9585755365689537,-48311.3736180524,0.0,106.60641049957394,0.0,6.12455414796138,-0.002060875418118925,-155.715080706712,0.0,-0.22857142857142854,0.0,0.0,0.0,0.0,-0.19751044185535283,-0.19751044185535283,0.0,0.0,0.0,Shell Companies,Financial Services,IGTA
2021Q4,2021,Q4,2022-03-31,2021-12-31,-181960.0,0.0,-181960.0,-0.014,0.0,0.0,106305294.0,-1303407.0,1769943.0,486201.0,3073701.0,0.0,-1303671.0,126628115.25,125262934.25,-0.10035858328073788,3.6403524468275466,0.0,0.0,0.1396033625720899,-0.10035858328073788,0.1396033625720899,0.0,-173.9779556633326,-97.15163049607682,,0.0,,0.0,2.8078531307010888,-0.0017116739266061388,0.0,0.0,0.770709816895411,0.0,0.0,0.0,0.0,-3.8308819625126107,-3.8308819625126107,0.0,0.0,0.0,Shell Companies,Financial Services,IGTA
2021Q3,2021,Q3,2021-09-30,2021-09-30,-37666.0,0.0,-37666.0,-0.061058,0.0,0.0,217447.0,-65190.0,0.0,282637.0,282637.0,0.0,-90190.0,6014648.25,6297285.25,-0.1056757558515579,0.0,1.29979719195942,-4.335588280411106,-0.17321922123551947,-0.1056757558515579,0.5777880042951373,0.0,-39.92093831306749,-92.26335710998619,,0.0,,0.0,0.0,-0.17321922123551947,0.0,0.0,0.2828854646246359,0.0,0.0,0.0,0.0,0.2828802071434011,0.2828802071434011,0.0,0.0,0.0,Shell Companies,Financial Services,IGTA
2021Q2,2021,Q2,2021-06-30,2021-06-30,-52524.0,0.0,-52524.0,-0.085144,0.0,0.0,,,,,,,,6014648.25,,,0.0,0.0,0.0,0.0,,0.0,0.0,-28.62809501370802,0.0,0.0,0.0,0.0,0.0,0.0,0.0,-114.51238005483208,0.0,0.0,0.0,0.0,0.0,0.0,0.0,0.0,0.0,0.0,0.0,Shell Companies,Financial Services,IGTA
2021Q1,2021,Q1,2021-04-30,2021-04-30,,,,,,,130000.0,23991.0,0.0,106009.0,106009.0,0.0,-1009.0,0.0,95386.0,0.0,0.0,0.7337384615384616,3.9759076320286773,,0.0,,0.0,0.0,0.0,0.0,0.0,,,0.0,,0.0,0.0,0.0,0.0,0.0,0.0,0.0,0.0,0.0,0.0,0.0,0.0,Shell Companies,Financial Services,IGTA
