Quarters,Year,Quarter,FillingDate,Date,NetIncome,Revenue,OperatingIncome,EPSDiluted,GrossProfit,GrossProfitRatio,TotalAssets,CommonStockEquity,CurrentAssets,CurrentLiability,TotalLiability,Inventory,RetainedEarnings,MarketCap,EnterpriseValue,bookValuePerShare,currentRatio,debtToAssets,debtToEquity,roic,shareholdersEquityPerShare,roe,priceToSalesRatio,peRatio,pbRatio,payoutRatio,inventoryTurnover,dividendYield,assetTurnover,quickRatio,returnOnAssets,priceToFreeCashFlowsRatio,grossProfitMargin,epsdilutedGrowth,fiveYNetIncomeGrowthPerShare,fiveYRevenueGrowthPerShare,fiveYShareholdersEquityGrowthPerShare,grossProfitGrowth,netIncomeGrowth,operatingIncomeGrowth,threeYNetIncomeGrowthPerShare,threeYRevenueGrowthPerShare,threeYShareholdersEquityGrowthPerShare,Industry,Sector,Symbol
2023Q1,2023,Q1,2023-05-10,2023-03-31,14622000.0,335624000.0,22373000.0,0.31,46227000.0,0.1377344886,992628000.0,560044000.0,457688000.0,164954000.0,414699000.0,0.0,207300000.0,1720207550.74,1674272550.74,11.87345368366372,2.7746402027231833,0.23037633433673038,0.40832148902586224,0.020314300336146937,11.87345368366372,0.026108662890772866,5.12540089725407,29.411290362809464,3.0715578610609167,0.008206811653672548,0.0,6.975902410635178e-05,0.33811659554233814,2.640239096960365,0.014730593938514731,-241.22949807039686,0.13773448859437942,27.44036697247706,-0.3559973522669368,0.8780204818002074,1.3402195821871028,0.16364597492825858,30.044585987261147,0.7784578696343403,1.754981013013568,0.5633563157079317,1.1695060342719596,Medical Care Facilities,Healthcare,AMEH
2022Q4,2022,Q4,2023-03-01,2022-12-31,471000.0,292845000.0,12580000.0,0.0109,39726000.0,0.1356553808,963905000.0,552822000.0,435138000.0,147329000.0,395210000.0,0.0,192678000.0,1282233323.47,1223570323.47,12.757430867364853,2.953512207372615,0.23795291029717658,0.4148966575136301,0.0007017984294526763,12.757430867364853,0.0008519921421361668,4.378539239085523,680.5909360244162,2.3194325180076047,2.8747346072186835,0.0,0.0010559700603754267,0.30381106021859,2.853070339172872,0.0004886373657155011,15.255057207595208,0.1356553808328638,-0.9805357142857143,1.1931549184143428,1.2896968883354594,1.437543229037918,-0.4670583973920393,-0.9818748556915262,-0.7488570801141922,1.298742821017259,0.3403084989260605,1.3419114505321434,Medical Care Facilities,Healthcare,AMEH
2022Q3,2022,Q3,2022-11-07,2022-09-30,25986000.0,315309000.0,50091000.0,0.56,74541000.0,0.236406192,943406000.0,510438000.0,443616000.0,156191000.0,390080000.0,0.0,195278000.0,1752922275.0,1792009275.0,11.356511514465181,2.840214865133074,0.23648672999747722,0.4370814868798953,0.04408831774014566,11.356511514465181,0.05090921914120814,5.559379132850633,16.86410254560148,3.4341531684553264,0.004617871161394597,0.0,6.845711399268972e-05,0.33422407743855775,2.7652937749294133,0.02754487463509878,-44.85586312341667,0.2364061920211602,1.2400000000000002,1.9012377712427855,0.04881285996714976,10.359189806243315,0.9579984239558708,1.279673655583823,2.2564685996619427,0.8651255262686376,0.5701760879234284,1.0627274487641298,Medical Care Facilities,Healthcare,AMEH
2022Q2,2022,Q2,2022-08-09,2022-06-30,11399000.0,268140000.0,15382000.0,0.25,38070000.0,0.1419780712,951064000.0,479966000.0,461038000.0,185238000.0,425222000.0,0.0,169292000.0,1731095573.63,1720083573.63,10.699517821052913,2.48889536704132,0.2346960877501409,0.4650558581232837,0.013514542496339132,10.699517821052913,0.023749598929924204,6.455939336279556,37.965952575445215,3.6067045866373872,0.9981577331344855,0.0,0.006572716245897989,0.281936862293179,2.420496874291452,0.011985523582009203,225.84417138030008,0.14197807115685837,-0.03846153846153849,1.424488532636087,-0.13254155682453994,18.251098738508468,-0.07085153637761453,-0.05582705209972666,-0.4131471519591011,-0.1769499700434551,0.6048810088119431,0.9933270976699382,Medical Care Facilities,Healthcare,AMEH
2022Q1,2022,Q1,2022-05-10,2022-03-31,12073000.0,261703000.0,26211000.0,0.26,40973000.0,0.1565629741,921295000.0,473985000.0,453380000.0,169400000.0,389623000.0,0.0,157893000.0,2165698636.46,2129258636.46,10.608148596128244,2.676387249114522,0.2187160464346382,0.4251231579058409,0.025018434889470333,10.608148596128244,0.025471270187875143,8.275406229428016,44.84590897995527,4.569129057797188,0.09757309699329081,0.0,0.0005439353288440589,0.2840599373707661,2.5900177095631642,0.013104380247369192,330.6915004519774,0.15656297405837916,1.619047619047619,1.3377192379902756,1.39448548395664,181.86639002086739,0.8858970818374298,1.6252524729400797,1.1498523622047243,4.804326797747326,1.1338594716788621,1.0221522220650798,Medical Care Facilities,Healthcare,AMEH
2021Q4,2021,Q4,2022-02-28,2021-12-31,-19309000.0,193565000.0,12192000.0,-0.42,21726000.0,0.1122413659,852363000.0,454550000.0,398782000.0,115371000.0,336363000.0,0.0,143629000.0,3263934205.4,3231820205.4,10.233151742072797,3.4565185358538972,0.23579507791868018,0.4421581784182158,0.015599375624819426,10.233151742072797,-0.042479375206247935,16.862212721308087,-42.259234105857374,7.1805834460455396,0.0,0.0,0.0,0.2270922130594594,3.2949788074992847,-0.022653493875262064,-217.6972057226706,0.11224136594942268,-2.5,-0.5136771952778728,0.6773399182859852,15.306582075918497,-0.7229568610448732,-1.5632894775226815,-0.7706546275395034,-6.724928937203079,0.4764435902491107,0.95523299322095,Medical Care Facilities,Healthcare,AMEH
2021Q3,2021,Q3,2021-11-05,2021-09-30,34279000.0,225894000.0,53160000.0,-0.12,78421000.0,0.3471584017,871294000.0,435897000.0,427212000.0,116759000.0,339473000.0,0.0,129859000.0,4033611513.0,4028708513.0,9.839425964073998,3.65892136794594,0.2293887023209158,0.4585142820436938,0.079682257331107,9.839425964073998,0.07864013746366688,17.856213591330448,29.417511544969223,9.253588606941547,0.2911111759386213,0.0,0.002473961601864359,0.2592626599058412,3.558423761765688,0.03934263291150863,95.62173181139322,0.34715840172824425,-1.0909090909090908,4.436798646686215,1.1039476392289937,14.620903579900506,1.1016508549070054,-0.4241726860406518,-0.384030682595043,-0.34058180482498346,0.005560140064822532,0.7999201991633417,Medical Care Facilities,Healthcare,AMEH
2021Q2,2021,Q2,2021-08-06,2021-06-30,59530000.0,173528000.0,86303000.0,1.32,37314000.0,0.2150315799,894430000.0,401360000.0,470550000.0,128088000.0,347992000.0,0.0,95580000.0,2741548215.56,2764874215.56,9.195323086758341,3.6736462432077945,0.2242914481848775,0.49983306757026114,0.09817421672077523,9.195323086758341,0.14832070958740284,15.79888096191969,11.513305121619354,6.830646341339446,0.3545439274315471,0.0,0.007698569691464938,0.19400959270149704,3.5784929111236026,0.06655635432621894,194.87832069661644,0.2150315799179383,3.4000000000000004,7.220168252163712,0.927604805989611,10.319603492220093,0.10494521764880071,3.52665196562999,2.962306597493228,4.694504471059414,0.06814675462419244,0.7803425758235352,Medical Care Facilities,Healthcare,AMEH
2021Q1,2021,Q1,2021-05-07,2021-03-31,13151000.0,174386000.0,21781000.0,0.3,33770000.0,0.1936508665,843280000.0,349091000.0,370275000.0,126347000.0,378746000.0,0.0,82922000.0,1149227719.29,1200935719.29,8.228895832622726,2.9306196427299422,0.3054548904278531,0.7378706411795205,0.023719454100498274,8.228895832622726,0.03767212560621729,6.590137506967302,21.84677437628317,3.2920577135761158,0.0003041593795148658,0.0,3.4805982599090327e-06,0.20679489611991272,2.854400975092404,0.015595057394934067,116.6255042916582,0.19365086646863855,0.111111111111111,1.4517729946578226,1.086958334061089,7.498312132326784,-0.13227812323346524,0.3076464154320374,-0.1582547534394806,-0.35599735677275346,0.08494302023247037,0.6218889364749177,Medical Care Facilities,Healthcare,AMEH
2020Q4,2020,Q4,2021-03-15,2020-12-31,10057000.0,176023000.0,25876000.0,0.27,38918000.0,0.2210961068,817486000.0,330824000.0,338577000.0,114992000.0,372338000.0,0.0,69771000.0,656219247.39,723304247.39,9.210571777709344,2.9443526506191735,0.31872717086286495,0.7875940076898895,0.022038834717645617,9.210571777709344,0.030399850071337026,3.7280312651755736,16.312499935119817,1.9835902092653495,0.11792781147459482,0.0,0.0018073227884081618,0.21532234191166577,2.7987164324474745,0.012302351355252567,-204.30238088107097,0.22109610675877583,-0.6029411764705882,1.9075337821622633,1.5117465654178335,19.438890412319186,-0.312026021319097,-0.3982528570573805,-0.3073134168540529,5.975823782139184,0.6604326948414189,0.7598501693437446,Medical Care Facilities,Healthcare,AMEH
2020Q3,2020,Q3,2020-11-09,2020-09-30,16713000.0,178392000.0,37356000.0,0.68,56569000.0,0.3171050271,814273000.0,228404000.0,366698000.0,131461000.0,386124000.0,0.0,59714000.0,651807005.46,741621005.46,6.2864739496136925,2.789405222841755,0.3142631525299255,1.1203656678517013,0.05202471768439134,6.2864739496136925,0.07317297420360414,3.653790559330015,9.75000008167295,2.8537460178455722,1.193442230598935,0.0,0.030601082579533645,0.21908131548018908,2.697218186382273,0.02052505732107045,18.062100076481837,0.3171050271312615,-0.6880733944954128,5.2102033650251665,1.10025653330323,6.3839301934093005,1.032443502317393,-0.7936692139603215,1.894467689446769,1.7170605528052383,-0.26592830450672333,6.18084297554727,Medical Care Facilities,Healthcare,AMEH
2020Q2,2020,Q2,2020-08-10,2020-06-30,81001000.0,163912000.0,12906000.0,2.18,27833000.0,0.1698045293,833217000.0,207023000.0,380545000.0,152507000.0,414389000.0,0.0,43001000.0,581130000.0,689869000.0,5.877995457126633,2.4952625125404078,0.31345975898235395,1.2615989527733633,0.01892592138974812,5.877995457126633,0.3912657047767639,3.545378007711455,1.7935889680374317,2.8070794066359777,0.2500339501981457,0.0,0.03485106602653451,0.19672186237198713,2.4219019454844695,0.09721477118205701,26.79747302407083,0.1698045292596027,26.318295739348372,5.505823988077763,1.218117947821663,6.48043168822607,0.4132013201320132,18.990375123395854,0.7323489932885906,4.841903967556365,-0.3246098250632765,10.477238293474523,Medical Care Facilities,Healthcare,AMEH
2020Q1,2020,Q1,2020-05-29,2020-03-31,4052000.0,163899000.0,7450000.0,0.0798,19695000.0,0.1201654678,724415000.0,197080000.0,318063000.0,106605000.0,369015000.0,0.0,35957000.0,465252662.56,643159662.56,5.472883456463029,2.983565498803996,0.35725240366364586,1.313167241729247,0.010222945883306887,5.472883456463029,0.020560178607672012,2.8386546748912442,28.705124787759132,2.3607299703673634,2.451628825271471,0.0,0.021351839117565264,0.2262501466700717,2.8720697903475445,0.005593478876058613,-48.656417335285504,0.12016546775758241,3.293103448275862,35.24621567352555,1.3087883644541445,10.446362725711703,-0.2250972641625131,4.167240787683092,0.967267832028599,1.1406399445738935,0.8607090120186152,94.31135068532824,Medical Care Facilities,Healthcare,AMEH
2019Q4,2019,Q4,2020-03-16,2019-12-31,-1279347.0,177295604.0,3786978.0,-0.0348,25416093.0,0.1433543327,728713347.0,191548949.0,329068418.0,105423915.0,367653613.0,0.0,31904748.0,647352468.49,800715817.49,5.447443738517967,3.1213830182648783,0.35206254703058154,1.3393583120103676,-0.02592426998074875,5.447443738517967,-0.006678955988424661,3.6512606848954925,-126.50056405533448,3.379566799345895,-0.8184315904910865,0.0,0.001617446524058747,0.24329951513842657,3.0228276477875062,-0.0017556244924933424,193.03889762640742,0.14335433268836154,-1.1242857142857143,0.8953949055893958,2.208645888290307,14.559291936232993,0.07466678517161456,-1.119132455561865,-0.7803789647641026,0.8733086194594193,0.9407850869957799,7.680530755825434,Medical Care Facilities,Healthcare,AMEH
2019Q3,2019,Q3,2019-11-08,2019-09-30,10738862.0,154780021.0,17243239.0,0.28,23650208.0,0.1527988422,750244382.0,190733968.0,321360707.0,105195228.0,381840344.0,0.0,25177257.0,610422945.48,637823112.48,5.505580255534663,3.0548981461402414,0.34348596961569783,1.3510882288151211,0.027763683242328037,5.505580255534663,0.05630282907971589,3.9438096825170996,14.210605962717466,3.200389274552292,4.630725397160332,0.0,0.08146600872104556,0.20630613799118058,2.9549307978114747,0.01431381861383935,19.27282808869954,0.1527988421709802,0.0,0.10663383512886919,0.8818333501941501,72.98871480622027,-0.13314230621264297,0.007026583349048301,0.1707183520033719,2.3768079906238158,0.843462487518866,7.740564605813846,Medical Care Facilities,Healthcare,AMEH
2019Q2,2019,Q2,2019-08-09,2019-06-30,10663931.0,128645789.0,14728768.0,0.28,27282688.0,0.2120760284,568329965.0,185399565.0,167625710.0,78337729.0,162657953.0,0.0,21473083.0,549186938.1,555881905.1,5.367667872252332,2.1397826071776986,0.10455417743106331,0.32050383721234726,0.040672456727490945,5.367667872252332,0.05751864088785753,4.268984957603237,12.87487086375559,2.9621802947595914,0.08829652029819023,0.0,0.0017145127363326852,0.22635756852975367,1.965417008705984,0.018763626162136286,-29.9707095434095,0.2120760283883058,5.347826086956522,1.904182772285976,3.469510931779174,10.572712280816459,1.4239602275135204,5.3523957310002865,5.038165362583831,2.408080862061485,0.8058764467209419,5.607692999860103,Medical Care Facilities,Healthcare,AMEH
2019Q1,2019,Q1,2019-05-10,2019-03-31,-2450129.0,94687893.0,-3647391.0,-0.0644,11255419.0,0.1188686182,520858996.0,180968222.0,176912063.0,88400766.0,126047836.0,0.0,17927867.0,655780784.22,584805924.22,5.245969358970858,2.0012503398443404,0.04230112212557427,0.12175021534996348,-0.010923498851287145,5.245969358970858,-0.01353900133914119,6.925708910008168,-66.91288338491566,3.6237344710166854,-4.081417753922344,0.0,0.015248998202797627,0.18179179725639222,1.910929640587051,-0.0047040159022231805,-161.11085336713862,0.11886861818754378,-0.26274509803921575,0.0,0.0,22.213137756864356,-0.4976418387043561,-0.26217431821705883,-0.3342650604525187,0.896492705408576,0.3935325994140728,4.417723830263555,Medical Care Facilities,Healthcare,AMEH
2018Q4,2018,Q4,2019-03-18,2018-12-31,-1941197.0,101815593.0,-2733633.0,-0.051,22405168.0,0.2200563523,512999049.0,180545832.0,172862792.0,72019647.0,106337868.0,0.0,17788203.0,684757946.7,591525702.7,5.233724971679836,2.4002171518557986,0.02662628522728509,0.07565535492395084,-0.009327442733345405,5.233724971679836,-0.010751823946841377,6.725472263369325,-88.187590788055,3.792709801797031,-0.5321505236202199,0.0,0.0015085754097171106,0.19847130944681343,2.2837457256628877,-0.003784016761403392,-102.64430958393675,0.22005635227209255,-1.0504950495049505,0.7622602974110293,4.107266953011154,18.997872993532535,-0.680335515500879,-1.0502569550016776,-1.048316948142132,0.8176113500200966,0.5127060393482074,10.613994627702276,Medical Care Facilities,Healthcare,AMEH
2018Q3,2018,Q3,2018-11-14,2018-09-30,38625440.0,166917883.0,56577104.0,1.01,70089638.0,0.4199049062,551898869.0,179943785.0,202833453.0,92245266.0,141624943.0,0.0,17100065.0,656035949.51,550060320.51,5.4665901125214695,2.198849456404625,0.025011593201869742,0.07671212428926068,0.21126720069497934,5.4665901125214695,0.2146528150444318,3.930291576427434,4.246139005212627,3.6457827621554144,0.12234938941795874,0.0,0.007203567126968802,0.3024428792587361,2.0706272341390397,0.069986445288403,35.918700151025476,0.41990490617473264,3.2083333333333335,5.392037790180602,6.392031465028859,27.643391724605095,2.0783485701174915,3.9106837844266797,6.91316168250429,11.73985321734635,1.1690825629330057,5.681756386440714,Medical Care Facilities,Healthcare,AMEH
2018Q2,2018,Q2,2018-08-14,2018-06-30,7865593.0,122233476.0,7149747.0,0.24,22768584.0,0.1862712634,510977108.0,169621944.0,152762941.0,89118106.0,140247633.0,0.0,7561556.0,849272656.1999999,762087176.1999999,5.164917815047393,1.7141627875260275,0.027294289277632375,0.08222259851001354,0.03250920961965131,5.164917815047393,0.046371317380963395,6.947954717413092,26.993281250377432,5.006856048059442,1.271359959764,0.0,0.011774781546298888,0.23921517047687388,1.5350979182614137,0.01539323949518302,100.12124529705007,0.18627126336487396,-0.5,1.504893432753425,4.155594911308756,19.564425647018826,-0.416849457868057,-0.4995695604719661,-0.6850568827219131,1.4692302945611564,0.7739230600046758,5.815583725290259,Medical Care Facilities,Healthcare,AMEH
2018Q1,2018,Q1,2018-05-15,2018-03-31,15717655.0,123714701.0,22701709.0,0.48,39044093.0,0.3155978448,521593913.0,165666297.0,180615388.0,110616762.0,160451458.0,0.0,4897454.0,520804105.25,423160459.25,5.073649401979249,1.6328030646928537,0.011672135828778355,0.036749267112549756,0.0901721508990808,5.073649401979249,0.09487539279036339,4.2097188211286225,8.283743746284035,3.1436937668136564,0.1272454446926084,0.0,0.003840215504906487,0.23718586033422517,1.4254201456376023,0.03013389268597542,122.53528043606029,0.31559784475411695,0.0,2.975279481966043,4.395996850108472,20.610112415864364,0.0,0.0,0.0,154.0578034510633,0.9219486188683451,9.757272647124935,Medical Care Facilities,Healthcare,AMEH
2017Q3,2017,Q3,2017-11-14,2017-09-30,-3882738.0,40483346.0,-4114951.0,-0.7,1386728.0,0.0342542832,41173169.0,-7344171.0,35731720.0,42697549.0,48464719.0,0.0,-45148985.0,59012050.5,38769610.5,-1.2134075437693865,0.8368564668665174,0.2419374860361125,-1.3563590771511176,-1.5623822123735402,-1.2134075437693865,0.5286829514182063,1.4576870819916912,-3.799641548051916,-8.035222831821319,0.0,0.0,0.0,0.9832458123395845,0.8298659719320188,-0.09430262703363931,-54.22795210903657,0.03425428323044247,-0.0937499999999999,0.7244162577208928,10.381964422355072,-66.87268082383568,0.038095936782753595,-0.07501110246048244,-0.10956602913272429,-3.290195861726024,1.8172897575114002,-14.866020575091525,Medical Care Facilities,Healthcare,AMEH
2017Q2,2017,Q2,2017-08-14,2017-06-30,-3611812.0,41575480.0,-3708613.0,-0.64,1335838.0,0.0321304288,43298794.0,-3742123.0,37718993.0,40838785.0,46637914.0,0.0,-41266193.0,60335180.0,39036352.0,-0.6202223976128024,0.9236071298399303,0.2288208535323178,-2.647605917817239,-0.5968518272357037,-0.6202223976128024,0.9651772536605557,1.4512202865727588,-4.176240346950506,-16.12324875478438,0.0,0.0,0.0,0.9601994919304219,0.9166840051681263,-0.08341599537391273,2.672088448676037,0.03213042880082202,0.20000000000000004,0.42029697547295636,11.957213906918605,0.48650059307654786,0.280751593223849,0.25179582491939606,0.24686285340622474,-0.7531396035476768,7.269022302476899,-0.10610617194803902,Medical Care Facilities,Healthcare,AMEH
2017Q1,2017,Q1,2017-06-29,2017-03-31,-4827308.0,14758496.0,-4924220.0,-0.8,1043011.0,0.0706719032,20644557.0,-353877.0,14922250.0,14543104.0,20374189.0,0.0,-37654381.0,54301662.0,55528951.0,-0.05865185120853207,1.0260705004928796,0.4791335556389028,-27.951802462437513,-0.5249484505056178,-0.05865185120853207,13.641203016867443,3.6793493049698287,-2.8122124173555942,-153.44784204681287,0.0,0.0,0.0,0.7148855749241798,1.0075622095530639,-0.23382957551474706,-13.668725051564506,0.07067190315327523,-2.2,-14.236246153535465,3.491793075597617,0.704293750807726,-0.6475137647295787,-1.785993700027587,-1.9383347236692456,0.0,0.0,0.7628293811411463,Medical Care Facilities,Healthcare,AMEH
2016Q4,2016,Q4,2017-02-14,2016-12-31,-1732706.0,15674876.0,-1675854.0,-0.25,2959012.0,0.1887741887,16784560.0,3786318.0,10805439.0,10229123.0,11086950.0,0.0,-33090937.0,45251385.0,41891351.0,0.6275473115353265,1.0563407048678561,0.037446975077094664,0.16600058420872205,-0.40687058881010146,0.6275473115353265,-0.4576229466199088,2.886873554853002,-6.529005064910031,11.95129014520175,-0.08656979314436494,0.0,0.003314815668072922,0.933886619607544,1.0075437552173339,-0.10323213715462305,307.70067930070786,0.18877418870809567,-0.041666666666666706,-1.0163688304340621,4.037420945005231,3.852176884448864,0.2070343014179638,-0.27554072447988787,0.22928370027561487,-0.2132853119415955,3.4955655524909286,3.1580264288936206,Medical Care Facilities,Healthcare,AMEH
2016Q3,2016,Q3,2016-11-14,2016-09-30,-1358409.0,14622656.0,-2174411.0,-0.24,2451473.0,0.1676489552,14952911.0,3800443.0,9112887.0,6815367.0,9155999.0,0.0,-31358231.0,27150831.0,23558593.0,0.629888400100903,1.3371087719854264,0.01345985407122399,0.052958036734138625,-0.48264752460930455,0.629888400100903,-0.35743438330741967,1.8567646671028848,-4.996807110376919,7.144122672014816,-0.44169318666174917,0.0,0.02209877112048615,0.9779136651050755,1.2739752679496203,-0.09084578915770983,-12.448314027192888,0.16764895515561606,-0.6,-12.346145215746198,3.9643738535144197,9.598666003521998,0.09505875815440253,-0.03280879706399586,-0.23373286845412533,0.1573001707464339,2.532945429222715,4.069987513465183,Medical Care Facilities,Healthcare,AMEH
2016Q2,2016,Q2,2016-08-15,2016-06-30,-1315257.0,12371673.0,-1762465.0,-0.15,2238668.0,0.1809511131,17319617.0,4872813.0,11353416.0,6943161.0,9737990.0,0.0,-29999822.0,29992590.0,23659265.0,0.812336147028316,1.6351941140353796,0.010177130360330716,0.03617294568866074,-0.3336514297987703,0.812336147028316,-0.2699173967890826,2.424295404509964,-5.70089913986392,6.155087420756757,-0.3421384565906131,0.0,0.015003705915361093,0.7143156225683281,1.5618831249916285,-0.07594030514647061,-12.343020745924871,0.1809511130790476,0.7826086956521738,-3.8617525061985396,4.465978499840484,7.272192964536782,0.060924283130129174,0.6804599991010898,0.5273691544124351,0.5377748971303481,1.8568781088114434,3.919805220899637,Medical Care Facilities,Healthcare,AMEH
2016Q1,2016,Q1,2016-06-29,2016-03-31,-4116095.0,11815299.0,-3729052.0,-0.69,2110111.0,0.1785914178,19566533.0,5808351.0,13558497.0,7431780.0,11015247.0,0.0,-28684565.0,35571211.739999995,26489965.739999995,0.9682976695243726,1.8243942904660795,0.009647289072622115,0.032498724681066966,-0.6197319897280705,0.9682976695243726,-0.7086512161541202,3.0106061420874743,-2.160495065104182,6.124149821524215,0.0,0.0,0.0,0.6038524556189898,1.784857598045152,-0.2103640435431254,-334.0553115520787,0.17859141778807291,-1.464285714285714,-7.586872093296473,4.427400981082042,11.67305776520406,-0.03918463395543235,-1.4419008893511018,-1.5550692305162415,-1.8157619480158789,1.8052065171466016,4.7425578014880125,Medical Care Facilities,Healthcare,AMEH
2015Q4,2015,Q4,2016-02-16,2015-12-31,-1685611.0,10659708.0,-1459472.0,-0.28,2196167.0,0.2060250618,14567599.0,2462019.0,9192609.0,6834393.0,9784026.0,0.0,-24039865.0,25951097.75,22489087.75,0.45063952063453655,1.3450512722929453,0.08118784708447836,0.48038297023702903,-0.4101169888526146,0.45063952063453655,-0.6846458130501836,2.434503623363792,-3.8489155786833376,10.540575742916687,0.0,0.0,0.0,0.7317408997872608,1.2926233536760323,-0.1157095963446001,-15.986158081939301,0.20602506184972422,-3.6357615894039736,-15.506552111888237,4.400950108006445,5.1469985031836165,-0.2927950440166187,-2.172222159490822,-2.534626441305185,-0.30520846768294513,1.6874358565007959,5.42459650662717,Medical Care Facilities,Healthcare,AMEH
2015Q3,2015,Q3,2015-11-16,2015-09-30,-531366.0,11369607.0,-412907.0,-0.0604,3105418.0,0.2731332754,13649572.0,-5678671.0,8659766.0,17429427.0,17606771.0,0.0,-22354252.0,29666672.9,35573674.9,-1.1676366007325345,0.49684742935037396,0.7203100580736158,-1.731377641000861,-0.06086196782541398,-1.1676366007325345,0.0935722460413713,2.6092962492019294,-13.95773953357949,-5.224228151269901,0.0,0.0,0.0,0.8329643596150854,0.47332324809071463,-0.03892913272298941,189.02591927108222,0.27313327540696875,0.868695652173913,-6.361793101668435,5.339727463528531,-8.8045790832519,0.17796481905975026,0.7859437327130648,0.7519626694827948,0.9530639702052465,2.9781701849638003,-64.31245559390531,Medical Care Facilities,Healthcare,AMEH
2015Q2,2015,Q2,2015-08-19,2015-06-30,-2482366.0,10204125.0,-1664697.0,-0.46,2636257.0,0.258352088,13263092.0,-5216191.0,8200512.0,16821070.0,16995350.0,0.0,-21822887.0,33557384.1,38888893.1,-1.0725424184658066,0.48751429011353026,0.6953119227401876,-1.767954049228642,-0.4335905112446444,-1.0725424184658066,0.4758963005764168,3.288609665208923,-3.3795765914454194,-6.4333119895341255,-0.23985906993569844,0.0,0.017743278147833934,0.7693624533404427,0.4721630669154816,-0.18716344574854793,-63.51391055499511,0.25835208800362597,-149.38709677419357,-22.013317327116482,4.5399749694249305,-9.219865969268811,-0.13049227282202291,-165.4168764074712,-15.275398111702811,0.5057145250618172,2.945315430985322,0.11201224286281995,Medical Care Facilities,Healthcare,AMEH
2015Q1,2015,Q1,2015-07-14,2015-03-31,15098.0,9587488.0,116613.0,0.0031,3031896.0,0.3162346592,14995063.0,-2817673.0,9853079.0,5977712.0,15985247.0,0.0,-19340521.0,24316945.0,28359486.0,-0.5793641018639472,1.6483027285356002,0.6039843247074054,-3.214277526171419,0.002514111188262773,-0.5793641018639472,-0.005358322275154002,2.5363207755775026,402.6517585110611,-8.630151547038993,0.0,0.0,0.0,0.6393763067217524,1.5157155446766255,0.0010068647260768429,-26.10447503231264,0.31623465917245475,1.0106896551724138,11.02755141290038,5.6858178454147,-5.4317061175538575,0.953378875080615,1.0089253675403453,1.0761415552692766,1.059118580373966,2.6200459013762054,-1.9209919541962586,Medical Care Facilities,Healthcare,AMEH
2014Q4,2014,Q4,2015-02-23,2014-12-31,-1691583.0,7642474.0,-1531529.0,-0.29,1552129.0,0.2030924803,15022972.0,-1953892.0,10658308.0,6328562.0,16494713.0,0.0,-18340602.0,21885543.0,24046522.0,-0.4017498674810125,1.684159529447606,0.6065871653092344,-4.663892374808843,-0.20913386286000182,-0.4017498674810125,0.8657505123108135,2.863672548967782,-3.234476670668835,-11.200999338755672,0.0,0.0,0.0,0.5087191801994971,1.6563517905015388,-0.11259975722513495,7.949865689289107,0.20309248026228155,-2.0357142857142856,-7.158788526231191,4.7639649806333715,-2.985147292802862,-0.7179818335071877,-2.2290712121542384,-1.8240845516801267,-1.44210429947082,2.046939982584265,-0.8259367290672144,Medical Care Facilities,Healthcare,AMEH
2014Q3,2014,Q3,2014-11-14,2014-09-30,1376310.0,11665294.0,1858461.0,0.28,5503649.0,0.4717968531,16057989.0,-375773.0,13359190.0,5876728.0,16562014.0,0.0,-16649019.0,26041306.2,30240960.2,-0.0764783795676117,2.2732360592492964,0.5075217700049489,-21.688037724903065,0.22624707694260524,-0.0764783795676117,-3.6626101396321715,2.2323746148189665,4.730276282232928,-69.30063149827156,0.4359482965320313,0.0,0.023040318922251297,0.7264480004314363,2.2417372388172465,0.08570873974318952,-25.346211690597066,0.47179685312689074,1.9032258064516132,26.958509585122027,9.31489895727916,0.2175746672025908,5.593984043553742,1.820335200725261,2.5662279282376974,13.116198962955439,3.8631495302329135,-0.04401357809912058,Medical Care Facilities,Healthcare,AMEH
2014Q2,2014,Q2,2014-08-14,2014-06-30,-1677741.0,4094486.0,-1186584.0,-0.31,834647.0,0.2038465878,8805255.0,-2755101.0,7839812.0,3149163.0,11798216.0,0.0,-18025329.0,29480724.0,30374989.0,-0.5607259170432857,2.489490699592241,0.7559903716587424,-2.4161321127610202,-0.3064872806059702,-0.5607259170432857,0.6089580744952726,7.200103749286235,-4.392919407703573,-10.700414975712324,0.0,0.0,0.0,0.46500481814552785,2.457842925247121,-0.1905386045037878,-26.549260817567472,0.2038465878256758,0.0,-55.28452881248102,2.743334671328562,-2.9227905455808765,0.0,0.0,0.0,-6.571191212535561,1.208492602839592,-3.329465289434841,Medical Care Facilities,Healthcare,AMEH
2014Q1,2014,Q1,2014-03-31,2014-03-31,0.0,0.0,0.0,0.0,0.0,0.0,9483377.0,-1215088.0,8426180.0,2444365.0,11106532.0,0.0,-16347588.0,27023997.0,26944826.0,-0.24729813284097094,3.447185669897908,0.712015034306872,-5.557051834928828,,-0.24729813284097094,0.0,0.0,0.0,-22.240362014932252,0.0,0.0,,0.0,3.421739388348303,0.0,0.0,0.0,1.0,1.0,-1.0,-0.11081042498591759,-1.0,1.0,1.0,1.0,-1.0,-1.7258428271703632,Medical Care Facilities,Healthcare,AMEH
2013Q4,2013,Q4,2014-05-08,2014-01-31,-1162996.0,2839462.0,-1024033.0,-0.24,130750.0,0.0460474555,3959782.0,-1428817.0,3133944.0,4551978.0,5652500.0,0.0,-15581146.0,26532651.6,29360459.6,-0.29079686102688657,0.6884796016149463,1.0806693398778013,-2.994935670558231,-0.35263536255228567,-0.29079686102688657,0.8139572807434402,9.344253101467814,-5.70351308173029,-18.569663994759303,0.0,0.0,0.0,0.7170753339451515,0.6508368449935391,-0.29370202703078097,-47.50426403500605,0.046047455468676814,0.1111111111111112,-2.700689774806222,1.680457531801422,-0.60396456686118,-0.7185848098214439,-0.14620862842804289,-0.2588191329425055,-11.663462277124468,0.5996911698110446,-1.6760505729966624,Medical Care Facilities,Healthcare,AMEH
2013Q3,2013,Q3,2013-12-20,2013-10-31,-1014646.0,2605231.0,-813487.0,-0.27,464616.0,0.1783396559,3246326.0,-779210.0,2644304.0,2094003.0,4292564.0,0.0,-14418150.0,20887680.0,23111694.0,-0.2051762091338052,1.262798572876925,0.9969128177515135,-4.153314254180517,-0.3418431302146177,-0.2051762091338052,1.3021470463674747,8.017592297957455,-5.146543720667109,-26.806226819471004,0.0,0.0,0.0,0.8025167527845324,1.1905522580435655,-0.3125520973555952,-33.02467876810116,0.1783396558692876,0.42553191489361697,-0.9347723764020619,2.6792678204549634,-5.21854176968589,1.0499000675040702,0.4044970000240632,0.40201795518481137,-17.001798050362577,0.8602994805885263,-0.7228531267281058,Medical Care Facilities,Healthcare,AMEH
2013Q2,2013,Q2,2013-09-16,2013-07-31,-1703847.0,2593046.0,-1360387.0,-0.47,226653.0,0.0874080136,3136702.0,-999308.0,2752028.0,2242992.0,4406163.0,0.0,-13403504.0,19395957.6,20901483.6,-0.27821586906335577,1.2269450804996183,0.8792470563030852,-2.7598458133028054,-0.8602548942246945,-0.27821586906335577,1.7050268785999911,7.479989788071635,-2.8459065866829594,-19.409388897116806,-0.14085771785846968,0.0,0.012373712345091948,0.8266791043586544,1.1941335501865367,-0.5431969629247535,-60.63321016599456,0.08740801358710952,-0.9583333333333333,-2.1571202644042446,171.00267522598,-6.886635519663823,-0.6132683129917262,-1.0066151228043316,-0.9107310399847185,-20.38777208755243,0.906179503854165,-1.6510176599059934,Medical Care Facilities,Healthcare,AMEH
2013Q1,2013,Q1,2013-06-14,2013-04-30,-849115.0,2446566.0,-711972.0,-0.24,586073.0,0.2395492294,3388145.0,-901491.0,3047900.0,2287236.0,4323064.0,0.0,-11871387.0,15679548.0,16734621.0,-0.25872617629028594,1.3325690921269164,0.7764050830174033,-2.9180246946447608,-0.41637437628750373,-0.25872617629028594,0.9419006956253584,6.408798291155849,-4.616438291633053,-17.392905752802854,0.0,0.0,0.0,0.7220960141906559,1.2659764886526794,-0.2506135363155945,1604.3740918858077,0.2395492294097114,0.0,-5.97537884112195,145.98653432422284,-16.700061518712825,0.07180765460637006,-0.03093227850099194,-0.3559227779227284,-786.1544813138845,1.3813576491879915,-1.8722019977832887,Medical Care Facilities,Healthcare,AMEH
2012Q4,2012,Q4,2013-05-01,2013-01-31,-823638.0,2529683.0,-525083.0,-0.24,546808.0,0.2161567279,3223085.0,-354876.0,2872122.0,1704750.0,3614464.0,0.0,-11022272.0,21951367.2,23279119.2,-0.10184872676176634,1.6847760668719753,0.7770440432070517,-7.057335520012624,-0.2444647606381545,-0.10184872676176634,2.3209177290095697,8.677516985329783,-6.662929345173486,-61.856443377405064,0.0,0.0,0.0,0.7848638804127102,1.621868309136237,-0.2555433691633947,-121.72752035135194,0.21615672793784835,0.8969957081545064,-48.972844141318426,0.0,-0.8107959871074375,2.2901393535343813,0.8941929294437112,0.6346549774739515,-4.54488479386082,1.6630373230751716,-0.010285778748276408,Medical Care Facilities,Healthcare,AMEH
2012Q3,2012,Q3,2012-12-17,2012-10-31,-7784338.0,1965153.0,-1437225.0,-2.33,166196.0,0.0845715321,2167364.0,-59784.0,2005333.0,1209663.0,2245951.0,0.0,-10199290.0,21067540.2,22121605.2,-0.017877701735677713,1.6577617071862163,0.717474775810616,-26.010788839823363,-1.5847589072730526,-0.017877701735677713,130.20771443864578,10.720559773208498,-0.6766002516848575,-352.3942894419912,0.0,0.0,0.0,0.9067018737969257,1.530989209391376,-3.5916154370008915,78.68215420813803,0.08457153208935894,-1.2621359223300972,-15.857425523442846,2.151851646313383,0.45815728120409693,-0.6254974334013854,-1.430459225696307,-21.803684193824772,-214.72415969375885,1.5531672832355161,0.8170990702303753,Medical Care Facilities,Healthcare,AMEH
2012Q2,2012,Q2,2012-09-14,2012-07-31,-3202826.0,1649451.0,-63026.0,-1.03,443778.0,0.2690458825,1467677.0,-3746208.0,1352041.0,4471199.0,5075784.0,0.0,-5477889.0,12406360.0,13509290.0,-1.2078346912390097,0.30238891178853816,0.9280141339000338,-0.3635743130119844,0.02644165591755242,-1.2078346912390097,0.8549514602499381,7.521508671673181,-0.9683916641116314,-3.311711469304427,0.0,0.0,0.0,1.1238515013862043,0.28317907567970024,-2.182241733024364,190.38671659198332,0.2690458825390994,-18.61904761904762,-5.872693176161122,125.70608659066122,-33.23870827310192,0.46372017085277967,-19.3540125575129,-0.18574680638910315,-165.167432796697,1.3889177183625048,-7.449908169754214,Medical Care Facilities,Healthcare,AMEH
2012Q1,2012,Q1,2012-06-19,2012-04-30,-157356.0,1631844.0,-53153.0,-0.0525,303185.0,0.1857928822,1570313.0,-594358.0,1451123.0,1771570.0,2026570.0,0.0,-2275064.0,4195221.8,5199578.8,-0.19834498380991442,0.8191169414699956,0.7630886326483955,-2.016104771871498,-0.09030747777829234,-0.19834498380991442,0.26474952806221164,2.570847335897304,-6.665176097511375,-7.058408905070681,0.0,0.0,0.0,1.0391839079215417,0.7611226200488832,-0.10020677406351472,-29.874113793348997,0.18579288216275575,0.6250000000000001,0.9214119467270746,0.0,0.9629754056366003,-0.2533510974952039,0.6313008596794185,0.8028120420693365,-0.27055516555053083,1.8109656492367712,0.10907667102606601,Medical Care Facilities,Healthcare,AMEH
2011Q4,2011,Q4,2012-05-15,2012-01-31,-426787.0,1545440.0,-269555.0,-0.14,406061.0,0.2627478259,1364048.0,-659321.0,1249224.0,1515268.0,1785268.0,0.0,-2117708.0,4494880.5,5076885.5,-0.22002398061527997,0.8244244582476499,0.5471698943145695,-1.1320221864615263,-3.1217399023187946,-0.22002398061527997,0.6473129173801532,2.9084794621596437,-2.6329764613261415,-6.817438698297188,0.0,0.0,0.0,1.1329806575721675,0.7681697231116872,-0.31288268448031153,-52.69990737701074,0.26274782586189044,-8.070707070707071,0.6877756881664482,0.0,0.9530763816709501,0.21272694149023544,-8.332606006460036,-3.1359011743078558,-1.2267714517578028,1.3921313458684594,-0.21359861836345861,Medical Care Facilities,Healthcare,AMEH
2011Q3,2011,Q3,2011-12-20,2011-10-31,58204.0,1431965.0,126202.0,0.0198,334833.0,0.2338276424,1917160.0,-214869.0,1214755.0,494737.0,1893928.0,0.0,-1690922.0,4986434.899999999,6135972.899999999,-0.07325420010998239,2.4553550674398723,0.7298248450833524,-6.51183279114251,0.10665025663702685,-0.07325420010998239,-0.2708813276926872,3.482232386964765,21.417921878221428,-23.206860459163487,0.0,0.0,0.0,0.7469199232197625,2.3033227755352845,0.030359490079075298,-19.61487587376139,0.23382764243539472,1.4390243902439024,1.4461854368379972,0.0,0.9068880486885496,1.169014905649377,1.445240007649646,2.5143210261702205,1.1436992317863002,1.618387094267784,-1.2202101555145637,Medical Care Facilities,Healthcare,AMEH
2011Q2,2011,Q2,2011-09-14,2011-07-31,-130725.0,1093708.0,-83339.0,-0.0451,154371.0,0.14114462,1746548.0,-375406.0,1133016.0,644849.0,1893839.0,0.0,-1749126.0,5797154.0,6702994.0,-0.12951389595653315,1.7570252880907002,0.7151191951208898,-3.3270379269377686,-0.10152749472392965,-0.12951389595653315,0.3482229905755369,5.300458623325421,-11.086544272327405,-15.442358406631755,0.0,0.0,0.0,0.6262112464129242,1.676882494971691,-0.07484764232073782,94.59953329743314,0.14114461995340621,0.4355444305381727,0.9118301807920745,0.0,0.9779313454297517,0.674233221986031,0.4289739221596121,0.5553925439064468,0.6998406979529367,88.89985553811583,-2.6713538145023557,Medical Care Facilities,Healthcare,AMEH
2011Q1,2011,Q1,2011-06-20,2011-04-30,-228930.0,1039693.0,-187444.0,-0.0799,92204.0,0.0886838711,1684060.0,-259906.0,1058572.0,467062.0,1715851.0,0.0,-1626293.0,6875551.2,7842471.2,-0.09072354809895096,2.266448565715044,0.741534743417693,-4.804771725162174,-0.19088534569117643,-0.09072354809895096,0.8808184497472163,6.613059047237983,-7.50835539247805,-26.453991827814672,0.0,0.0,0.0,0.6173728964526205,2.149275685026827,-0.13593933707825137,-60.084165268456374,0.08868387110425865,-3.2727272727272725,0.710411625090782,0.0,0.9732776358738104,-0.27812225980207944,-3.2753095411507647,-12.323192835311678,-1.2873295538149987,74.97146137835173,-5.206609650295463,Medical Care Facilities,Healthcare,AMEH
2010Q4,2010,Q4,2011-05-16,2011-01-31,-53547.0,1034926.0,-14069.0,-0.0187,127728.0,0.1234175197,1258139.0,-311309.0,1197483.0,92745.0,1341333.0,0.0,-1397363.0,4583700.8,5435187.8,-0.10866642953658755,12.911563965712437,0.9924086289352766,-4.010767436855343,-0.014790602903328762,-0.10866642953658755,0.17200594907310743,4.429013088858527,-21.400362298541467,-14.72395851067589,0.0,0.0,0.0,0.8225847859417759,12.19305622944633,-0.04256048020131321,-44.52918581268154,0.12341751970672299,-0.26351351351351354,0.8994999677699996,0.0,0.9651609130517336,-0.15388946667638234,-0.30554675118858954,-3.1575059101654848,-2.9514599345355097,0.0,-0.9320097638374567,Medical Care Facilities,Healthcare,AMEH
2010Q3,2010,Q3,2010-12-10,2010-10-31,-41015.0,1019078.0,-3384.0,-0.0148,150959.0,0.1481329201,1297300.0,-329117.0,1203497.0,150116.0,1398302.0,0.0,-1343019.0,3039934.7,3786481.7,-0.11909094626276018,8.017113432279038,0.9621413705388113,-3.792529708280034,-0.0037552329203398836,-0.11909094626276018,0.12462133526982805,2.9830245574921648,-18.529408143362186,-9.236638338341685,0.0,0.0,0.0,0.7855376551298852,7.709118281862026,-0.03161566330070146,-93.700789076226,0.14813292014938995,0.3333333333333333,0.9639580854638768,0.0,0.9718648764409189,-0.13725882406730067,0.326375088278286,0.8174067878918686,0.892523381776128,0.9777825338590033,-2.609443935302604,Medical Care Facilities,Healthcare,AMEH
2010Q2,2010,Q2,2010-09-10,2010-07-31,-60887.0,1039695.0,-18533.0,-0.0222,174976.0,0.1682955097,1302455.0,-288102.0,1196947.0,114457.0,1362442.0,0.0,-1302004.0,2470697.1,3184350.1,-0.10494681845054984,10.457612902662135,0.958178977392693,-4.331747089572443,-0.019550631856684555,-0.10494681845054984,0.2113383454470986,2.376367203843435,-10.144600243073235,-8.575772122373326,0.0,0.0,0.0,0.7982579052635216,10.347816210454582,-0.046747872287334305,83.52028598472045,0.16829550974083746,-73.0,0.9479360717342272,0.0,0.972534510043893,0.36487804117036793,-71.22657176749703,-1.463313417164571,0.8523866697531497,89.23424859946417,-1.974946428664488,Medical Care Facilities,Healthcare,AMEH
2010Q1,2010,Q1,2010-06-18,2010-04-30,-843.0,802885.0,40001.0,-0.0003,128199.0,0.1596729295,1326042.0,-245283.0,1208166.0,95426.0,1343210.0,0.0,-1241873.0,2995261.5000000005,3738505.5000000005,-0.09007938038131229,12.660763313981514,0.9409837697448498,-5.08711977593229,0.7822492457990473,-0.09007938038131229,0.003436846418218955,3.7306233146714667,-888.2744661921708,-12.211451670111668,0.0,0.0,0.0,0.6054747888830068,12.421614654287092,-0.0006357264702023013,-18.673932966745223,0.15967292949799786,0.9929577464788732,0.9982533114567188,0.0,0.964457522823177,-0.32823127469371927,0.9927378921796661,1.5357539879190496,0.9995366751111471,0.0,0.9831850926851734,Medical Care Facilities,Healthcare,AMEH
2009Q4,2009,Q4,2010-05-14,2010-01-31,-116082.0,742352.0,-74663.0,-0.0426,190838.0,0.2570721167,1305441.0,-274507.0,1179751.0,104252.0,1351834.0,0.0,-1241031.0,2178372.0,2760217.0,-0.100811798903034,11.3163392548824,0.955678579116176,-4.544809421981953,-0.07620375444981448,-0.100811798903034,0.42287446221772124,2.9344192512446927,-4.6914508709360625,-7.93557905627179,0.0,0.0,0.0,0.5686599394380902,11.027001880059855,-0.08892167474439672,-14.52102789721028,0.25707211673168523,-2.9444444444444438,0.23374098361668216,0.0,0.9572318762353595,0.17952679984177214,-3.0132065687121865,-6.919527471656227,0.9065444174859315,0.0,0.9785002781898476,Medical Care Facilities,Healthcare,AMEH
2009Q3,2009,Q3,2009-12-14,2009-10-31,-28925.0,616975.0,12613.0,-0.0108,161792.0,0.2622342883,1459147.0,-262011.0,1442115.0,146598.0,1386956.0,0.0,-1231036.0,2680549.0,3090513.0,-0.0977452753148702,9.837207874595833,0.8726728698342251,-4.859940994843728,0.012826230539842188,-0.0977452753148702,0.11039612840682261,4.3446638842740795,-23.1680985306828,-10.230673521340707,0.0,0.0,0.0,0.42283265496896477,8.75066508410756,-0.019823225487219587,-13.312486342597191,0.26223428826127476,-2.7142857142857144,0.9557270250095817,0.0,0.966675237878531,-0.16278395860284606,-2.762107828205909,-0.7925732234775601,0.7573650220508703,0.0,0.8757579319359425,Medical Care Facilities,Healthcare,AMEH
2009Q2,2009,Q2,2009-09-04,2009-07-31,16415.0,580942.0,60807.0,0.0063,193250.0,0.3326493867,463728.0,-373022.0,437074.0,348139.0,555709.0,0.0,-1148950.0,260963.0,457485.0,-0.14294057011913566,1.2554583083193782,0.619455801676845,-0.7700859466733866,-0.20837837210505225,-0.14294057011913566,-0.04400544739988526,0.44920663336443223,3.9744593359731955,-0.6995914450086055,0.0,0.0,0.0,1.2527645516337163,1.217235069900241,0.03539790566884035,8.50180811207037,0.3326493866857621,1.152542372881356,1.0405904521159988,0.0,0.9468500188799416,1.3674184419752784,1.1535245648656485,1.6004324986175844,1.012297252550609,0.0,0.9756434933662079,Medical Care Facilities,Healthcare,AMEH
2009Q1,2009,Q1,2009-06-15,2009-04-30,-106921.0,501183.0,-101272.0,-0.0413,81629.0,0.1628726433,385474.0,-575945.0,348481.0,513862.0,733304.0,0.0,-1151873.0,43979374.0,44218677.0,-0.22262856674585682,0.6781606734882127,0.7744309603241724,-0.5183185894486453,0.3677986803530019,-0.22262856674585682,0.18564446257889208,87.75112882919014,-102.83146902853508,-76.36037121600152,0.0,0.0,0.0,1.3001732931403933,0.6432038173673087,-0.27737538718564675,-2518.1433724592043,0.16287264332589094,0.35468749999999993,0.6565922547134975,0.0,0.8829034604771003,1.982877990632262,0.3538189114379994,0.10202344428877973,0.8502256014658124,0.0,0.934425386240562,Medical Care Facilities,Healthcare,AMEH
2008Q4,2008,Q4,2009-05-18,2009-01-31,-165466.0,557751.0,-112778.0,-0.064,-83051.0,-0.1489033637,414232.0,-469024.0,366901.0,423923.0,655141.0,0.0,-1044951.0,24318006.8,24539845.8,-0.18129880611761323,0.8654897233695742,0.7387164680662045,-0.6524186395578905,0.8227839277273679,-0.18129880611761323,0.3527879170362284,43.6001133122128,-36.74169738798303,-51.84810755952787,0.0,0.0,0.0,1.3464700940535739,0.8064577765301717,-0.39945248073543327,-126.16869597700554,-0.14890336368738022,0.5428571428571429,-0.1496388225836613,0.0,0.9230862868950723,-1.7079437061536231,0.5343694686218725,0.6211015061465427,0.6560969861190153,0.0,0.9418745522707934,Medical Care Facilities,Healthcare,AMEH
2008Q3,2008,Q3,2008-12-22,2008-10-31,-355359.0,479808.0,-297647.0,-0.14,117313.0,0.2444998833,395879.0,-84908.0,326425.0,319275.0,319275.0,0.0,-905829.0,24190119.8,24310020.8,-0.03299426404659641,1.0223944875107667,0.6769745300963174,-3.156357469260847,-1.7693440256227975,-0.03299426404659641,4.185224007160691,50.41624941643324,-17.01808579492851,-284.8980048994206,0.0,0.0,0.0,1.2120066990166187,0.9366282984887636,-0.8976454926884224,-1253.5039796870142,0.24449988328664798,0.06666666666666654,-0.12337982038297068,0.0,0.9856642448895896,19.105055698371892,-0.013440906213103815,0.14920565048621393,0.6646534368894226,0.0,0.9922051362859796,Medical Care Facilities,Healthcare,AMEH
2008Q2,2008,Q2,2008-09-15,2008-07-31,-350646.0,9795.0,-349846.0,-0.15,5835.0,0.595712098,91549.0,-82326.0,91549.0,173875.0,173875.0,0.0,-579326.0,21936874.0,21966367.0,-0.035276876732756,0.5265219266714594,1.3107734655758119,-1.457619707018439,-9.307373785634654,-0.035276876732756,4.259237664893229,2239.599183256764,-15.640328137209607,-266.46349877317004,0.0,0.0,0.0,0.10699188412762564,0.520529115744069,-3.830145605085801,-64.71741541874654,0.5957120980091883,-3.297994269340974,0.4583047148653863,0.0,0.9838076536808066,-0.4165,-3.7945688735745344,-3.78363004895124,0.6472952125752637,0.0,0.9907677362888055,Medical Care Facilities,Healthcare,AMEH
2008Q1,2008,Q1,2008-05-20,2008-03-31,-73134.0,10000.0,-73134.0,-0.0349,10000.0,1.0,0.0,-30599.0,0.0,30599.0,30599.0,0.0,-734106.0,19677480.6,19677480.6,-0.01461724729130212,0.0,0.0,0.0,2.390078107127684,-0.01461724729130212,2.390078107127684,1967.7480600000001,-67.26515915989826,-643.0759371221282,0.0,0.0,0.0,0.0,0.0,0.0,-275.28267091954507,1.0,-6.425531914893617,0.7097148066236909,0.0,0.99231172755509,0.0,-6.385780650373662,-6.385780650373662,0.802890460056757,0.0,0.9942324960935581,Medical Care Facilities,Healthcare,AMEH
2007Q4,2007,Q4,2008-04-17,2007-12-31,-9902.0,0.0,-9902.0,-0.0047,0.0,0.0,0.0,-117741.0,0.0,117741.0,117741.0,0.0,-726244.0,19677480.6,19744803.6,-0.056245279692970454,0.0,0.0,-0.5717889265421561,,-0.056245279692970454,0.0840998462727512,0.0,-496.8057109674813,-167.1251356791602,0.0,0.0,0.0,0.0,0.0,0.0,3577.7237454545457,0.0,0.89438202247191,0.9149774634381954,0.0,0.9761386553036364,0.0,-0.6243438320209974,-0.6243438320209974,0.9149774634381954,0.0,0.9761386553036364,Medical Care Facilities,Healthcare,AMEH
2007Q3,2007,Q3,2007-11-19,2007-09-30,-6096.0,0.0,-6096.0,-0.0445,0.0,0.0,0.0,-107839.0,0.0,107839.0,107839.0,0.0,-716342.0,1288476.8,1353299.8,-0.7867325201354033,0.0,0.0,-0.6011090607294207,,-0.7867325201354033,0.05652871410157735,0.0,-52.84107611548556,-11.948152338207885,0.0,0.0,0.0,0.0,0.0,0.0,-152.59081004263382,0.0,0.9127450980392158,0.6382024067453439,0.0,0.65817074355321,0.0,0.31926298157453936,0.31926298157453936,0.6382024067453439,0.0,0.65817074355321,Medical Care Facilities,Healthcare,AMEH
2007Q2,2007,Q2,2007-08-20,2007-06-30,-8955.0,0.0,-8955.0,-0.51,0.0,0.0,-6.0,-102743.0,-6.0,102737.0,102737.0,0.0,-710246.0,164565.80000000002,226944.80000000002,-5.868681098988976,-5.8401549587782394e-05,-10395.5,-0.6070778544523715,,-5.868681098988976,0.08715922252610883,0.0,-4.594243439419319,-1.601722745101856,0.0,0.0,0.0,0.0,-5.8401549587782394e-05,1492.5,-25.247898128260204,0.0,0.23880597014925375,-0.8441103789126855,0.0,-1.6937678613565457,0.0,0.23448452726961874,0.23448452726961874,-0.8441103789126855,0.0,-1.6937678613565457,Medical Care Facilities,Healthcare,AMEH
2007Q1,2007,Q1,2007-05-21,2007-03-31,-11698.0,0.0,-11698.0,-0.67,0.0,0.0,12.0,-93787.0,12.0,93800.0,93799.0,0.0,-701291.0,164565.80000000002,223426.80000000002,-5.3571142971382875,0.0001279317697228145,4906.083333333333,-0.62773092219604,,-5.3571142971382875,0.12472944011430155,0.0,-3.5169644383655325,-1.7546760211969676,0.0,0.0,0.0,0.0,0.0001279317697228145,-974.8333333333334,-45.08652054794521,0.0,-0.4565217391304348,-4.854854854854856,0.0,0.0,0.0,-0.46481342349110943,-0.46481342349110943,-4.551969625059327,0.0,-1.8176956587051223,Medical Care Facilities,Healthcare,AMEH
