Quarters,Year,Quarter,FillingDate,Date,NetIncome,Revenue,OperatingIncome,EPSDiluted,GrossProfit,GrossProfitRatio,TotalAssets,CommonStockEquity,CurrentAssets,CurrentLiability,TotalLiability,Inventory,RetainedEarnings,MarketCap,EnterpriseValue,bookValuePerShare,currentRatio,debtToAssets,debtToEquity,roic,shareholdersEquityPerShare,roe,priceToSalesRatio,peRatio,pbRatio,payoutRatio,inventoryTurnover,dividendYield,assetTurnover,quickRatio,returnOnAssets,priceToFreeCashFlowsRatio,grossProfitMargin,epsdilutedGrowth,fiveYNetIncomeGrowthPerShare,fiveYRevenueGrowthPerShare,fiveYShareholdersEquityGrowthPerShare,grossProfitGrowth,netIncomeGrowth,operatingIncomeGrowth,threeYNetIncomeGrowthPerShare,threeYRevenueGrowthPerShare,threeYShareholdersEquityGrowthPerShare,Industry,Sector,Symbol
2023Q1,2023,Q1,2023-02-27,2023-03-31,83712000.0,1701281000.0,145604000.0,1.19,318001000.0,0.1869185631,9829323000.0,2047838000.0,6047468000.0,5815205000.0,7395258000.0,1671544000.0,1359232000.0,2568458992.3500004,6274583992.35,31.74060050124047,1.0399406383781826,0.4633238728648962,2.223886850424692,0.016904325010154736,31.74060050124047,0.040878233532144634,1.5097206119094966,7.670522124516198,1.2542295788778215,,0.8275462685995703,,0.1730822153265286,0.3699076816724432,0.008516558057965945,0.0,0.1869185631297828,0.07207207207207193,0.7514651956711991,0.08358159247589617,0.6828418050400716,-0.08785270301667389,0.07551969576277719,0.07249451245562087,-0.3036240135753208,0.8963603372697492,0.29801894383844774,Solar,Technology,CSIQ
2022Q4,2022,Q4,2022-12-31,2022-12-31,77834000.0,1971596000.0,135762000.0,1.11,348629000.0,0.1768257797,9037128000.0,1941639000.0,5644657000.0,5214528000.0,6730434000.0,1524095000.0,1275520000.0,1993216798.1999998,5023904798.2,30.10041113148391,1.0824866603458645,0.44395985096150015,2.0663583704282824,0.018246126796908103,30.10041113148391,0.040086751450707364,1.0109661402234533,6.402140446976899,1.026564051401934,0.0,1.064872596524495,0.0,0.21816621386794566,0.4252620754936976,0.008612691996837934,-890.6241278820374,0.17682577972363506,-0.008928571428571435,0.1493135421683379,0.6122707225676275,0.7055028789206245,-0.03843989783928995,-0.008041802077359331,0.5311446197570686,0.0660758709826959,0.9889009652752301,0.2930648830586703,Solar,Technology,CSIQ
2022Q3,2022,Q3,2022-09-30,2022-09-30,78465000.0,1932479000.0,88667000.0,1.12,362566000.0,0.1876170453,8661466000.0,1784917000.0,5752820000.0,4929901000.0,6544951000.0,1603627000.0,1197686000.0,2402411185.0,5300363185.0,27.675594696334215,1.1669240416795388,0.4595664290548505,2.230086328944147,0.011851528801729962,27.675594696334215,0.04396002727297684,1.2431758301125135,7.654403826546868,1.3459512038935144,,0.9789764078554427,,0.22311223065471827,0.4616204260491235,0.009059089997005125,0.0,0.18761704525637796,0.04672897196261686,4.344237978138806,0.9179910658515411,0.6736472497538477,-0.022864843013071016,0.05375896430394027,-0.23639949361419946,0.24936024014266694,1.3619992186061758,0.249309402704591,Solar,Technology,CSIQ
2022Q2,2022,Q2,2022-06-30,2022-06-30,74462000.0,2314186000.0,116117000.0,1.07,371050000.0,0.1603371553,8380090000.0,1788899000.0,5732536000.0,4783547000.0,6268669000.0,1622297000.0,1119221000.0,2001135993.8400002,4918936993.84,27.83734590326597,1.1983860511875393,0.47390517285613876,2.2200068310172907,0.015176054841825238,27.83734590326597,0.04162448522806486,0.8647256503323415,6.718648417447826,1.1186411272184735,,1.1977683494452618,,0.2761528814129681,0.45287795855251345,0.008885584761022853,0.0,0.16033715526755413,8.727272727272728,0.7571559911059144,2.0139630161965933,0.7402492754155905,1.051235274281197,9.33046614872364,6.484176603287142,0.1007666601134999,1.0693152406339592,0.2957105964445907,Solar,Technology,CSIQ
2022Q1,2022,Q1,2022-03-31,2022-03-31,7208000.0,1250349000.0,15515000.0,0.11,180891000.0,0.1446724075,8372620000.0,1818229000.0,5693888000.0,4761331000.0,6227909000.0,1628803000.0,1044759000.0,2264062575.84,5378498575.84,28.39699667583018,1.1958605692399877,0.4728503144774276,2.1773912966958506,0.00950013173080796,28.39699667583018,0.003964297126489567,1.8107445008073748,78.52603273584906,1.2452021037174086,,0.656591374156359,,0.14933784167918765,0.3801260613891368,0.0008609013665973137,0.0,0.14467240746383608,-0.7962962962962963,1.488222843112353,0.6680611895140445,0.8560156897131445,-0.39961964061680616,-0.8101409192677466,-0.7698924731182796,1.3884593059101282,1.3862490429525134,0.36786214935033673,Solar,Technology,CSIQ
2021Q4,2021,Q4,2021-12-31,2021-12-31,37965000.0,1528719000.0,67425000.0,0.54,301294000.0,0.1970891969,7388342000.0,1801083000.0,4771827000.0,4038148000.0,5261904000.0,1192374000.0,1035552000.0,1985978146.11,4373910146.11,28.37689185069136,1.1816870010707878,0.440932891303624,1.8087800506695138,0.007792784780316452,28.37689185069136,0.0210789841445397,1.2991126205077583,13.077690939747134,1.1026577598644816,,1.0293959781075401,,0.20690961517482542,0.4351923208361853,0.005138500627068969,0.0,0.1970891969027663,0.03846153846153849,3.5943401801878907,1.0829628829528921,0.8541955250824871,0.31782932173958683,0.0772046305754171,0.26994142353982636,-0.6828600106162356,0.5814113621212267,0.36990901739683085,Solar,Technology,CSIQ
2021Q3,2021,Q3,2021-09-30,2021-09-30,35244000.0,1229450000.0,53093000.0,0.52,228629000.0,0.18596038879173615,7481829000.0,1713260000.0,4956622000.0,4177739000.0,5448107000.0,1213243000.0,1009588000.0,2172061063.2000003,4351225063.200001,27.283608368124078,1.1864364911259415,0.40726712679479843,1.7785409103113363,0.01207836816765645,27.283608368124078,0.020571308499585585,1.7666932882183093,15.407310912495745,1.2677941837199258,,0.8249138878196701,,0.16432479277460096,0.42638661725876126,0.0047106128728683855,0.0,0.18596038879173615,1.888888888888889,1.076897053164813,0.7209806811478665,0.7048257275652853,0.23725694989366136,2.129739809963591,1.01262319939348,-0.5063355982825133,0.4920934758402488,0.37572248447721934,Solar,Technology,CSIQ
2021Q2,2021,Q2,2021-06-30,2021-06-30,11261000.0,1429661000.0,26380000.0,0.18,184787000.0,0.12925231925610337,7024607000.0,1651030000.0,4361767000.0,3868976000.0,5060348000.0,1129964000.0,974344000.0,2703350868.1600003,4850197868.16,27.385340938148005,1.1273698777144132,0.42152393721100695,1.7934501493007395,0.006254699272115608,27.385340938148005,0.006820590782723512,1.8909034156768634,60.01578163928603,1.6373723482674454,,1.1016935052798142,,0.20352184826852235,0.42287726778351686,0.0016030790049891758,0.0,0.12925231925610337,-0.5,-0.7335313990674348,0.6950141323850093,0.7213433831206858,-0.05043627506397673,-0.5056411607182054,-0.3933261274521077,-0.2942493640842325,1.1441774527245323,0.5121640734891415,Solar,Technology,CSIQ
2021Q1,2021,Q1,2021-03-31,2021-03-31,22779000.0,1089339000.0,43483000.0,0.36,194602000.0,0.1786422775646516,6839473000.0,1570106000.0,4407933000.0,3873727000.0,4964898000.0,933726000.0,963083000.0,2970995776.63,4868080776.63,26.228364709555255,1.137904916892698,0.42083871081880136,1.833197886002601,0.004584358662205702,26.228364709555255,0.01450793768064067,2.727338116628524,32.60674060132139,1.8922262424511467,,0.9582436389261946,,0.15927235914229065,0.40562848130495516,0.0033305197637303343,0.0,0.1786422775646516,2.272727272727273,-0.04126497648871669,0.4352860822221682,0.6760131055693293,0.37929519165343617,2.433157498116051,16.54054054054054,-0.48634544032860494,-0.25222435055882136,0.3905908493871215,Solar,Technology,CSIQ
2020Q4,2020,Q4,2020-12-31,2020-12-31,6635000.0,1040654000.0,2479000.0,0.11,141088000.0,0.1355762818381518,6536854000.0,1570422000.0,4185822000.0,3588355000.0,4644069000.0,695981000.0,940304000.0,3064239569.1600003,4681710569.16,26.260486970364006,1.166501642117349,0.42776280455399496,1.7805551628797864,0.0016002887785409225,26.260486970364006,0.0042249790183784995,2.94453254315075,115.45740652449133,1.9512204803294912,,1.2925151692359418,,0.1591979872886866,0.48057257434116746,0.0010150142560932216,0.0,0.1355762818381518,-0.26666666666666666,-0.900369496173894,-0.13102745702098,0.7938038083853581,-0.20922333634126794,-0.24883957885203214,-0.9580164953342253,-0.894320058313109,-0.08207148546405807,0.4879310430071659,Solar,Technology,CSIQ
2020Q3,2020,Q3,2020-09-30,2020-09-30,8833000.0,914360000.0,59047000.0,0.15,178417000.0,0.1951277396211558,6192776000.0,1501199000.0,3921465000.0,3169708000.0,4376719000.0,624515000.0,933669000.0,2097200675.7,3766544675.7,25.12496086356282,1.2371691651092152,0.447662082400526,1.8467045341756823,0.0016201057319625686,25.12496086356282,0.005883963418574087,2.293626881862724,59.356975990603424,1.3970171014635635,0.0,1.178423256447003,0.0,0.14764945478409036,0.5445429042675224,0.0014263393347345359,0.0,0.1951277396211558,-0.5588235294117647,-0.7279242067816835,0.006622861791716532,0.8354969572775706,0.21197320870581202,-0.5712968355659095,0.2986495997184833,-0.35060905007826393,-0.020426095395198678,0.5194008335092711,Solar,Technology,CSIQ
2020Q2,2020,Q2,2020-07-28,2020-06-30,20604000.0,695846000.0,45468000.0,0.34,147212000.0,0.21155830456738992,5258530000.0,1508057000.0,3196400000.0,2791227000.0,3709570000.0,547106000.0,924836000.0,1144095665.12,2830667665.12,25.400199717522728,1.145159458546367,0.43080233449271943,1.5021892408576067,0.008090386910404673,25.400199717522728,0.013662613548426883,1.6441794091221331,13.88196060376626,0.7586554520949804,0.0,1.00279287743143,0.0,0.1323270952148224,0.40985989315809856,0.003918205277900858,0.0,0.21155830456738992,-0.8152173913043478,0.08385142039076118,0.02697531421436653,0.8099447004516453,-0.34043916360882986,-0.8137592537353906,-0.5991748651221834,-0.47373494646272823,-0.019087741645941868,0.5878912920589965,Solar,Technology,CSIQ
2020Q1,2020,Q1,2020-04-28,2020-03-31,110631000.0,825635000.0,113436000.0,1.84,223197000.0,0.2703337431189327,5315607000.0,1451936000.0,3312876000.0,2833446000.0,3822526000.0,632362000.0,904232000.0,944677442.12,2605655442.12,24.453110374012326,1.1692038598935712,0.42885431522684053,1.5700561181760078,0.04076218136634102,24.453110374012326,0.07619550723998854,1.1441828921012311,2.134748493008289,0.6506329770182707,,0.9526790034821827,,0.15532280697199774,0.4029538590112534,0.020812486701895005,0.0,0.2703337431189327,0.6428571428571428,0.6794155724309302,-0.10713222531274814,0.8247882736926633,-0.027472527472527472,0.6332432791531954,0.01803887782025739,9.080587918617532,0.18776801514663324,0.5982449494415523,Solar,Technology,CSIQ
2019Q4,2019,Q4,2020-01-07,2019-12-31,67737000.0,919707000.0,111426000.0,1.12,229502000.0,0.2495381681339818,5467207000.0,1393134000.0,3252936000.0,3091997000.0,4042149000.0,554070000.0,793601000.0,1322613815.9,3056371815.9,23.278345522989632,1.0520501798675743,0.4394433940401379,1.7245491101358519,0.021111295073896336,23.278345522989632,0.048622027744639064,1.4380817106969939,4.881430443849005,0.9493801858974084,,1.245700001804826,,0.16822245801192456,0.4078247812012754,0.012389690019053604,0.0,0.2495381681339818,0.16666666666666682,-0.17568493975003763,-0.11349280153323037,0.7917169866707741,0.15377499824044563,0.16125216437228918,0.3909645848677394,5.909051595651503,0.3290198897434581,0.5210476301335916,Solar,Technology,CSIQ
2019Q3,2019,Q3,2019-11-12,2019-09-30,58331000.0,759882000.0,80107000.0,0.96,198914000.0,0.26176959054168936,5307640000.0,1326964000.0,3344774000.0,3079791000.0,3942189000.0,413036000.0,725864000.0,1130925971.2,2942278971.2,22.152714640920962,1.0860392799381517,0.44040816634134944,1.7615609767861071,0.018070790913690873,22.152714640920962,0.04395823850534001,1.4882915652693445,4.847019471636008,0.8522657518968111,,1.358157642433105,,0.14316758483996653,0.376295988916131,0.0109900068580386,0.0,0.26176959054168936,-0.07692307692307698,-0.48612126156685737,-0.23712729204302596,0.8746833420907498,0.08909232268591014,-0.06941386681982069,0.3188074149682263,2.603449832885505,0.11506596938743709,0.38422005424244093,Solar,Technology,CSIQ
2019Q2,2019,Q2,2019-06-30,2019-06-30,62682000.0,1036275000.0,60742000.0,1.04,182642000.0,0.17624858266386817,5038662000.0,1279326000.0,2895322000.0,2930509000.0,3717319000.0,337819000.0,667533000.0,1326116344.43,3045246344.4300003,21.484231108128007,0.987992870863048,0.42821407746739115,1.6865333777317117,0.012637858010591092,21.484231108128007,0.048996112015233025,1.2796953940122073,5.289063624445614,1.0365742151961266,,2.526894579641761,,0.20566471813350448,0.3505722043508483,0.01244020734075832,0.0,0.17624858266386817,4.586206896551725,0.03436746113486625,0.5292732976314899,1.1032601616734652,0.6999599772894387,4.6517331779784445,8.196366389099166,0.5017143477160526,0.24391491782854902,0.3504209840928391,Solar,Technology,CSIQ
2019Q1,2019,Q1,2019-04-25,2019-03-31,-17165000.0,484719000.0,6605000.0,-0.29,107439000.0,0.22165213247262847,5072867000.0,1229648000.0,3089844000.0,3064377000.0,3800174000.0,385141000.0,604851000.0,1130724123.43,3006210123.4300003,20.76013046293976,1.0083106615145592,0.44267669544657884,1.8262462102975812,0.0013383579772849158,20.76013046293976,-0.013959279403536622,2.3327414923491756,-16.46845504558695,0.9195510613037227,,0.9795892932718148,,0.09555129278965918,0.29438055435085175,-0.0033836881589838644,0.0,0.22165213247262847,-1.160220994475138,-5.032402932175274,-0.07624089649222793,1.208908850241836,-0.6039976558094277,-1.1538330555107454,-0.9516347526818731,-1.730154516457351,-0.3545353019426751,0.326588642277809,Solar,Technology,CSIQ
2018Q4,2018,Q4,2019-02-08,2018-12-31,111582000.0,901041000.0,136565000.0,1.81,271309000.0,0.3011061649802839,4892658000.0,1225473000.0,3074321000.0,2948357000.0,3619813000.0,262022000.0,622016000.0,848359246.92,2588522246.92,20.714435404341334,1.0427234558094558,0.44647735443597325,1.7825451886740875,0.030333140305267865,20.714435404341334,0.09105218964432508,0.9415323463860135,1.9007529147174276,0.6922708594314195,,2.4033554434360473,,0.18416186048565014,0.36173672319871714,0.02280600851316401,0.0,0.3011061649802839,0.6605504587155963,3.546621488510292,0.4804761279772544,1.678349160810039,0.3538981291574971,0.6769161406672678,0.42397605939272603,0.6936688090199182,-0.2394510025461423,0.4149635975446241,Solar,Technology,CSIQ
2018Q3,2018,Q3,2018-10-26,2018-09-30,66540000.0,767970000.0,95904000.0,1.09,200391000.0,0.2609359740614868,5203870000.0,1160705000.0,3336507000.0,3645422000.0,4002098000.0,322011000.0,510432000.0,842778360.0,2448472360.0,19.832203570105907,0.9152594679024815,0.40840720463808666,1.8310406175557097,0.024251064730148545,19.832203570105907,0.05732722784859202,1.0974105238485878,3.166435076645627,0.7260917804265511,,1.7626074885640552,,0.1475767073351179,0.2663343228849774,0.012786637636989395,0.0,0.2609359740614868,3.1923076923076925,0.9475264768734983,0.2679694038564886,1.6034364694788852,0.25688211496848246,3.2738775772368167,0.7780414550038933,1.0924084199711268,-0.1368707893004635,0.4488360601520485,Solar,Technology,CSIQ
2018Q2,2018,Q2,2018-06-30,2018-06-30,15569000.0,650590000.0,53938000.0,0.26,159435000.0,0.245062174334066,5192954000.0,1065347000.0,3396484000.0,3662775000.0,4089761000.0,336468000.0,443892000.0,720034438.32,2616122438.32,18.110032779022145,0.9272980185788098,0.45225877217475835,2.2045014441304103,0.009545731180076712,18.110032779022145,0.014614017780122345,1.1067407096942776,11.56198918234954,0.6758684619377537,,1.4597376273523783,,0.1252832203019707,0.26258096661684105,0.0029981008882420295,0.0,0.245062174334066,-0.6388888888888888,1.9220838100806439,0.2766543338853857,1.8647280538379376,0.10760285106915093,-0.6410770684925191,-0.3106700576379925,-0.17341465130276099,-0.03091242018846698,0.2904685088276761,Solar,Technology,CSIQ
2018Q1,2018,Q1,2018-03-31,2018-03-31,43377000.0,1424911000.0,78247000.0,0.72,143946000.0,0.10102104622674679,5299674000.0,1104398000.0,3412907000.0,3620194000.0,4156138000.0,414090000.0,428323000.0,952667429.9399999,2697724429.94,18.86130972393134,0.9427414663413066,0.43633004596131764,2.0938167218701955,0.020958349421132057,18.86130972393134,0.039276601370158225,0.6685803042716352,5.490625388685248,0.8626124186570422,,3.093445869255476,,0.2688676699736625,0.28372761238762345,0.008184843067705673,0.0,0.10102104622674679,-0.28712871287128716,8.327795568142092,2.996819996552721,1.8572063693570897,-0.341364984077016,-0.2935687181408074,-0.39883065197682815,-0.3322706732859873,0.56259486696741,0.4075058871567159,Solar,Technology,CSIQ
2017Q4,2017,Q4,2017-12-31,2017-12-31,61403000.0,1108763000.0,130158000.0,1.01,218552000.0,0.19711335966297577,5889627000.0,1032226000.0,4085303000.0,4108012000.0,4829852000.0,346092000.0,383681000.0,986080552.26,3485604552.26,17.648994618252303,0.9944720219901987,0.5197617777832111,2.9656325262103453,0.022036530778449814,17.648994618252303,0.059486004034000305,0.8893519645406638,4.014789799602625,0.9552952088593002,,2.5721802295343434,,0.18825691338347914,0.25356011618271806,0.010425617785302873,0.0,0.19711335966297577,3.5909090909090913,1.4323764436573039,1.7800529590753231,1.623198897966085,0.3676510159510892,3.6191980741743777,1.2530379089492816,-0.23538498105383118,0.09359737051234633,0.3584300234719825,Solar,Technology,CSIQ
2017Q3,2017,Q3,2017-09-30,2017-09-30,13293000.0,912223000.0,57770000.0,0.22,159801000.0,0.1751775607499482,6048090000.0,965577000.0,4204849000.0,4411997000.0,5056998000.0,301526000.0,322279000.0,983322475.64,2953179475.64,16.536097854792647,0.9530489254639113,0.42731556574058915,2.6765788746003687,0.008426756710349436,16.536097854792647,0.013766897927353283,1.077940893443818,18.49323846460543,1.018378105153706,,2.495380166221155,,0.15082827801834958,0.26989569575863265,0.002197883960060118,0.0,0.1751775607499482,-0.6507936507936508,1.2252589159257379,1.0708676016548957,0.8222591575934817,-0.047891133765096315,-0.6521249869151052,-0.310200718814553,-0.879866939556342,-0.060524956465139446,0.3993746452319032,Solar,Technology,CSIQ
2017Q2,2017,Q2,2017-06-30,2017-06-30,38212000.0,692366000.0,83749000.0,0.63,167839000.0,0.24241369449106398,5675014000.0,926936000.0,3908846000.0,4124849000.0,4722660000.0,283184000.0,308986000.0,922521398.08,2931310398.08,15.996183016147562,0.9476337194403965,0.4414803205771827,2.7028910302329394,0.019534949849338047,15.996183016147562,0.04122398957425324,1.3324186890748535,6.035547721134722,0.9952374253238627,,1.8522480083620543,,0.1220025184078841,0.2349627828800521,0.006733375459514285,0.0,0.24241369449106398,3.7391304347826084,2.1172623483704833,0.4809215947189605,0.6004766020927457,0.836192372491959,3.8655418072740906,36.928356928356926,-0.35202268820373783,0.04996263221465472,0.5659920202577073,Solar,Technology,CSIQ
2017Q1,2017,Q1,2017-03-31,2017-03-31,-13335000.0,677042000.0,-2331000.0,-0.23,91406000.0,0.13500787248058466,5398409000.0,884837000.0,3521460000.0,3712641000.0,4501301000.0,274527000.0,270774000.0,709605658.4399999,2625621658.44,15.299976629087151,0.9485053900983155,0.4512222026897184,2.752916073807944,-0.0005769488245820141,15.299976629087151,-0.015070572320099633,1.0480969547531762,-13.30344316535433,0.8019620093192306,,2.1332546525478366,,0.12541509915236138,0.2686066333911628,-0.002470172230373801,0.0,0.13500787248058466,0.0,0.5337442111189042,0.5506919460437787,0.46644329957586933,0.8671051556499714,-0.0005252100840336134,0.8017857142857143,-4.208421044367842,0.32148586066334667,0.6279403371195436,Solar,Technology,CSIQ
2016Q4,2016,Q4,2016-12-31,2016-12-31,-13328000.0,668428000.0,-11760000.0,-0.23,48956000.0,0.07324049860269169,5406606000.0,884681000.0,3790763000.0,3721066000.0,4507216000.0,295371000.0,284109000.0,704084351.46,2840197351.46,15.304152915280586,1.0187303853250655,0.4896143717518902,2.9922107516720717,-0.001648505908401232,15.304152915280586,-0.015065317329071157,1.0533435934161945,-13.206864335609243,0.7958624085517831,,2.0972675042573576,,0.12363172015863556,0.2659122412770964,-0.0024651324694272155,0.0,0.07324049860269169,-1.8518518518518516,0.8338552547450441,0.05264700129217492,0.41750286940291287,-0.5826178885355477,-1.8535929294223132,-1.4360562126886425,-1.5557927605676296,0.12399591432634204,0.978806774958472,Solar,Technology,CSIQ
2016Q3,2016,Q3,2016-09-30,2016-09-30,15614000.0,657323000.0,26969000.0,0.27,117293000.0,0.17844043187291483,5225714000.0,924671000.0,3768936000.0,3392602000.0,4287608000.0,313869000.0,297437000.0,793875051.12,2757774051.12,16.003752129602507,1.1109278365101476,0.467834060570479,2.6439317335571246,0.007781141407925124,16.003752129602507,0.016886005941572732,1.2077396517693737,12.710949326245677,0.8585486633840578,,1.72055857698594,,0.12578625619389044,0.28889713559091224,0.0029879170578412826,0.0,0.17844043187291483,-0.6029411764705882,1.2657898796769496,-0.017384320925266056,0.3356904074792618,-0.15292953657497346,-0.6133138512593179,-0.3186032997296546,-0.5370861104696141,0.09933184944146498,1.1008634666049388,Solar,Technology,CSIQ
2016Q2,2016,Q2,2016-06-30,2016-06-30,40379000.0,805906000.0,39579000.0,0.68,138469000.0,0.17181780505418745,4941650000.0,916457000.0,2208431000.0,2723499000.0,4011328000.0,309679000.0,281823000.0,870990155.28,2719329155.2799997,15.909284113028122,0.8108800480558281,0.47422439873321665,2.5570768732193656,0.008302071660516427,15.909284113028122,0.04405989588163984,1.0807589908500495,5.392593645706926,0.9503884582473591,,2.155254311722784,,0.163084394888347,0.36835556025539207,0.008171157406938977,0.0,0.17181780505418745,0.7435897435897436,3.2643744045440757,0.25099408702491516,0.22461856224243454,0.23115291941922808,0.7879472192702799,0.03134771732332708,3.4421685446411585,0.6149561147247873,1.5166035352438907,Solar,Technology,CSIQ
2016Q1,2016,Q1,2016-03-31,2016-03-31,22584000.0,721422000.0,38376000.0,0.39,112471000.0,0.1559018161353549,4800967000.0,890464000.0,2265151000.0,2737677000.0,3893241000.0,413161000.0,241444000.0,1097058008.72,2980861008.7200003,15.649259914734182,0.827398922517156,0.4782748975362672,2.578635408056923,0.008240058050369167,15.649259914734182,0.025362058432457684,1.5206883193470673,12.144195101842012,1.2320071431523343,,1.473883062534944,,0.1502659776665826,0.37895230153155396,0.004704052329457795,0.0,0.1559018161353549,-0.6285714285714286,1.897746080345799,0.22688802663842725,0.23169380282724703,-0.4389130564923273,-0.6374843494173168,-0.6354967088703779,4.925960263901561,1.0823198285281466,1.3706288565618947,Solar,Technology,CSIQ
2015Q4,2015,Q4,2015-12-31,2015-12-31,62298000.0,1120278000.0,105283000.0,1.05,200452000.0,0.17893058687218708,4417254000.0,818968000.0,2264093000.0,2656324000.0,3584744000.0,334489000.0,218860000.0,1620084461.28,3453405461.2799997,14.639553583065275,0.8523406783208675,0.5402451387219299,2.913911166248254,0.022056828199886625,14.639553583065275,0.07606890623321058,1.446145029430195,6.501350208995473,1.9782023977493626,0.0,2.749943944344956,0.0,0.25361412316339516,0.4281412960166004,0.014103332070105093,723.8983294369973,0.17893058687218708,0.9811320754716981,0.8694808602258036,0.8963194106837161,0.17456134120232197,0.5806024286390159,1.0510980146840945,2.409533987499595,1.4586297930625958,1.9366749314159546,1.1759007612873928,Solar,Technology,CSIQ
2015Q3,2015,Q3,2015-09-30,2015-09-30,30373000.0,849806000.0,30879000.0,0.53,126820000.0,0.14923406047968596,4077822000.0,765163000.0,2276588000.0,2498563000.0,3301046000.0,426400000.0,156562000.0,929037524.1600001,2791271524.16,13.688369661385023,0.9111589341553525,0.5414743458640421,2.8857067056300423,0.01187625131280256,13.688369661385023,0.03969481012542426,1.093234837315811,7.646902875580286,1.2141694307748807,,1.6955581613508444,,0.20839703155262784,0.3469890493055408,0.007448338843627799,0.0,0.14923406047968596,0.7096774193548389,0.1465167136512817,0.727905405432632,0.16967140310960255,0.313679587312768,0.700425484268279,-0.04946746290709844,1.5376483503402958,1.015221330123539,0.5084427527594855,Solar,Technology,CSIQ
2015Q2,2015,Q2,2015-06-30,2015-06-30,17862000.0,636651000.0,32486000.0,0.31,96538000.0,0.15163409780240666,3711485000.0,782890000.0,2216454000.0,2306601000.0,2917264000.0,521070000.0,126190000.0,1595493185.0,2635439185.0,14.033688273008826,0.9609178180361493,0.3888694148029697,1.843532297002133,0.012716054564781754,14.033688273008826,0.0228154657742467,2.5060719059578953,22.330830604075693,2.037953205431159,,1.0365459535187211,,0.17153538273763735,0.35286597031736305,0.004812628907297214,0.0,0.15163409780240666,-0.7019230769230769,3.2625958408512465,0.4875270281832965,0.2650077817677807,-0.36887180392387603,-0.7087511617668639,-0.5873326389065319,1.542487760331935,0.4144976279515983,0.4041218270221611,Solar,Technology,CSIQ
2015Q1,2015,Q1,2015-03-31,2015-03-31,61329000.0,860891000.0,78722000.0,1.04,152961000.0,0.17767754570555389,3331230000.0,740768000.0,2488397000.0,2200196000.0,2579240000.0,400148000.0,108328000.0,1845767546.28,2600319546.2799997,13.400519241900168,1.1309887846355506,0.34869012346790823,1.5680577454749665,0.03136495613354707,13.400519241900168,0.08279110328739903,2.144020028412424,7.524040609988749,2.491694493120653,,1.7691704069494287,,0.2584303695631944,0.38065972304285617,0.018410316909970192,0.0,0.17767754570555389,-0.1875,30.686548638637863,0.9762325638338689,0.2216158787286807,-0.17257719789128004,-0.1902085814017442,-0.3210914126929309,3.2434119085632216,1.0628612064103724,0.28438769087809135,Solar,Technology,CSIQ
2014Q4,2014,Q4,2014-12-31,2014-12-31,75734317.0,956152610.0,115953755.0,1.28,184864376.0,0.1933419143205602,3072423650.0,716610999.0,2315886821.0,1949265280.0,2342849541.0,432325119.0,46998469.0,1334248241.23,2182569565.23,12.9922000495422,1.1880819120730453,0.4549713328108251,1.950660379132696,0.040300988653940675,12.9922000495422,0.10568400025353225,1.3954343974755243,4.404371406789078,1.8618863554869887,0.0,1.784046774298118,0.0,0.3112046771284292,0.49664648107824505,0.024649698618222783,6.040986066214664,0.1933419143205602,-0.26857142857142857,4.150956294079455,1.439053591821751,-0.002250694128354914,-0.1167112967112776,-0.27319011333864357,-0.2571209966236778,1.9894434375075347,0.5780907408486753,0.20336492663338554,Solar,Technology,CSIQ
2014Q3,2014,Q3,2014-09-30,2014-09-30,104201000.0,914381000.0,156087000.0,1.75,209291000.0,0.22888817681032306,2899496000.0,649777000.0,2206625000.0,1836957000.0,2236533000.0,390491000.0,-28736000.0,1966908884.3600001,2573495884.36,11.816776808938323,1.2012393322217123,0.34996978785278543,1.561668079972052,0.07121068270409274,11.816776808938323,0.16036424804202057,2.1510824091489216,4.719025931516972,3.02705217999406,,1.8056498101108605,,0.3153586002532854,0.46668757080323603,0.03593762502172791,0.0,0.22888817681032306,0.8421052631578948,1.6742933058368359,1.7905250994007982,0.1261043337775679,0.7702021483549014,0.8679705286556836,1.3056027415471425,2.863786971270404,0.43625704956345,-0.013759067048588163,Solar,Technology,CSIQ
2014Q2,2014,Q2,2014-06-30,2014-06-30,55783000.0,623769000.0,67699000.0,0.95,118230000.0,0.18954132058502426,2998352000.0,559915000.0,2268770000.0,2026518000.0,2428001000.0,441701000.0,-132937000.0,1713500582.28,2548592582.2799997,10.214728305904874,1.1195410058040443,0.39233785759643963,2.1009742550208514,0.033923402566698325,10.214728305904874,0.09962762204977542,2.7470114453908416,7.679313510747002,3.0602869762017453,,1.144527632946269,,0.2080372818134762,0.38790477064600465,0.01860455343468679,0.0,0.18954132058502426,12.57142857142857,1.0558074855009438,2.5580761817282287,0.04641881137848696,0.7232684235074627,13.745704467353951,1.5475652893805976,5.1910998440639915,0.017561876857265204,-0.21372037844049946,Solar,Technology,CSIQ
2014Q1,2014,Q1,2014-03-31,2014-03-31,3783000.0,466324000.0,26574000.0,0.07,68608000.0,0.14712517477118914,2796321000.0,494720000.0,2056460000.0,1872206000.0,2290545000.0,376418000.0,-188720000.0,1686551829.84,2437239829.84,9.39836447333121,1.0984154521457574,0.3986970737622755,2.253567674644243,0.005380482162511565,9.39836447333121,0.007646749676584735,3.6166953230800902,111.45597606661379,3.40910379576326,,1.0565807161187828,,0.1667634009114118,0.39663957919160603,0.001352848975493157,0.0,0.14712517477118914,-0.8205128205128205,1.535980383056157,5.3912271015408955,0.02046751499509439,-0.3224302757367465,-0.8194013462548336,-0.41333863169746343,-0.47529985874459607,-0.14272789663754917,-0.2602904328009276,Solar,Technology,CSIQ
2013Q4,2013,Q4,2013-12-31,2013-12-31,20947000.0,519469000.0,45297000.0,0.39,101256000.0,0.19492212239806417,2453735356.0,390528781.0,1719355606.0,1778358864.0,2052237035.0,231157811.0,-192502848.0,1505756605.92,2565981432.92,7.73403098723561,0.9668215121287241,0.5251072964528779,3.2993069952506264,0.02354354199667263,7.73403098723561,0.053637532031217953,2.8986457438653703,17.971029334988305,3.8556866463575705,0.0,1.8092098994656078,0.0,0.2117053897967308,0.3054975696963715,0.00853678044324516,20.763192248721698,0.19492212239806417,-0.3035714285714286,1.2887371067685267,4.202180106568494,-0.18966347147740462,0.010427996926485116,-0.24357215080167557,-0.18048595154958116,-0.3035968729691623,-0.025824328138069987,-0.37948286758032956,Solar,Technology,CSIQ
2013Q3,2013,Q3,2013-09-30,2013-09-30,27692000.0,490897000.0,55273000.0,0.56,100211000.0,0.20413854637530887,2444315804.0,361351422.0,1653144816.0,1699805125.0,2071285313.0,220619487.0,-213450572.0,805933409.4899999,1771683058.4899998,7.617702141998342,0.9725496127092804,0.507072241635762,3.4300257824915934,0.025416567316793485,7.617702141998342,0.07663453999082367,1.6417566403746608,7.275868567546583,2.230331362830502,,1.770858981283009,,0.2008320689154289,0.3471155389062614,0.011329141657834652,0.0,0.20413854637530887,2.931034482758621,0.8353109422307651,0.42714917001128316,-0.3039836095066346,1.058904503616042,3.197254621915417,3.519090834764124,0.2318092995237841,0.176215785821383,-0.34906723201390594,Solar,Technology,CSIQ
2013Q2,2013,Q2,2013-06-30,2013-06-30,-12603000.0,380380000.0,12231000.0,-0.29,48672000.0,0.12795625427204374,2259434000.0,277582000.0,1588044000.0,1558841000.0,1970785000.0,218455000.0,-241142000.0,518040670.812,1444764670.812,6.321728428902612,1.0187337900401645,0.4727524680959922,3.8480629147423104,0.005600366953855446,6.321728428902612,-0.04540279989336484,1.3619030201693043,-10.276138038800285,1.866261756208976,,1.5184271360234374,,0.16835189697950903,0.2934705977068861,-0.005577945627090679,0.0,0.12795625427204374,-1.8999999999999997,-1.7643964521264166,0.14450461978336598,-0.2944907716713349,0.9044488789764057,-1.8793694311172036,-0.32110346358792186,-4.821126920292936,0.12915761877310994,-0.4301543898359768,Solar,Technology,CSIQ
2013Q1,2013,Q1,2013-03-31,2013-03-31,-4377000.0,263611000.0,18016000.0,-0.1,25557000.0,0.0969496720546563,2316312000.0,285808000.0,1462367000.0,1619912000.0,2019916000.0,291296000.0,-228539000.0,142875605.4,1151010605.4,6.601311661003818,0.9027447169969727,0.5057915341283903,4.099153977495382,0.005878650513595697,6.601311661003818,-0.015314476851592677,0.5419940950870791,-8.160589753255653,0.49990065148631246,,0.8172237174557838,,0.11380634387768142,0.2587856624310456,-0.001889641809911618,0.0,0.0969496720546563,0.9588477366255144,-1.1457826992930937,-0.026043121563687523,0.18850923904934827,0.7187612437060465,0.9583082070508737,1.196928972684314,-3.8873673660266883,-0.2273730458604319,-0.3982123378992613,Solar,Technology,CSIQ
2012Q4,2012,Q4,2012-12-31,2012-12-31,-104984691.0,294838413.0,-91484761.0,-2.43,14869430.0,0.05043247197236813,2259313081.0,290898835.0,1442204127.0,1540249730.0,1957729650.0,274455798.0,-224162124.0,147005014.6,1309662465.6,6.728042860927004,0.9363443465755388,0.5774434911086145,4.484808723967561,-0.055561086007816674,6.728042860927004,-0.3608975986445597,0.4985951901728626,-0.3500629787061049,0.5053475535575795,0.0,1.0200876973274946,0.0,0.13049913953027742,0.2769454171564763,-0.04646752673761021,-1.8574475641802368,0.05043247197236813,-1.405940594059406,-12.05823290244616,0.46005671025527584,0.4541561410775695,1.0455949924336223,-1.4041561555372355,-1.6518859354165458,-4.5721548706887205,-0.04054252425387291,-0.48331305946900543,Solar,Technology,CSIQ
2012Q3,2012,Q3,2012-09-30,2012-09-30,-43668000.0,325965000.0,-34498000.0,-1.01,7269000.0,0.02229994017762643,2316509000.0,392102000.0,1464746000.0,1480673000.0,1913891000.0,317793000.0,-119177000.0,122714110.96,919454110.96,9.07450391229237,0.9892434048571157,0.4816350810637904,2.8454636803688835,-0.0219693479159833,9.07450391229237,-0.1113689805203748,0.37646407117328545,-0.7025402523587065,0.312964766718864,,1.002841472279125,,0.14071389319014085,0.4063044304853266,-0.018850779340809812,0.0,0.02229994017762643,-0.7118644067796611,-53.83538925567075,1.1129011507349562,1.1383626423105289,-0.8316113787991104,-0.7142184187799325,-10.218861788617886,-2.4262300696682813,0.2659566875012481,-0.135226267895294,Solar,Technology,CSIQ
2012Q2,2012,Q2,2012-06-30,2012-06-30,-25474000.0,348222000.0,-3075000.0,-0.59,43168000.0,0.12396689468212807,2348309000.0,431373000.0,1495920000.0,1571679000.0,1906904000.0,343760000.0,-75509000.0,155377605.6,890600605.6,9.994637219457834,0.9517974090129091,0.4534782262470569,2.4686454645979232,-0.0022395722286359557,9.994637219457834,-0.05905330189882074,0.4462027258473043,-1.5248646227526106,0.36019316368896526,,0.8874040027926461,,0.14828627748733236,0.39806410851070734,-0.01084780580409137,0.0,0.12396689468212807,-0.20408163265306117,-4.6075071938238725,2.642769489536246,1.4359404468471735,0.7229295549790461,-0.1936088464061475,0.7715113687026304,-2.192304215718371,1.5226501164611645,0.023872205519006942,Solar,Technology,CSIQ
2012Q1,2012,Q1,2012-03-31,2012-03-31,-21342000.0,325804000.0,-13458000.0,-0.49,25055000.0,0.07690206381750991,1991126000.0,450261000.0,1406632000.0,1355151000.0,1535613000.0,389894000.0,-50035000.0,137235339.06,695100339.06,10.433391208178504,1.037989124459193,0.4777116063975861,2.1125169623840394,-0.008616231198410977,10.433391208178504,-0.04739917514508252,0.42122054689322413,-1.6075735528535284,0.3047906415612278,,0.7713609339974454,,0.1636280175137083,0.5334320677179148,-0.010718558242923852,0.0,0.07690206381750991,0.6474820143884892,-2.499207556398738,10.771660612548136,1.5535224484125918,-0.39458741089766824,0.6436347849318729,0.37448291889379504,-2.6882131683393546,4.446546793850591,0.13284995803188113,Solar,Technology,CSIQ
2011Q4,2011,Q4,2011-12-31,2011-12-31,-59888000.0,474060000.0,-21515000.0,-1.39,41385000.0,0.08729907606632072,1879808737.0,465933771.0,1295577542.0,1236447408.0,1412831045.0,296568127.0,-28693433.0,114794340.22,735254591.22,10.796558684729204,1.0478226033856508,0.5130601379899853,2.0699399571961914,-0.02069112437593293,10.796558684729204,-0.1285332889081354,0.24215150027422688,-0.4792042655456853,0.24637480123757763,0.0,1.4589396520011066,0.0,0.252185230693499,0.6158655799454755,-0.031858560299903534,-0.790050517687543,0.08729907606632072,-0.36274509803921556,-4.700529850256058,8.451810185033224,1.005279940341908,2.4765625,-0.3649064430111448,0.2992541445461356,0.03410731767092635,4.55478634166535,0.13121422696821372,Solar,Technology,CSIQ
2011Q3,2011,Q3,2011-09-30,2011-09-30,-43877000.0,499639000.0,-30703000.0,-1.02,11904000.0,0.023825201795696492,2079820000.0,517062000.0,1505777000.0,1352479000.0,1562096000.0,405959000.0,31193000.0,158808751.36,830988751.36,11.981632899352078,1.1133459373491197,0.45645200065390273,1.8360235329612309,-0.01945148469084807,11.981632899352078,-0.08485829552355424,0.3178469882455133,-0.9048519233311303,0.3071367676603579,,1.2014390615801103,,0.24023184698675848,0.4471322660093059,-0.021096537200334643,0.0,0.023825201795696492,-7.374999999999999,-90.2094461323192,12.640570842874817,8.270370139815263,-0.8130506478209658,-7.1955662242304435,-2.2274817095110544,-4.196475831955465,0.5966675170242529,0.09474126545933995,Solar,Technology,CSIQ
2011Q2,2011,Q2,2011-06-30,2011-06-30,7082000.0,481820000.0,25013000.0,0.16,63675000.0,0.13215516167863517,2169949000.0,559715000.0,1623183000.0,1373652000.0,1609622000.0,436259000.0,75070000.0,495467288.0,1497131288.0,12.991215880229817,1.1816551790409797,0.584850611696404,2.267396800157223,0.01073799862438151,12.991215880229817,0.012652867977452811,1.0283244531152713,17.49037305845806,0.8852135247402696,,0.9584787935607059,,0.2220420848600589,0.46913628779341493,0.003263671173838648,0.0,0.13215516167863517,0.23076923076923075,2.059962080677331,12.250997459589339,13.757099274847809,-0.025183710961420698,0.20503658329079463,-0.2652096001880086,-0.5622370847575653,0.4774847884737467,0.44982860206525216,Solar,Technology,CSIQ
2011Q1,2011,Q1,2011-03-31,2011-03-31,5877000.0,443404000.0,34041000.0,0.13,65320000.0,0.14731486409685074,1714184000.0,545166000.0,1242245000.0,1039711000.0,1168292000.0,305466000.0,67988000.0,484001619.59999996,1089733619.6,12.705479136789236,1.1947983622371987,0.4968515631927494,1.5622672727206026,0.018837433534054922,12.705479136789236,0.010780202727242711,1.0915589836807966,20.588804645227153,0.8878059519485807,,1.2377285851780557,,0.25866768094906967,0.5927002792122041,0.00342845342156968,0.0,0.14731486409685074,-0.7817625039261784,2.636793697076714,20.643048540775037,0.0,-0.15143056698832108,-0.7698626055868368,-0.19135774007186204,-0.8024888762783875,0.6530357099140586,1.2875119546054732,Solar,Technology,CSIQ
2010Q4,2010,Q4,2010-12-31,2010-12-31,25536919.0,452720056.0,42096489.0,0.5956813212154242,76976612.0,0.17003137143983743,1423366965.0,534326419.0,1034664920.0,775333257.0,888382488.0,272096575.0,62110767.0,531160563.78000003,863362149.78,12.463847625088459,1.3344776722250158,0.43618638219554295,1.1619363462542922,0.026049304938876642,12.463847625088459,0.04779273135659796,1.1732649277194824,5.1999280314512495,0.9940750539231713,0.0,1.3809194180411863,0.0,0.318062781511864,0.6484809537842383,0.017941205344750993,-2.754982177282158,0.17003137143983743,0.26740706641579615,16.081406440605114,61.86440424709303,47.7850182194208,0.17924829952815735,0.2569237092090368,0.05301771018335543,1.7128574437901969,1.2610705323669003,1.6938562877972283,Solar,Technology,CSIQ
2010Q3,2010,Q3,2010-09-30,2010-09-30,20317000.0,377183000.0,39977000.0,0.47,65276000.0,0.17306188242842332,1401890000.0,501698000.0,1041758000.0,802074000.0,899794000.0,196415000.0,36574000.0,698782662.6,1078839662.6,11.702747989729533,1.2988302824926379,0.48254927276747817,1.3483828916997875,0.027403744237433095,11.702747989729533,0.040496473974382996,1.8526356240869817,8.598497103410937,1.3928352566683544,,1.587999898174783,,0.2690532067423264,0.5970259601981862,0.014492577877008896,0.0,0.17306188242842332,5.7142857142857135,12.589865699249014,51.37537916175573,0.0,0.4633905752589338,5.313548788067123,1.348962923791057,23.776664425965663,1.4642341264842262,1.7576955561960428,Solar,Technology,CSIQ
2010Q2,2010,Q2,2010-06-30,2010-06-30,3218000.0,328675000.0,17019000.0,0.07,44606000.0,0.13571461169848634,1336826000.0,475267000.0,1013978000.0,813059000.0,861417000.0,182410000.0,16257000.0,418984432.32,832451432.3199999,11.093756477448302,1.247114908020205,0.5001877581674803,1.4069228454742282,0.014326111001259061,11.093756477448302,0.006770930866228877,1.2747681823077508,32.550064661280295,0.8815769500512344,,1.557310454470698,,0.24586221393060878,0.6090628109399195,0.0024071943543886786,0.0,0.13571461169848634,1.3333333333333337,1.1539573957849107,44.6706535071204,0.0,0.06425214134039559,1.1496325985303941,-0.19748196350261707,1.7136505857461808,2.4639295316982626,1.7038230120327533,Solar,Technology,CSIQ
2010Q1,2010,Q1,2010-03-31,2010-03-31,1497000.0,336931000.0,21207000.0,0.03,41913000.0,0.12439638976526352,1204488000.0,469006000.0,912406000.0,675231000.0,735319000.0,173299000.0,13039000.0,1039812446.72,1407296446.72,10.969503159901548,1.3512501647584307,0.4499546695359356,1.155560909668533,0.010229731560086008,10.969503159901548,0.0031918568205950458,3.086128752533902,173.6493731997328,2.2170557449584867,,1.70236412212419,,0.27972964446304155,0.6355173266630235,0.0012428517345129217,0.0,0.12439638976526352,1.068844887006295,0.004015599024556567,45.9114780096994,0.0,0.7329442488354629,1.0960531830497764,2.3668723560233587,1.2477443659795446,11.287674263167276,1.6847332768260774,Solar,Technology,CSIQ
2009Q4,2009,Q4,2009-12-31,2009-12-31,-15585116.0,254194165.0,-15514982.0,-0.43576220841581,24186006.0,0.0951477623414369,1038703003.0,465716624.0,753987795.0,514940961.0,572701599.0,164313448.0,11541848.0,1030752631.7,1257717830.7,13.021507479969697,1.4642218275582082,0.3726532848004099,0.8311407968979866,-0.014164419106015257,13.021507479969697,-0.03346480498407117,4.054981481183882,-16.534247029345178,2.213261409581978,0.0,1.399813355508187,0.0,0.24472266303826215,0.6819326361570992,-0.015004400637128032,-48.41487232033819,0.0951477623414369,-1.6315394324866812,-33.63145943047557,79.04950987242347,118.90889028947042,-0.3036792192088444,-1.6149672887976956,-1.7804709492429196,-0.790044457693591,5.11541057862504,1.4185269126104203,Solar,Technology,CSIQ
2009Q3,2009,Q3,2009-09-30,2009-09-30,25343000.0,213126000.0,19879000.0,0.69,34734000.0,0.16297401537118889,947238000.0,375302000.0,670218000.0,515676000.0,571950000.0,144351000.0,27127000.0,615876485.6999999,866352485.6999999,10.493500872426635,1.2996881762967445,0.37326416381099575,0.9420946331221256,0.0261350545723173,10.493500872426635,0.06752695162828869,2.8897294825596123,6.075410228662747,1.6410157305316784,,1.235821019598063,,0.22499730796272954,0.7021928497738891,0.02675462766485297,0.0,0.16297401537118889,0.40816326530612235,52.06181452798824,66.11653605845014,0.0,0.5049393414211438,0.43407650520597557,0.5396948338625978,61.172463675833534,6.020673649326935,7.118979939297737,Solar,Technology,CSIQ
2009Q2,2009,Q2,2009-06-30,2009-06-30,17672000.0,114176000.0,12911000.0,0.49,23080000.0,0.20214405829596413,761157000.0,348484000.0,522813000.0,359015000.0,412673000.0,107635000.0,1783000.0,432677370.35999995,644175370.3599999,9.7616061512203,1.4562427753715026,0.3919427923542712,0.8560794756717669,0.018728394462084335,9.7616061512203,0.05071107999219476,3.7895649730241026,6.120945144296061,1.2415989553609346,,0.846341803316765,,0.15000321878403536,0.6162388758129883,0.023217286315438207,0.0,0.20214405829596413,4.769230769230769,36.06881395032756,35.021918402907126,0.0,6.925545571245186,4.693207941483804,2.1994611668524713,4.192094161869495,2.7896068427240013,10.088491822751134,Solar,Technology,CSIQ
2009Q1,2009,Q1,2009-03-31,2009-03-31,-4785000.0,49465000.0,-10764000.0,-0.13,-3895000.0,-0.07874254523400384,659734000.0,328666000.0,419754000.0,263583000.0,331068000.0,100937000.0,-15889000.0,213404151.74,375818151.74,9.20986149507796,1.5924926873129148,0.38658610894693923,0.7759975172363432,-0.022254370082156787,9.20986149507796,-0.014558853060553876,4.314245461235217,-11.149642201671893,0.6493040099675659,,0.528646581531054,,0.07497718777567929,0.6731465989840012,-0.007252923147814119,0.0,-0.07874254523400384,0.9095161110585124,-11.04071895932397,14.611689640771395,0.0,0.8675632425468877,0.9043023847845711,0.7607140804024698,-0.6023457410233688,1.9030390331854365,0.0,Solar,Technology,CSIQ
2008Q4,2008,Q4,2008-12-31,2008-12-31,-50001246.0,68823356.0,-44983842.0,-1.4367198572119946,-29410264.0,-0.42732969894696793,570731399.0,332161447.0,339023269.0,172662063.0,238569952.0,92682547.0,-12992818.0,224823264.98,266184496.98,9.544221092113775,1.9635075772261565,0.2751244337969217,0.47272841089230927,-0.09530812290068921,9.544221092113775,-0.1505329605575809,3.2666710553899754,-1.1240883126192494,0.6768493665070046,0.0,1.0598934015052477,0.0,0.12058799659627628,1.06086961326299,-0.08760906809684743,70.41795527794987,-0.42732969894696793,-5.634580184554822,-108.58680956756166,21.273101152245466,86.88820815048854,-1.7520652585281031,-5.516824390243903,-2.746673992389532,-42.19853174555236,10.772174740026083,36.357244237462844,Solar,Technology,CSIQ
2008Q3,2008,Q3,2008-09-30,2008-09-30,11070000.0,252362000.0,25754000.0,0.31,39106000.0,0.15495993850104214,680636000.0,380902000.0,479982000.0,221848000.0,299734000.0,101631000.0,37008000.0,679690149.39,762175149.39,10.944716598697623,2.1635624391475243,0.281206107229121,0.5024888291476548,0.037399309388175386,10.944716598697623,0.029062593527994077,2.693314165326,15.349822705284552,1.7844226320418377,0.0,2.0983361375958123,0.0,0.3707738056758679,1.2765857704374166,0.01626419995416052,0.0,0.15495993850104214,-0.13888888888888887,22.818995251334005,80.67117501481577,0.0,0.18230741323013666,0.049687085150768064,0.10570152842177571,8.121137221176872,42.166298977667736,0.0,Solar,Technology,CSIQ
2008Q2,2008,Q2,2008-06-30,2008-06-30,10546000.0,212585000.0,23292000.0,0.36,33076000.0,0.15558952889432462,484246000.0,251664000.0,363863000.0,170690000.0,232582000.0,90440000.0,25938000.0,1128771316.25,1205577316.25,8.960518410054876,2.1317183197609704,0.29312374289100995,0.5640218704304152,0.06625609482874263,8.960518410054876,0.041905079788924916,5.309741121198579,26.75828077588659,4.485231563711934,0.0,1.9848407784166298,0.0,0.4390020774564994,1.3088171539047395,0.021778187119769706,0.0,0.15558952889432462,-0.4098360655737705,27.117995549962806,84.25075515079399,0.0,0.17145386931113865,-0.44480126349039223,0.16454177291135444,9.767376754957272,44.05824220410137,0.0,Solar,Technology,CSIQ
2008Q1,2008,Q1,2008-03-31,2008-03-31,18995000.0,171235000.0,20001000.0,0.61,28235000.0,0.16489035535959354,367284000.0,152139000.0,280423000.0,110319000.0,215145000.0,80784000.0,15293000.0,572478483.5,706025483.5,5.554278792383644,2.5419284076179083,0.45126387209897517,1.0894116564457503,0.045912990917085186,5.554278792383644,0.12485293054377905,3.3432328875521944,7.534594413003421,3.7628647716890473,0.0,1.7701525054466232,0.0,0.46621960118055783,1.5175627045205269,0.051717472037986954,0.0,0.16489035535959354,1.778067704616773,50.92912024287295,69.40981960427564,0.0,0.9327767447425871,2.169888677581519,2.6425370969301687,18.88550006044904,36.21424754144232,0.0,Solar,Technology,CSIQ
2007Q4,2007,Q4,2007-12-31,2007-12-31,5992324.0,127458671.0,5490953.0,0.21957708193585868,14608516.0,0.1146137480124832,284502529.0,126265873.0,219900342.0,59213216.0,158236656.0,70920927.0,-3604572.0,768221888.6999999,863794903.6999999,4.626767835221147,3.7137037447856236,0.46832671564757866,1.0552347347251938,0.021547525102680057,4.626767835221147,0.047457985737761464,6.0272234338611606,32.05024831350908,6.084160909416909,0.0,1.591210941165504,0.0,0.4480054059554599,1.8332294770140505,0.021062463033500838,-6.285020801337118,0.1146137480124832,9.978854096792935,15.442730697323649,51.60350514979771,41.605711942475814,1.3009160497716177,10.479547892720307,9.08682326951399,15.442730697323649,51.60350514979771,41.605711942475814,Solar,Technology,CSIQ
2007Q3,2007,Q3,2007-09-30,2007-09-30,522000.0,97437000.0,-679000.0,0.02,6349000.0,0.06516005213625214,211662000.0,115811000.0,174868000.0,83296000.0,95851000.0,65918000.0,-9597000.0,260076539.93999997,294328539.93999994,4.24366930694564,2.0993565117172492,0.2912851621925523,0.5323673916985433,-0.0039470901627432185,4.24366930694564,0.004507343861982023,2.669176390282952,124.55772985632181,2.2456980765212284,0.0,1.3818380412027065,0.0,0.46034243274654874,1.0131218786016136,0.002466196105110979,0.0,0.06516005213625214,1.1818181818181819,0.43234215735158293,39.21325258664308,0.0,1.5673271330367975,1.1818181818181819,0.7566308243727599,0.43234215735158293,39.21325258664308,0.0,Solar,Technology,CSIQ
2007Q2,2007,Q2,2007-06-30,2007-06-30,-2871000.0,60413000.0,-2790000.0,-0.11,2473000.0,0.04093489811795475,171047000.0,111916000.0,144661000.0,57534000.0,59131000.0,59775000.0,-10119000.0,256673737.59,271483737.59000003,4.102989148356992,2.514356728195502,0.22028448321221653,0.33667214696736836,-0.017706736760682414,4.102989148356992,-0.025653168447764396,4.248650747190174,-22.35055186259143,2.293449887326209,0.0,0.969301547469678,0.0,0.3531953205844008,1.196057983105642,-0.016784860301554544,0.0,0.04093489811795475,0.21428571428571436,-8.881809441695337,23.945497351746184,0.0,6.1473988439306355,0.25505967825635706,0.298818798693139,-8.881809441695337,23.945497351746184,0.0,Solar,Technology,CSIQ
2007Q1,2007,Q1,2007-03-31,2007-03-31,-3854000.0,17489000.0,-3979000.0,-0.14,346000.0,0.01978386414317571,129717000.0,111422000.0,111258000.0,17269000.0,18295000.0,48588000.0,-7300000.0,265882500.0,250014500.0,4.085881921525486,6.442642886096474,0.07974282476468003,0.09283624418875985,-0.03348546053586123,4.085881921525486,-0.034589219364218916,15.202841786265653,-17.24717825635703,2.38626572849168,,0.3528237424878571,,0.1348242712982878,2.8812901731426255,-0.029710832042060795,0.0,0.01978386414317571,0.42490142734458736,-11.583056674547665,6.223262796830504,0.0,2.4497542299370867,0.2450337560412971,0.18062831537675858,-11.583056674547665,6.223262796830504,0.0,Solar,Technology,CSIQ
