Quarters,Year,Quarter,FillingDate,Date,NetIncome,Revenue,OperatingIncome,EPSDiluted,GrossProfit,GrossProfitRatio,TotalAssets,CommonStockEquity,CurrentAssets,CurrentLiability,TotalLiability,Inventory,RetainedEarnings,MarketCap,EnterpriseValue,bookValuePerShare,currentRatio,debtToAssets,debtToEquity,roic,shareholdersEquityPerShare,roe,priceToSalesRatio,peRatio,pbRatio,payoutRatio,inventoryTurnover,dividendYield,assetTurnover,quickRatio,returnOnAssets,priceToFreeCashFlowsRatio,grossProfitMargin,epsdilutedGrowth,fiveYNetIncomeGrowthPerShare,fiveYRevenueGrowthPerShare,fiveYShareholdersEquityGrowthPerShare,grossProfitGrowth,netIncomeGrowth,operatingIncomeGrowth,threeYNetIncomeGrowthPerShare,threeYRevenueGrowthPerShare,threeYShareholdersEquityGrowthPerShare,Industry,Sector,Symbol
2023Q1,2023,Q1,2023-04-28,2023-03-31,2066000.0,71686000.0,2728000.0,0.04,45119000.0,0.6293976509,1006640000.0,642780000.0,104523000.0,92236000.0,363860000.0,33830000.0,582620000.0,956534820.0,1062670820.0,12.781213338370682,1.133212628474782,0.15351267583247238,0.24041196054637667,0.0017206650925147354,12.781213338370682,0.0032141634773950652,13.34339787406188,115.74719506292352,1.4881216279286849,0.0,0.7853088974283181,0.0,0.07121314471906541,0.7516479465718374,0.0020523722482714774,-49.44098930066677,0.629397650866278,2.1019283746556474,-0.5791184723011061,-0.5352237592218692,0.5481929817708311,0.04835261861610669,2.133296763576522,2.7994722955145117,-0.8456743679496176,-0.5357890036096142,0.3265976719538886,Telecom Services,Communication Services,SHEN
2022Q4,2022,Q4,2023-02-22,2022-12-31,-1823000.0,70012000.0,-1516000.0,-0.0363,43038000.0,0.6147231903,977719000.0,638007000.0,128562000.0,100245000.0,339712000.0,22622000.0,580554000.0,797080720.0,881279720.0,12.710822010598877,1.2824779290737693,0.13118288588029894,0.2010322770753299,-0.0016441164211074481,12.710822010598877,-0.0028573354210847217,11.384915728732217,-109.3089303346133,1.249329113943891,-2.1892484914975316,1.192379099991159,0.005007021120771808,0.07160748640458045,0.9420020948675745,-0.001864543902695969,-20.67010839686738,0.6147231903102325,0.3327205882352941,-1.0295479511933667,-0.55078209424464,0.7892025728780699,0.09103353867214237,0.3317448680351906,-4.2602150537634405,-1.1336669001251698,-0.5688774680583306,0.3474356227262917,Telecom Services,Communication Services,SHEN
2022Q3,2022,Q3,2022-11-02,2022-09-30,-2728000.0,66924000.0,465000.0,-0.0544,39447000.0,0.589429801,922458000.0,642511000.0,117739000.0,78941000.0,279947000.0,30245000.0,586368000.0,854114660.0,902519660.0,12.803359703485244,1.491480979465677,0.08828369421697248,0.1267495809410267,0.0005456351255252226,12.803359703485244,-0.0042458417054338365,12.762456816687585,-78.27297104105573,1.3293385794173174,0.0,0.908480740618284,0.0,0.07254964453666184,1.0904599637704109,-0.0029573162138547228,-32.63716698509744,0.5894298009682625,0.15396578538102643,-1.7557784124140732,-0.5683037447058089,1.101479805279328,0.004635171272125303,0.15410852713178294,-0.925552353506244,-1.1888169361444068,-0.5714573662149651,0.3414557926100522,Telecom Services,Communication Services,SHEN
2022Q2,2022,Q2,2022-08-03,2022-06-30,-3225000.0,66021000.0,6246000.0,-0.0643,39265000.0,0.5947350086,891417000.0,643370000.0,129812000.0,71054000.0,248047000.0,46620000.0,589096000.0,1113485400.0,1136547400.0,12.827122834300297,1.8269485180285416,0.06326668663487459,0.08765873447627337,0.0071494535845264455,12.827122834300297,-0.005012667671790727,16.86562457399918,-86.31669767441859,1.7307076798731678,0.0,0.5739167739167739,0.0,0.07406298062522927,1.1425113294114335,-0.003617835423825213,-54.70328666175387,0.5947350085578831,-4.358333333333333,-38.47501719600455,-0.5781660396674295,1.1094147517659003,0.03125410374261326,-4.348258706467662,17.436842105263157,-1.2437362650858055,-0.5871083267648661,0.3838498060686232,Telecom Services,Communication Services,SHEN
2022Q1,2022,Q1,2022-04-28,2022-03-31,-603000.0,64414000.0,-380000.0,-0.012,38075000.0,0.5910982085,883251000.0,644329000.0,126110000.0,57058000.0,238922000.0,23689000.0,592321000.0,1182442680.0,1185780680.0,12.849060742631515,2.210207157629079,0.06489548271103004,0.08895921183122286,-0.0005489279267981109,12.849060742631515,-0.0009358573027133653,18.356920545223087,-490.2332835820895,1.8351535938938026,0.0,1.1118662670437756,0.0,0.0729283069025679,1.7572995898909882,-0.000682705142705754,-39.91098254970129,0.5910982084639985,0.8380566801619433,-1.2519524662483625,-0.5905500648270813,1.104785444006465,0.14171339470448888,0.837378640776699,-1.2618883528600966,-1.0430293865421236,-0.5974802813083003,0.4130406891180644,Telecom Services,Communication Services,SHEN
2021Q4,2021,Q4,2022-02-28,2021-12-31,-3708000.0,62604000.0,1451000.0,-0.0741,33349000.0,0.5326975912,890733000.0,642275000.0,166367000.0,67290000.0,248458000.0,0.0,592924000.0,1276173000.0,1248453000.0,12.833693002437757,2.4723881706048445,0.063570115848408,0.08816161301623136,0.0023068683921996856,12.833693002437757,-0.005773227978669573,20.38484761357102,-86.04186893203884,1.9869573002218677,-0.9185544768069039,0.0,0.0026689171452459813,0.07028368770439626,2.040986773666221,-0.004162863619064299,-2.868616731928591,0.5326975912082295,-1.004160583941606,-18.699569439593834,-0.6066261561154291,1.1218744856781817,-0.09422021837144874,-1.00415202596024,0.2380546075085324,-1.2473735421155603,-0.6158763498404831,0.43897942758657743,Telecom Services,Communication Services,SHEN
2021Q3,2021,Q3,2021-10-28,2021-09-30,893058000.0,62244000.0,1172000.0,17.81,36818000.0,0.5915108283529337,1293090000.0,648766000.0,574033000.0,485423000.0,644324000.0,0.0,600934000.0,1578494720.0,1101959720.0,12.979473431498079,1.1825418243470127,0.043314077133068854,0.08633158950993117,0.007916606396711854,12.979473431498079,1.3765487093959918,25.35978921663132,0.441879116473958,2.433072509965072,0.0,0.0,0.0,0.048135860612950374,1.1504028445294103,0.6906387026425075,-39.67662175749045,0.5915108283529337,15.64485981308411,116.04095666063377,-0.611662337574283,1.1280599989981412,0.012457032861267703,15.717045412002546,-0.5664076951535331,56.001710898974736,-0.6111990937994123,0.4455537238145403,Telecom Services,Communication Services,SHEN
2021Q2,2021,Q2,2021-07-29,2021-06-30,53422000.0,60700000.0,2703000.0,1.07,36365000.0,0.5990939044481054,2115232000.0,687787000.0,1429144000.0,1156538000.0,1427445000.0,0.0,644726000.0,2422831950.0,2899750950.0,13.770887976774452,1.2357086407882836,0.3430867157834223,1.0551348019081488,0.0008464920705296091,13.770887976774452,0.07767230261694391,39.91485914332784,11.338175049605033,3.52264865430722,0.0,0.0,0.0,0.028696615784935174,0.27289202775870747,0.025255858459024824,85.19399240479623,0.5990939044481054,0.03883495145631071,8.46667298288303,-0.5445832644765268,1.2111706074042903,-0.0011810591078883761,0.036897575745812386,0.14002530577815267,5.77355478040159,-0.6090612482924231,0.6315698285115466,Telecom Services,Communication Services,SHEN
2021Q1,2021,Q1,2021-04-29,2021-03-31,51521000.0,59691000.0,2371000.0,1.03,36408000.0,0.6099411971654018,2082309000.0,633954000.0,1426271000.0,1202317000.0,1448355000.0,0.0,591304000.0,2437913070.0,2940952070.0,12.6925340861313,1.186268679557887,0.3516389738506629,1.1550065146682567,0.0012839680270110203,12.6925340861313,0.08126930345103904,40.842221943006486,11.829705702529065,3.8455677699012862,0.0,0.0,0.0,0.02866577438795107,0.24672361781460297,0.024742245267152952,53.95522906338527,0.6099411971654018,0.051020408163265356,2.608773535665694,-0.3730541975362407,1.0324778754992905,0.037383177570093455,0.04558092338914257,0.46902106567534074,9.56804600534467,-0.6103279206272624,0.5374512319610906,Telecom Services,Communication Services,SHEN
2020Q4,2020,Q4,2021-02-25,2020-12-31,49275000.0,58132000.0,1614000.0,0.98,35096000.0,0.6037294433358563,2031707000.0,582394000.0,1408715000.0,1208061000.0,1449313000.0,0.0,539783000.0,2159126500.0,2701749500.0,11.666079083370057,1.1660959173419223,0.36325119714604515,1.2672177254573365,0.0011101315696004533,11.666079083370057,0.08460767109551266,37.141789375903116,10.95447234906139,3.707329574137096,0.0,0.0,0.0,0.028612393420901733,0.2200137244725225,0.024253004985462963,57.032238892704314,0.6037294433358563,0.4000000000000001,2.9501971192007006,-0.35352736327812345,0.9497381996939444,0.07974403150381491,0.41104206637839696,2.4340425531914893,-0.1969785101741967,-0.624975474705112,0.6421423173072425,Telecom Services,Communication Services,SHEN
2020Q3,2020,Q3,2020-11-06,2020-09-30,34921000.0,55173000.0,470000.0,0.7,32504000.0,0.5891287405071322,2001299000.0,548182000.0,1410991000.0,1232110000.0,1453117000.0,0.0,507458000.0,2217795285.0,2778343285.0,10.983190078339444,1.1451826541461396,0.3720573487519856,1.358304358771357,0.00031866349943075224,10.983190078339444,0.06370329562079748,40.197112446305255,15.877232073823775,4.045728033755213,0.0,0.0,0.0,0.027568594198068355,0.20437379779402812,0.017449166766185364,26.96538780001459,0.5891287405071322,0.20689655172413793,3.2356182549209724,-0.37204464899499706,0.8496049586944768,-0.7024206247482331,0.19400280370636305,-0.9890702758011255,8.727408125455954,-0.6421645697147382,0.8027262126277435,Telecom Services,Communication Services,SHEN
2020Q2,2020,Q2,2020-07-30,2020-06-30,29247000.0,169526000.0,43002000.0,0.58,109228000.0,0.6443141465026013,1880580000.0,511457000.0,299533000.0,145327000.0,1369123000.0,3295000.0,472537000.0,2459669580.0,3399745580.0,10.24922848783616,2.061096699168083,0.5763051824437142,2.119020758343321,0.01611096656183784,10.24922848783616,0.05718369286176551,14.5090993711879,21.02497333059801,4.80914246945491,0.0,18.299848254931714,0.0,0.09014559338076551,1.9572343748924839,0.015552116900105287,73.41420666189111,0.6443141465026013,1.148148148148148,1.707177100150475,0.9177780232315046,0.7727119704612642,0.20094115577447444,1.2023343373493975,0.8655965292841649,360.82185208007695,0.08870284451230454,0.6854811515992036,Telecom Services,Communication Services,SHEN
2020Q1,2020,Q1,2020-04-30,2020-03-31,13280000.0,153188000.0,23050000.0,0.27,90952000.0,0.5937279682481656,1850777000.0,480650000.0,257909000.0,139644000.0,1370127000.0,7071000.0,443290000.0,2456984000.0,3438522000.0,9.634581462475946,1.846903554753516,0.5953013247949375,2.292250078019349,0.008833722708064292,9.634581462475946,0.02762925205450952,16.039010888581352,46.253463855421685,5.111794445022365,0.0,8.801583934379861,0.0,0.08276956110865868,1.6933559623041448,0.0071753647251937966,85.28529279044743,0.5937279682481656,0.0,0.25013391848801014,0.7598235827674306,0.7345262825222237,-0.00972290271653329,-0.017824125434509282,0.00743006993006993,4.577500007535034,-0.021219098235206717,0.5782263954929957,Telecom Services,Communication Services,SHEN
2019Q4,2019,Q4,2020-02-26,2019-12-31,13521000.0,160997000.0,22880000.0,0.27,91845000.0,0.5704764685056243,1860691000.0,469422000.0,239031000.0,147336000.0,1391269000.0,5728000.0,427004000.0,2070596820.0,3084159820.0,9.433342711305816,1.6223529890861703,0.5993547558407065,2.3757173715761084,0.009591425349879697,9.433342711305816,0.028803507291946265,12.86108946129431,38.284831373419124,4.4109496785408435,0.0,12.072625698324023,0.0,0.08652538223702914,1.495506868653961,0.0072666552372210105,61.021950371330895,0.5704764685056243,-0.06896551724137918,0.5175610306724944,0.8872883062491093,0.7638633964231639,0.03007974159685071,-0.05803260415215271,-0.09775622067116212,73.24326511586457,0.017402323140838834,0.5596733699314724,Telecom Services,Communication Services,SHEN
2019Q3,2019,Q3,2019-10-31,2019-09-30,14354000.0,155152000.0,25359000.0,0.29,89163000.0,0.574681602557492,1850866000.0,475854000.0,221640000.0,132055000.0,1375012000.0,4561000.0,427925000.0,1583956890.0,2620432890.0,9.544376917985439,1.6783915792662147,0.6126272782578533,2.3828548252195003,0.009528347381470013,9.544376917985439,0.030164714387185987,10.209065239249252,27.587377908596906,3.3286615012167595,0.0,14.468099101074326,0.0,0.08382670598519829,1.5323918064442845,0.007755288605441993,82.62254916279798,0.574681602557492,0.11538461538461527,0.7349031048992547,0.8242381681487987,0.7657644683061374,-0.0468233860363683,0.09155893536121673,0.05574521232306411,2.8537477058003584,-0.029547548146386705,0.5648559890908993,Telecom Services,Communication Services,SHEN
2019Q2,2019,Q2,2019-08-06,2019-06-30,13150000.0,158914000.0,24020000.0,0.26,93543000.0,0.5886391381501944,1822040000.0,462049000.0,222148000.0,127781000.0,1359991000.0,6566000.0,413571000.0,1910673840.0,2932114840.0,9.2691582410528,1.7385057246382483,0.6144387609492656,2.4229724553023595,0.009145670798900054,9.2691582410528,0.028460184958738144,12.023319783027297,36.32459771863118,4.135219078496004,0.0,9.955985379226318,0.0,0.08721762420144454,1.6095898451256447,0.007217185133147461,57.43796302419961,0.5886391381501944,-0.07142857142857148,0.47606611504661905,0.8875033772709325,0.7747266431195576,-0.012092345386955052,-0.054636951833213515,-0.03094363981119135,2.841522459872006,0.19461161608980496,0.48833468782569367,Telecom Services,Communication Services,SHEN
2019Q1,2019,Q1,2019-05-09,2019-03-31,13910000.0,158843000.0,24787000.0,0.28,94688000.0,0.5961106249567183,1799712000.0,452614000.0,187785000.0,119121000.0,1347098000.0,7240000.0,400421000.0,2233404250.0,3278155250.0,9.093199397287796,1.5764222932984109,0.61932687007699,2.4626061058650417,0.0098561459352434,9.093199397287796,0.030732588916825374,14.060451200241749,40.14026329978432,4.934456844021616,0.0,8.861187845303867,0.0,0.08826023274835085,1.4204632264672057,0.007729014420084991,129.5252711245143,0.5961106249567183,-0.06666666666666654,0.5606939211596101,0.9086554423059687,0.7961091942739735,-0.012349799732977304,-0.06342580123889038,-0.08175890938727125,-0.022311257224037904,0.6741230057300392,0.456110061794932,Telecom Services,Communication Services,SHEN
2018Q4,2018,Q4,2019-02-28,2018-12-31,14852000.0,161484000.0,26994000.0,0.3,95872000.0,0.5936934928537811,1484766000.0,442247000.0,210202000.0,88539000.0,1042519000.0,5265000.0,386511000.0,2194224750.0,2879380750.0,8.918607699598684,2.3741176204836285,0.5187632259898193,1.741655681101285,0.016399883631205443,8.918607699598684,0.03358304296015575,13.587877127145724,36.93483621734447,4.961536765653583,0.0,12.461918328584995,0.0,0.10876057237302039,1.6351551293780142,0.010002923019519574,67.48346147931724,0.5936934928537811,-0.03225806451612906,1.1557290299962772,1.0070112298454588,0.8289016920202157,0.0006575582669686564,-0.0439036951203811,-0.04712485438949486,0.19867436375635528,0.8079587702038882,0.490556509665699,Telecom Services,Communication Services,SHEN
2018Q3,2018,Q3,2018-11-06,2018-09-30,15534000.0,158731000.0,28329000.0,0.31,95809000.0,0.603593500954445,1469827000.0,444985000.0,206065000.0,137615000.0,1024842000.0,4962000.0,385045000.0,1904552370.0,2608133370.0,8.978893843701448,1.4974021727282636,0.5298501116117748,1.7501443868894457,0.017642774400747952,8.978893843701448,0.034909041877816106,11.998616338333408,30.651351390498263,4.280037237210243,0.0,12.680773881499395,0.0,0.1079929814869369,1.0007629982196709,0.010568590725303046,60.13932773374594,0.603593500954445,0.9375,1.2408231039933897,0.9842063155352034,0.8356336552237608,0.06774768750696535,0.9854294478527608,0.5150818269333619,0.8975235615144079,0.8194396527331161,0.5120749489398251,Telecom Services,Communication Services,SHEN
2018Q2,2018,Q2,2018-08-07,2018-06-30,7824000.0,154030000.0,18698000.0,0.16,89730000.0,0.5825488541193274,1452856000.0,418190000.0,195142000.0,138797000.0,1034666000.0,6207000.0,359893000.0,1620186900.0000002,2354513900.0,8.440268835650999,1.4059525782257543,0.5505679847142456,1.912757359095148,0.011239082928182919,8.440268835650999,0.018709199167842368,10.518645069142377,51.769775690184055,3.8742841770487098,0.0,10.359271789914613,0.0,0.1060187657964726,0.8989531474023214,0.005385254973651897,57.161547417442854,0.5825488541193274,0.6,-0.033607637452395984,0.9262513205284258,0.775730263907917,0.03632268868741699,0.6202112238558708,0.3031781432952328,-0.27060165673852155,0.7549628447870567,0.45983335395701846,Telecom Services,Communication Services,SHEN
2018Q1,2018,Q1,2018-05-03,2018-03-31,4829000.0,151732000.0,14348000.0,0.1,86585000.0,0.5706442938865895,1458966000.0,408436000.0,181264000.0,130604000.0,1050530000.0,8161000.0,352069000.0,1781064000.0,2542489000.0,8.255568581477139,1.3878901105632293,0.5557860841171076,1.9853122643449648,0.009462846214840144,8.255568581477139,0.011823149771322802,11.738222655735111,92.20666804721475,4.360692984947459,0.0,7.98272270555079,0.0,0.10399968196654343,0.8338412299776423,0.0033098783659112003,48.825703163550635,0.5706442938865895,-0.9173553719008264,-0.4396052241342787,0.9345582285278012,0.8239276883156215,-0.1717524392577004,-0.9203069560194735,-0.20773053561568194,-0.5416104190338633,0.7576833477117068,0.4862607926984,Telecom Services,Communication Services,SHEN
2017Q4,2017,Q4,2018-03-15,2017-12-31,60595000.0,153071000.0,18110000.0,1.21,104540000.0,0.6829510488596795,1411860000.0,350222000.0,172895000.0,137584000.0,1061638000.0,5704000.0,297205000.0,1666272399.9999998,2409645400.0,7.104182725465536,1.2566504826142575,0.5821809527856869,2.3469627836058273,0.10075154900295895,7.104182725465536,0.17301882805763202,10.885617785210783,6.874628269659212,4.757760506193214,0.0,8.508239831697054,0.0,0.10841797345345856,1.0908245144784277,0.04291856133044353,61.325398402708764,0.6829510488596795,16.28571428571428,10.982534128224554,0.9841157125705698,0.6380280442208266,0.08954850544044692,16.146293152235426,0.9113456464379948,5.865033632730769,0.8112646505616553,0.3283528707095839,Telecom Services,Communication Services,SHEN
2017Q3,2017,Q3,2017-11-02,2017-09-30,3534000.0,151782000.0,9475000.0,0.07,95948000.0,0.6321434689225336,1447072000.0,299345000.0,173217000.0,129537000.0,1147727000.0,7439000.0,249419000.0,1827747600.0000002,2585282600.0,6.092544725540879,1.3372009541675351,0.5756465469582716,2.782749001987673,0.03450526825213318,6.092544725540879,0.011805775944144717,12.041925920069575,129.29736842105262,6.105823046985919,0.0,7.505578706815432,0.0,0.10488904491276177,1.1390722341879154,0.0024421728842794277,49.077589817947484,0.6321434689225336,43.97114794352364,1.5235302406775366,1.0241180488910375,0.3877009298971908,-0.039338386215044506,45.175,0.14820649539505573,-0.5665672856040472,0.8109117687317426,0.12715571591202174,Telecom Services,Communication Services,SHEN
2017Q2,2017,Q2,2017-08-02,2017-06-30,-80000.0,153258000.0,8252000.0,-0.001629,99877000.0,0.6516919182032912,1442999000.0,298663000.0,158069000.0,112215000.0,1144336000.0,13994000.0,245885000.0,1507830500.0,2292085500.0,6.080891784587194,1.4086262977320323,0.5849130872578567,2.8260246498561923,-0.003610771756518817,6.080891784587194,-0.0002678604313222595,9.838510877083088,-4711.9703125,5.0486016011357275,0.0,3.8145633843075606,0.0,0.10620797381009967,1.1345185581250279,-5.544009386007891e-05,57.73367921277329,0.6516919182032912,-1.03258,-1.014163741680991,1.1135940656350571,0.41023095299700746,-0.0024171236228887625,-1.034173430158052,-0.22683406727255692,-1.0091138868949647,0.8474909584423704,0.1642827086753856,Telecom Services,Communication Services,SHEN
2017Q1,2017,Q1,2017-05-04,2017-03-31,2341000.0,153880000.0,10673000.0,0.05,100119000.0,0.6506303613205094,1452989000.0,299435000.0,150480000.0,110353000.0,1153554000.0,24855000.0,245965000.0,1375852500.0,2184922500.0,6.104689092762487,1.3636240065970113,0.5843106864539236,2.835329871257535,0.007379979555724462,6.104689092762487,0.007818057341326165,8.941074213672993,146.9299978641606,4.594828593851754,0.0,2.1629853148259905,0.0,0.10590582585277658,0.9844408398502986,0.0016111615435491942,-97.65437575413443,0.6506303613205094,14.294336612603033,-0.4976125362359528,1.1429136775521742,0.4175721435490955,-0.022332675819776184,13.722826086956522,-0.12437443596685537,-0.7334588424257741,0.876350160836939,0.2058119181863705,Telecom Services,Communication Services,SHEN
2016Q4,2016,Q4,2017-03-23,2016-12-31,-184000.0,155572000.0,12189000.0,-0.003761,102406000.0,0.6582546987889851,1484407000.0,295894000.0,161465000.0,164263000.0,1188513000.0,39043000.0,243624000.0,1335570600.0,2128642600.0,6.048280937001758,0.9829663405636083,0.5586506935092599,2.8025745706232637,-0.00041269087937158944,6.048280937001758,-0.000621844309110695,8.584903453063534,-1814.6339673913044,4.5136792229649805,0.0,1.3617293753041517,0.0,0.10480414064336803,0.645197031589585,-0.00012395522252320286,-90.84896265560165,0.6582546987889851,0.97649375,-1.0470136135072157,1.37406271100268,0.519268783724178,0.03945431845633837,0.9757767245918905,4.102316110969713,-1.0270701513363896,0.9598163210505647,0.24029575154358235,Telecom Services,Communication Services,SHEN
2016Q3,2016,Q3,2016-11-07,2016-09-30,-7596000.0,156836000.0,-3929000.0,-0.16,98519000.0,0.6281657272564972,1433625000.0,298306000.0,141529000.0,135464000.0,1135319000.0,14128000.0,256037000.0,1330813890.0,2112849890.0,6.0992046453617945,1.0447720427567473,0.5646992763100532,2.713881048319511,-0.0023951918841282937,6.0992046453617945,-0.025463785508839917,8.485385306944835,-43.799825236966825,4.461237420635187,0.0,4.127760475651189,0.0,0.10939820385386695,0.7933842201618142,-0.005298456709390531,572.1469862424764,0.6281657272564972,-0.14285714285714277,-3.3893667318559184,1.3636583611049171,0.40438140758626795,0.2312874157949333,-0.08591851322373123,0.3611382113821138,-2.110306750372174,0.986573253673496,0.2469136523957195,Telecom Services,Communication Services,SHEN
2016Q2,2016,Q2,2016-08-09,2016-06-30,-6995000.0,130309000.0,-6150000.0,-0.14,80013000.0,0.6140251248954408,1455841000.0,304107000.0,158111000.0,138474000.0,1151734000.0,19419000.0,263633000.0,1907299800.0,2682301800.0,6.227872209707147,1.141810014876439,0.5602074677111031,2.68186197621232,-0.003232188279442794,6.227872209707147,-0.02300177240247676,14.636746502543954,-68.16654038598999,6.2718049896911285,0.0,2.590040681806478,0.0,0.08950771409789943,0.8518783309502145,-0.004804782939895222,-86.84149706324273,0.6140251248954408,-1.5,-3.276329478787587,1.0611996939912098,0.5019526855683547,0.3158085151868967,-1.503926230098696,-1.2885698198198199,-1.8766838486276394,0.6535323100431841,0.31026882885716417,Telecom Services,Communication Services,SHEN
2016Q1,2016,Q1,2016-04-29,2016-03-31,13881000.0,92571000.0,21312000.0,0.28,60809000.0,0.6568903868382107,629372000.0,303269000.0,128957000.0,55013000.0,326103000.0,4450000.0,270628000.0,1299060250.0,1403943250.0,6.244857195807508,2.3441186628615056,0.30831209523143704,0.639837899686417,0.029377338170279984,6.244857195807508,0.04577124598953405,14.033123224335915,23.39637364022765,4.28352469259964,0.0,7.13752808988764,0.0,0.14708471301551387,2.1246614436587716,0.02205531863508386,57.39673264701984,0.6568903868382107,0.16666666666666682,3.3974599430037515,0.469028743880621,0.5018032766675896,0.0576581904198699,0.14643211100099107,-0.018829703973113576,0.6410776996598933,0.20240589316593133,0.37969515201730186,Telecom Services,Communication Services,SHEN
2015Q4,2015,Q4,2016-02-26,2015-12-31,12108000.0,87283000.0,21721000.0,0.24,57494000.0,0.6587078812598101,628740000.0,289938000.0,127947000.0,61237000.0,338802000.0,4183000.0,256747000.0,1043036924.9999999,1167474925.0,5.983407969952742,2.089374071231445,0.32008461367178803,0.694113914009202,0.02594776801399969,5.983407969952742,0.04176065227738344,11.950058144197609,21.536110939048562,3.5974481613310427,0.0,7.121443939756156,0.0,0.13882208862168782,1.8662573280859611,0.01925756274453669,169.24175320460813,0.6587078812598101,0.4545454545454544,3.287509666571258,0.44787542522207713,0.46419015748388265,0.05219428278613521,0.5142571285642822,0.43952548213930676,1.4358866449384724,0.15100316853322188,0.37960838474276976,Telecom Services,Communication Services,SHEN
2015Q3,2015,Q3,2015-10-30,2015-09-30,7996000.0,85212000.0,15089000.0,0.165,54642000.0,0.6412477115899169,620244000.0,287441000.0,131628000.0,56751000.0,332803000.0,5008000.0,256268000.0,1036130430.0,1155842430.0,5.93812750485477,2.3193952529470847,0.33373962505078647,0.720147786850171,0.018127647335817156,5.93812750485477,0.027817882626347667,12.159442684128996,32.395273574287145,3.604671671751768,0.0,6.104233226837061,0.0,0.13738464217308027,2.1023946714595336,0.01289170068553666,124.17670541706616,0.6412477115899169,-0.23255813953488366,0.944069631984677,0.5722860489906704,0.4483580092191766,-0.014056043737933274,-0.23658583158296734,-0.19525333333333333,4.795472370410418,0.1534277903897,0.35252926840081505,Telecom Services,Communication Services,SHEN
2015Q2,2015,Q2,2015-07-31,2015-06-30,10474000.0,85701000.0,18750000.0,0.215,55421000.0,0.6466785685114526,622257000.0,279717000.0,134402000.0,55688000.0,342540000.0,5708000.0,248272000.0,828023699.9999999,948636699.9999999,5.781665977676726,2.413482258296222,0.3419005330594915,0.7605901679197189,0.02298461473586998,5.781665977676726,0.037444989042496525,9.66177407498162,19.763788905862132,2.960219436072888,0.0,5.304835318850736,0.0,0.13772605209744526,2.189753627352392,0.016832273481857174,39.782055347362345,0.6466785685114526,0.023809523809523832,1.2788886329318385,1.0160720016008629,0.461782421056575,0.03405104858571535,0.01827727007583123,0.012091115189463457,0.8825601634095784,0.19986559629244371,0.3408369381404687,Telecom Services,Communication Services,SHEN
2015Q1,2015,Q1,2015-05-04,2015-03-31,10286000.0,84287000.0,18526000.0,0.21,53596000.0,0.635875045973875,615506000.0,268320000.0,128208000.0,53232000.0,347186000.0,10261000.0,237798000.0,752607480.0,893955480.0,5.5545894919885725,2.4084761045987375,0.354992477733767,0.8143261776982708,0.022830860383170778,5.5545894919885725,0.03833482409063804,8.92910508144791,18.292034804588763,2.8048877459749555,0.0,2.991034012279505,0.0,0.1369393637105081,2.082619477006312,0.016711453665764427,52.552718385587596,0.635875045973875,0.172882414151925,0.46851178961884254,0.9575647933787759,0.41219111226988686,0.05014009444128769,0.18927043588854203,0.13468487780976296,1.241412733060209,0.19184843427332007,0.28983330896060006,Telecom Services,Communication Services,SHEN
2014Q4,2014,Q4,2015-02-27,2014-12-31,8649000.0,82810000.0,16327000.0,0.17904608123214508,51037000.0,0.6163144547759932,619242000.0,258346000.0,128324000.0,59154000.0,360896000.0,8794000.0,227512000.0,754781250.0,910114250.0,5.348114105908169,2.1693207559928323,0.3621362892051896,0.8680219550525264,0.01989729368905925,5.348114105908169,0.03347835848048741,9.114614780823572,21.817009191814083,2.9215906187825627,0.0,3.613031612463043,0.0,0.1337280094050468,1.927849342394428,0.013967075876636275,114.01529456193353,0.6163144547759932,0.08512776504330344,0.33266905113411116,0.9833574320121709,0.4180487775767877,0.04289100494503249,0.08071973010121204,0.1543410633484163,1.2380760154018133,0.2798134283238394,0.3433937506429791,Telecom Services,Communication Services,SHEN
2014Q3,2014,Q3,2014-10-31,2014-09-30,8003000.0,82268000.0,14144000.0,0.165,48938000.0,0.5948606991782953,614612000.0,260673000.0,121982000.0,57146000.0,353939000.0,7605000.0,230196000.0,598243530.0,749600530.0,5.405237838510347,2.134567598782067,0.3742198330003319,0.8823315034545196,0.01804397311133715,5.405237838510347,0.03070130009628922,7.271886152574512,18.688102274147194,2.2949961445949523,0.0,4.382642998027613,0.0,0.1338535531359622,1.8991880446575438,0.013021223145659375,93.9305275553462,0.5948606991782953,-0.05714285714285704,0.22924319023839787,0.9866985189384114,0.4336509197629432,-0.0015302062718054394,-0.0710388856645386,-0.10441334768568353,1.5530435013837942,0.25741150027919985,0.24459105168054765,Telecom Services,Communication Services,SHEN
2014Q2,2014,Q2,2014-08-01,2014-06-30,8615000.0,81416000.0,15793000.0,0.175,49013000.0,0.6020069765156726,604003000.0,251763000.0,111801000.0,49515000.0,352240000.0,7595000.0,222193000.0,734146920.0,892061920.0,5.222865322379885,2.2579218418661013,0.38079281063173526,0.9135575918621879,0.019747861284244342,5.222865322379885,0.034218689799533686,9.01723150240739,21.304321532211258,2.916023879601054,0.0,4.266359447004608,0.0,0.13479403247997113,1.9979602140765425,0.014263174189532171,39.96227314789614,0.6020069765156726,-0.027777777777777804,0.23252890718895738,0.9558435939732468,0.43138856344698134,0.016529782644765224,-0.00011606313834726091,0.007206632653061224,1.8399214767718484,0.30454500223615066,0.2595789273073685,Telecom Services,Communication Services,SHEN
2014Q1,2014,Q1,2014-05-02,2014-03-31,8616000.0,80452000.0,15680000.0,0.18,48216000.0,0.5993138765972257,596595000.0,243608000.0,102336000.0,41144000.0,352987000.0,8577000.0,213578000.0,776865110.0,953184110.0,5.062720811338792,2.487264242659926,0.38552116595010016,0.9441397655249417,0.020029113956530162,5.062720811338792,0.03536829660766477,9.656256028439318,22.541350684772517,3.188996707825687,0.0,3.758423691267343,0.0,0.13485195149138024,2.1136496208438653,0.01444195811228723,50.44251087591715,0.5993138765972257,0.3333333333333332,3.045828712194975,0.9697445399264505,0.45821174827550626,0.05201605864897888,0.29059316956261233,0.26075420117391657,1.7547663413006291,0.2885169117994233,0.2175155435781975,Telecom Services,Communication Services,SHEN
2013Q4,2013,Q4,2014-03-03,2013-12-31,6676000.0,77966000.0,12437000.0,0.135,45832000.0,0.5878459841469359,597006000.0,234315000.0,97974000.0,43994000.0,362691000.0,10715000.0,204962000.0,616721750.0,808405750.0,4.876482830385015,2.2269854980224575,0.38525575957360564,0.9815846189957963,0.016432760539874174,4.876482830385015,0.02849156050615624,7.910137111048406,23.09473299880168,2.632019930435525,0.0,2.998973401773215,0.0,0.13059500239528582,1.8347047324635177,0.01118246717788431,-39.7936346625371,0.5878459841469359,-0.03571428571428574,0.1814282728349474,1.0651450222469412,0.3745439050564988,0.0021209139608614844,-0.00610391543843978,-0.062207811793093044,1.3840324317965886,0.3042772428306258,0.19331628383770047,Telecom Services,Communication Services,SHEN
2013Q3,2013,Q3,2013-11-01,2013-09-30,6717000.0,77513000.0,13262000.0,0.14,45735000.0,0.5900300594738948,597499000.0,234887000.0,111970000.0,48467000.0,362612000.0,8807000.0,206933000.0,578641000.0,746886000.0,4.8914410662224075,2.310231704046052,0.38527261133491436,0.9800457241141485,0.016045563649533575,4.8914410662224075,0.028596729491202153,7.465083276353644,21.536437397647763,2.4634866978589707,0.0,3.6082661519246053,0.0,0.1297290874126986,1.991850124827202,0.01124185981901225,-52.89706554529665,0.5900300594738948,-0.15151515151515146,-0.03263905780542875,1.031567207560707,0.3492148284319817,-0.02538038613987981,-0.1434583014537108,-0.08537931034482758,0.6462334422300078,0.4417248652900756,0.19306260081057,Telecom Services,Communication Services,SHEN
2013Q2,2013,Q2,2013-08-02,2013-06-30,7842000.0,77454000.0,14500000.0,0.165,46926000.0,0.6058563792702766,596082000.0,228112000.0,117797000.0,59150000.0,367970000.0,8011000.0,200216000.0,422569560.0,579884560.0,4.753125520920153,1.9914961961115807,0.38705580775799303,1.0114198288560006,0.01918145146002206,4.753125520920153,0.03437784947744967,5.455748702455651,13.471358071920429,1.8524652802132286,0.0,3.810760204718512,0.0,0.12993849839451618,1.744885883347422,0.013155908079760838,60.470744132799084,0.6058563792702766,-0.05034878099316254,0.0607847629777377,0.9408624619250852,0.3680514035629288,0.03566541602295299,-0.060950784337205126,-0.04661713459136038,0.7200235202148738,0.8367963814059189,0.20173585924595697,Telecom Services,Communication Services,SHEN
2013Q1,2013,Q1,2013-05-03,2013-03-31,8351000.0,76010000.0,15209000.0,0.173748,45310000.0,0.5961057755558479,566728000.0,217016000.0,107818000.0,44803000.0,349712000.0,7186000.0,192374000.0,352163370.0,516506370.0,4.526258707712843,2.4064906367877152,0.4083757993252495,1.0664559295167177,0.0206352097828132,4.526258707712843,0.03848103365650459,4.633118931719511,10.542550892108729,1.622753022818594,0.0,4.2721959365432784,0.0,0.13412077751584534,2.095841796308283,0.014735463926257393,-106.23329411764706,0.5961057755558479,0.73748,0.7098384176216052,1.0439297847904239,0.36352684880106284,-0.08755890289580733,0.6987388120423108,0.6360800344234079,0.2012076715870551,0.778586443483283,0.150749722924693,Telecom Services,Communication Services,SHEN
2012Q4,2012,Q4,2013-03-05,2012-12-31,4916000.0,74998000.0,9296000.0,0.1,49658000.0,0.6621243233152884,570740000.0,207848000.0,116435000.0,58140000.0,362892000.0,9789000.0,184023000.0,366858220.0,527949220.0,4.337033636591269,2.0026659786721708,0.40679994393243857,1.1170518840691275,0.014328569537713883,4.337033636591269,0.02365189946499365,4.891573375290008,18.65633746948739,1.765031272853239,0.0,2.588619879456533,0.0,0.13140484283561693,1.7383040935672514,0.008613379121841819,-23.03951642278465,0.6621243233152884,2.3333333333333335,0.31199707675634153,0.9572935849374684,0.3500353109534322,0.24515433414407864,2.612049963262307,0.7192528204179767,-0.2364872272063664,0.8105724294568405,0.14996148640199966,Telecom Services,Communication Services,SHEN
2012Q3,2012,Q3,2012-11-05,2012-09-30,1361000.0,72876000.0,5407000.0,0.03,39881000.0,0.5472446347219935,552791000.0,209641000.0,131751000.0,49550000.0,343150000.0,7249000.0,187003000.0,435479999.99999994,573752000.0,4.390387434554974,2.658950554994955,0.42135092648035155,1.1110374401953815,0.0049892746544048065,4.390387434554974,0.006492050696190153,5.9756298369833685,79.99265246142541,2.0772654204091756,0.0,4.551662298248035,0.0,0.13183282651128547,2.3891422805247227,0.002462051661477846,37.325790691694515,0.5472446347219935,-0.7391304347826088,-0.7390394746149674,1.0146239805415689,0.35520920830558345,-0.036900190779782176,-0.7552158273381295,-0.5145012121756308,-0.7888694955941083,0.7774337474232786,0.16447845066519323,Telecom Services,Communication Services,SHEN
2012Q2,2012,Q2,2012-08-08,2012-06-30,5560000.0,71378000.0,11137000.0,0.115,41409000.0,0.5801367368096613,471989000.0,208475000.0,56787000.0,54583000.0,263514000.0,7520000.0,185642000.0,329006955.93,477387955.93,4.31198292142443,1.040378872542733,0.3595274466142219,0.8139728984290683,0.016841113309209794,4.31198292142443,0.02666986449214534,4.609360810473816,14.79347823426259,1.5781602395011392,0.0,3.985239361702128,0.0,0.15122810065488815,0.8080537896414635,0.01177993554934543,72.18230713690215,0.5801367368096613,0.21052631578947373,-0.09693963180441027,0.9641959701974734,0.37799799106643905,0.04058400763934261,0.24496193461710702,0.26312804808891915,-0.2069094941225397,0.709601391650061,0.18175037235943928,Telecom Services,Communication Services,SHEN
2012Q1,2012,Q1,2012-05-09,2012-03-31,4466000.0,68823000.0,8817000.0,0.095,39794000.0,0.5782078665562385,471605000.0,202448000.0,56972000.0,53065000.0,269157000.0,7258000.0,180082000.0,262083682.45000002,417580682.45000005,4.30643979605759,1.0736266842551587,0.3713701084594099,0.8651110408598751,0.01340066892940502,4.30643979605759,0.022059985774124713,3.808082798628366,14.67105253302732,1.2945728406800758,0.0,3.99958666299256,0.0,0.1459335672861823,0.8146989541128804,0.009469789336415008,34.39869831342696,0.5782078665562385,0.1875,0.08763449514692359,1.0646848658665817,0.4371655879611353,0.08557710669176419,0.12437059415911379,0.09732420659614188,2.085412341027568,0.7247220562428333,0.2403806841941459,Telecom Services,Communication Services,SHEN
2011Q4,2011,Q4,2012-03-06,2011-12-31,3972000.0,66505000.0,8035000.0,0.08,36657000.0,0.5511916397263363,479979000.0,197659000.0,64464000.0,55579000.0,282320000.0,7469000.0,175616000.0,260166000.0,424867000.0,3.9810473313192345,1.1598625380089602,0.37621437604561864,0.9135683171522673,0.012642079580451333,3.9810473313192345,0.020095214485553403,3.911976543117059,16.375,1.316236548803748,0.0,3.9962511715089035,0.0,0.13855814525218813,0.8969574839417765,0.00827536204708956,61.244350282485875,0.5511916397263363,0.23076923076923075,0.16084682440846826,0.3758746664669213,0.37251295606984947,-0.013084565059365156,0.32311792138574286,-0.123773173391494,-0.31974082073434124,0.7048011837170538,0.12214572168897615,Telecom Services,Communication Services,SHEN
2011Q3,2011,Q3,2011-11-08,2011-09-30,3002000.0,62657000.0,9170000.0,0.065,37143000.0,0.5927988891903538,473141000.0,200579000.0,66076000.0,50957000.0,272562000.0,5310000.0,179493000.0,257248305.55,421384305.55,4.342983047493196,1.296701140177012,0.39311325799286045,0.9273054507201651,0.012057294755367414,4.342983047493196,0.014966671486047892,4.1056594722058195,21.423076744670222,1.2825286074314861,0.0,4.804896421845575,0.0,0.13242775409444543,0.9664422944835842,0.006344831667515603,-370.67479185878966,0.5927988891903538,0.03396166388292369,-0.10926352408169768,0.47572315136408416,0.45155631140903585,0.022124989680508543,0.0033422459893048127,0.14711033274956217,-0.5504803135302938,0.707462103657674,0.19793268445363063,Telecom Services,Communication Services,SHEN
2011Q2,2011,Q2,2011-08-08,2011-06-30,2992000.0,61555000.0,7994000.0,0.062865,36339000.0,0.5903500934123954,467299000.0,197142000.0,68340000.0,48550000.0,270157000.0,6576000.0,176491000.0,404599440.0,568227440.0,4.1465169106511865,1.407621009268795,0.40457822507644997,0.9589990970975236,0.01183360229587956,4.1465169106511865,0.015176877580627163,6.572974413126472,33.80677139037434,2.0523249231518395,0.0,3.834549878345499,0.0,0.13172508393983295,1.0188259526261585,0.006402752841328571,459.2502156640182,0.5903500934123954,-0.03284615384615382,0.04592841480228166,0.4455859335292481,0.430586376749213,0.057380626764046906,-0.011562603237528906,0.12734452122408688,-0.5914594625958096,0.5569955688906549,0.19345644345946342,Telecom Services,Communication Services,SHEN
2011Q1,2011,Q1,2011-05-09,2011-03-31,3027000.0,60428000.0,7091000.0,0.065,34367000.0,0.5687264182167208,463165000.0,193646000.0,65063000.0,44605000.0,269519000.0,4910000.0,173499000.0,420520155.92999995,586043155.93,4.1582391601012265,1.4586481336173074,0.4147139788196431,0.9919182425663324,0.010485258599723692,4.1582391601012265,0.015631616454767978,6.959028197689812,34.73076940287413,2.171592265938878,0.0,5.307739307535641,0.0,0.1304675439638142,1.0325299854276426,0.006535467921798927,229.9180732258064,0.5687264182167208,0.11532793478260868,-0.6487946184752964,0.5053131953490024,0.4688939030449165,0.013417079499882047,0.11532792925571113,-0.04253308128544423,-0.3619094355493071,0.6729646909135607,0.2526616582636827,Telecom Services,Communication Services,SHEN
2010Q4,2010,Q4,2011-03-08,2010-12-31,2714000.0,57935000.0,7406000.0,0.058278823629275736,33912000.0,0.5853456459825667,466437000.0,190305000.0,70800000.0,44898000.0,276132000.0,6360000.0,170472000.0,436120848.315,603779848.315,4.086496510968798,1.5769076573566752,0.41830300769450107,1.0252594519324243,0.011370187402575033,4.086496510968798,0.01426131735897638,7.527761255113489,40.17325426630435,2.2916941137384725,0.0,3.7772012578616354,0.0,0.1242075564331303,1.12840215599804,0.005818577857245459,68.19716158170445,0.5853456459825667,-0.3143667808320502,0.008142857610963134,0.4650019632982131,0.5515916440084656,0.06190699859088774,-0.32721864154685176,-0.22555683362961415,-0.25460782458716985,0.5559702711766308,0.2720479134286692,Telecom Services,Communication Services,SHEN
2010Q3,2010,Q3,2010-11-03,2010-09-30,4034000.0,53155000.0,9563000.0,0.085,31935000.0,0.6007901420374376,467073000.0,194647000.0,84986000.0,42162000.0,272426000.0,5355000.0,175591000.0,431319460.00000006,586312460.0,4.0999031089392535,2.015701342441061,0.4242099200767332,1.0179298936022647,0.01376690077390181,4.0999031089392535,0.02072469650187262,8.11437230740288,26.730259048091227,2.215906024752501,0.0,3.96265172735761,0.0,0.11380448024184657,1.5486219818794176,0.008636765559131013,-144.59251089507208,0.6007901420374376,-0.1052631578947368,0.23756982695459844,0.37990259556427763,0.5371628904366638,0.18409343715239154,-0.11767279090113736,0.23107621009268794,-0.22204971995125364,0.4779265438587837,0.2655435378354863,Telecom Services,Communication Services,SHEN
2010Q2,2010,Q2,2010-08-06,2010-06-30,4572000.0,42286000.0,7768000.0,0.095,26970000.0,0.6377997445963203,283930000.0,190350000.0,62636000.0,25753000.0,93580000.0,5391000.0,171557000.0,426880422.91999996,431077422.91999996,3.955216518131161,2.4321826583310684,0.10812876413200437,0.16128710270554242,0.02078541704844024,3.955216518131161,0.024018912529550827,10.095076926642387,23.34210536526684,2.242607948095613,0.0,2.8410313485438694,0.0,0.14893107456063115,1.696384887197608,0.016102560490261684,45.234759237045665,0.6377997445963203,-0.3448275862068965,0.735867826801432,0.13720550763567366,0.5226533660621183,-0.02282608695652174,-0.3230678116671602,-0.3245217391304348,-0.2539936134870122,0.1689915673372832,0.26398469463721314,Telecom Services,Communication Services,SHEN
2010Q1,2010,Q1,2010-05-07,2010-03-31,6754000.0,41518000.0,11500000.0,0.145,27600000.0,0.6647719061611831,275137000.0,183211000.0,55062000.0,22987000.0,91926000.0,4895000.0,166984000.0,437845514.0,451483514.0,3.933312880761866,2.395353895680167,0.11570962829426795,0.17376685897680816,0.03133704933253871,3.933312880761866,0.03686459874134195,10.545920179199383,16.206896431744152,2.3898429351949395,0.0,2.843309499489275,0.0,0.1508993701319706,1.5515726280071345,0.02454777074693698,68.21086057018228,0.6647719061611831,0.0792585410674336,1.774555344130904,0.18745137731652722,0.5482174622904695,0.07476635514018691,0.07925854905720678,0.33596654275092935,0.6600737042571351,0.2570676756009467,0.31264389765537065,Telecom Services,Communication Services,SHEN
2009Q4,2009,Q4,2010-03-08,2009-12-31,6258000.0,40260000.0,8608000.0,0.1343514964047342,25680000.0,0.6378539493293591,271725000.0,175672000.0,52635000.0,24628000.0,96053000.0,6062000.0,160230000.0,473944479.25000006,494850479.25000006,3.7714599035494514,2.1372015592009097,0.12129910755359279,0.1876223871761009,0.02582510201434277,3.7714599035494514,0.03562320688555945,11.772093374316942,18.933544233381273,2.697894253210529,0.0,2.4051468162322664,0.0,0.14816450455423683,1.3290157544258567,0.023030637593154844,-476.32610979899505,0.6378539493293591,-0.004803730335302249,2.175379255923754,0.2404678233208244,0.5188314670849341,-0.027714675147660156,-0.00776914539400666,-0.1855426246570158,0.949518849449518,-0.11218076711039142,0.3002552218348596,Telecom Services,Communication Services,SHEN
2009Q3,2009,Q3,2009-11-05,2009-09-30,6307000.0,40115000.0,10569000.0,0.135,26412000.0,0.6584070796460177,262997000.0,176141000.0,50804000.0,29563000.0,86856000.0,4706000.0,161540000.0,419298708.025,433455708.025,3.7702607824533136,1.7184994756959713,0.11055259185465995,0.165066622762446,0.030625058774507174,3.7702607824533136,0.035806541350395425,10.452417001744983,16.62037054166006,2.3804719402353793,0.0,2.911814704632384,0.0,0.15253025699912925,1.3321719717214084,0.02398126214367464,153.36456036027798,0.6584070796460177,-0.06896551724137918,0.9821696999188961,0.25428702145913834,0.49976462615085304,-0.025243578387953942,-0.0642433234421365,-0.09177623098736788,0.8499911078195116,-0.06599252777165536,0.26013520536005524,Telecom Services,Communication Services,SHEN
2009Q2,2009,Q2,2009-08-04,2009-06-30,6740000.0,40140000.0,11637000.0,0.145,27096000.0,0.6750373692077728,258565000.0,169604000.0,50107000.0,29196000.0,88961000.0,4600000.0,155233000.0,471559890.0,488472890.0,3.6488102921561034,1.7162282504452664,0.11671726645137587,0.1779380203297092,0.034094432552078606,3.6488102921561034,0.03973962878234004,11.747879671150972,17.49109384272997,2.78035830522865,0.0,2.8356521739130436,0.0,0.15524142865430357,1.0400397314700645,0.026066946415794868,67.68478398162767,0.6750373692077728,2.611111111111111,1.2985895974068815,0.3157885474525763,0.49158132087619083,-0.013650758982199411,2.629987908101572,-0.04182791272128448,1.409967466919259,-0.035796159417102937,0.25887302711640847,Telecom Services,Communication Services,SHEN
2009Q1,2009,Q1,2009-05-05,2009-03-31,-4135000.0,40102000.0,12145000.0,-0.09,27471000.0,0.6850281781457284,254785000.0,164025000.0,59023000.0,23405000.0,90760000.0,5711000.0,149867000.0,538581600.0,562202600.0,3.4718694437388873,2.5218115787224953,0.16592028573110662,0.2577290047248895,0.03290308005420909,3.4718694437388873,-0.025209571711629325,13.43029275347863,-32.5623700120919,3.2835336076817563,0.0,2.2116967256172297,0.0,0.15739545106658556,1.6503738517410809,-0.01622936986086308,44.29489267209475,0.6850281781457284,-1.765291576673866,-2.72551231397318,0.3918705387844087,0.45683567648054013,0.11716144774298495,-1.744240460763139,0.24372759856630824,-1.47290799964865,-0.015292861360365324,0.22643447423833352,Telecom Services,Communication Services,SHEN
2008Q4,2008,Q4,2009-03-09,2008-12-31,5556000.0,37120000.0,9765000.0,0.11760223520447041,24590000.0,0.6624461206896551,265981000.0,167608000.0,72421000.0,24385000.0,98373000.0,6376000.0,154002000.0,662597100.0,698716100.0,3.547709762086191,2.9698995283986056,0.1554960692681056,0.24676029783781203,0.027764014784354817,3.547709762086191,0.03314877571476302,17.85013739224138,29.8144843412527,3.9532546179179993,0.0,1.9651819322459223,0.0,0.13955884066907034,1.3930285011277426,0.02088871009583391,-84.87217881388497,0.6624461206896551,-0.18895010203813503,0.39181467047076324,0.25766272313224214,0.5231956646498409,-0.080644558268217,-0.18390129259694477,-0.22493848718152235,1.0343556385876354,-0.07475324936111652,0.34702105029210056,Telecom Services,Communication Services,SHEN
2008Q3,2008,Q3,2008-11-05,2008-09-30,6808000.0,37409000.0,12599000.0,0.145,26747000.0,0.7149883717821914,236914000.0,170691000.0,66108000.0,23242000.0,66223000.0,5000000.0,157021000.0,519549870.0,530966870.0,3.625398241366127,2.844333534119267,0.07907932836387888,0.10975974128688683,0.04037769656145463,3.625398241366127,0.039884938280284256,13.888365633938356,19.078652688014103,3.043803539729687,0.0,2.1324,0.0,0.15790117933089645,1.0147147405558903,0.02873616586609487,-33.5583174008526,0.7149883717821914,-0.06451612903225812,1.4411108931969043,0.31013454446667393,0.567434259098338,-0.015387447082643106,-0.06096551724137931,0.01999676165803109,1.1060689421732752,-0.020736367323016182,0.35925837552882617,Telecom Services,Communication Services,SHEN
2008Q2,2008,Q2,2008-08-06,2008-06-30,7250000.0,39137000.0,12352000.0,0.155,27165000.0,0.6941002120755295,229552000.0,163525000.0,45189000.0,22663000.0,66027000.0,4387000.0,150214000.0,306399660.0,303193660.0,3.474376407597841,1.9939549044698408,0.08625932250644734,0.12108851857514141,0.03946715633394299,3.474376407597841,0.0443357284818835,7.828900017885888,10.56550551724138,1.8737175355450237,0.0,2.7289719626168223,0.0,0.17049296020073884,1.6456779773198607,0.03158325782393532,239.18786885245902,0.6941002120755295,0.5499999999999999,5.70158217538492,0.5202179323022746,0.5404441189462715,0.13428535638231243,0.5129382303839732,0.4519807217585518,1.8146459058305708,0.07623028541046208,0.33754268767448287,Telecom Services,Communication Services,SHEN
2008Q1,2008,Q1,2008-05-06,2008-03-31,4792000.0,36487000.0,8507000.0,0.1,23949000.0,0.6563707621892729,223727000.0,156157000.0,43302000.0,22750000.0,67570000.0,4642000.0,142964000.0,349051640.0,346915640.0,3.319522979465159,1.9033846153846155,0.09323416485269995,0.13357710509295131,0.029037068524037177,3.319522979465159,0.030687064941052916,9.566465864554498,18.210123121869785,2.2352609233015492,0.0,2.700990952175786,0.0,0.1630871553276985,1.522857142857143,0.021418961502187934,53.593066175341626,0.6563707621892729,0.2790103317020121,-0.811170792786457,0.41103186883398296,0.4875217806438393,-0.0021665763926503063,0.3028820010875476,0.36483234397561365,0.9492000707580727,0.03329622069541025,0.30661953398606256,Telecom Services,Communication Services,SHEN
2007Q4,2007,Q4,2008-03-13,2007-12-31,3678000.0,37612000.0,6233000.0,0.07818545129883933,24001000.0,0.6381208125066468,221524000.0,151124000.0,41136000.0,24056000.0,70400000.0,4664000.0,138172000.0,564033580.0,568695580.0,3.2125334807193573,1.7100099767209844,0.09889221935320777,0.14496042984568963,0.020528441198500058,3.2125334807193573,0.02433763002567428,14.996107093480804,38.33833469276781,3.732256822212223,0.0,2.918310463121784,0.0,0.16978747223777108,1.3861406717658795,0.016603167151189036,523.7080594243268,0.6381208125066468,-0.28922317001055153,0.5749527393459939,1.499060695190266,0.9039348562749562,0.030395397758983384,-0.2798120227139221,-0.23323902078976505,0.8479024559686482,0.14748081627456905,0.2937422283048472,Telecom Services,Communication Services,SHEN
2007Q3,2007,Q3,2007-11-06,2007-09-30,5107000.0,35422000.0,8129000.0,0.11,23293000.0,0.6575856812150641,219768000.0,151479000.0,44199000.0,21828000.0,68289000.0,3644000.0,140815000.0,518078640.0,517823640.0,3.2396381367894262,2.0248763056624517,0.10441465545484328,0.15148634464183153,0.02830397340025023,3.2396381367894262,0.03371424421867057,14.625900287956638,25.361202271392205,3.420135068227279,0.0,3.3284851811196488,0.0,0.1611790615558225,1.6609400769653655,0.023238142040697463,687.106949602122,0.6575856812150641,-0.12,1.2211737475155253,0.2184542278979257,0.9022453931232594,-0.030790995714226273,-0.14124768790987052,-0.16522899979461902,0.6036773682321618,0.10661448609243226,0.28868928687858053,Telecom Services,Communication Services,SHEN
2007Q2,2007,Q2,2007-08-08,2007-06-30,5947000.0,35101000.0,9738000.0,0.125,24033000.0,0.6846813481097405,216662000.0,146132000.0,43127000.0,21680000.0,70530000.0,3706000.0,135708000.0,397029390.0,397751390.0,3.1291648822269806,1.9892527675276752,0.11067007597086706,0.1640845263186708,0.033986010743114636,3.1291648822269806,0.04069608299345797,11.31105638016011,16.690322431478055,2.716922987436017,0.0,2.9865083648138153,0.0,0.16200810478994931,1.6102859778597787,0.0274482835014908,79.77283303194696,0.6846813481097405,0.44230214499175013,3.724478960493822,0.23675208112785892,0.8923859667236536,0.11027441559641504,0.4608204372390076,0.3746470920383964,1.018679648465382,0.14523905250451286,0.27915772938513433,Telecom Services,Communication Services,SHEN
2007Q1,2007,Q1,2007-05-04,2007-03-31,4071000.0,33048000.0,7084000.0,0.086667,21646000.0,0.6549866860324377,211663000.0,139660000.0,38589000.0,21970000.0,72003000.0,2349000.0,129761000.0,365793566.4,372513566.4,2.9964812907655336,1.756440600819299,0.13033454122827323,0.19752971502219677,0.02463481443115433,2.9964812907655336,0.02914936273807819,11.068553812636164,22.46337302873987,2.619172034942002,0.0,4.853980417198808,0.0,0.1561349881651493,1.4475193445607646,0.019233404043219646,46.59197126480703,0.6549866860324377,0.25758889663760887,0.8303666963461726,0.2394745140610635,0.8045509945987418,-0.18038621734191593,0.2674346201743462,0.12035426221730192,0.7219869069420456,0.16269066401496537,0.25735743207917705,Telecom Services,Communication Services,SHEN
