Quarters,Year,Quarter,FillingDate,Date,NetIncome,Revenue,OperatingIncome,EPSDiluted,GrossProfit,GrossProfitRatio,TotalAssets,CommonStockEquity,CurrentAssets,CurrentLiability,TotalLiability,Inventory,RetainedEarnings,MarketCap,EnterpriseValue,bookValuePerShare,currentRatio,debtToAssets,debtToEquity,roic,shareholdersEquityPerShare,roe,priceToSalesRatio,peRatio,pbRatio,payoutRatio,inventoryTurnover,dividendYield,assetTurnover,quickRatio,returnOnAssets,priceToFreeCashFlowsRatio,grossProfitMargin,epsdilutedGrowth,fiveYNetIncomeGrowthPerShare,fiveYRevenueGrowthPerShare,fiveYShareholdersEquityGrowthPerShare,grossProfitGrowth,netIncomeGrowth,operatingIncomeGrowth,threeYNetIncomeGrowthPerShare,threeYRevenueGrowthPerShare,threeYShareholdersEquityGrowthPerShare,Industry,Sector,Symbol
2023Q1,2023,Q1,2023-04-28,2023-03-31,-102000000.0,1805000000.0,-10000000.0,-0.25,482000000.0,0.2670360111,13276000000.0,3333000000.0,4055000000.0,3291000000.0,9943000000.0,2240000000.0,-2440000000.0,5148916000.0,11010916000.0,8.052669726987196,1.2321482831965969,0.46196143416691776,1.84008400840084,-0.000881867761335459,8.052669726987196,-0.0306030603060306,2.8525850415512464,-12.619892156862745,1.5448292829282926,-0.9509803921568627,0.590625,0.01883891677393844,0.13595962639349202,0.452446065025828,-0.0076830370593552275,-32.180725,0.2670360110803324,0.5833333333333334,-3.247055533168003,-0.29759893223315403,-0.7230468344326422,-0.19666666666666666,0.5903614457831325,-1.15625,0.9183426741680474,-0.02005648364098381,-0.011950946642393346,Household & Personal Products,Consumer Defensive,NWL
2022Q4,2022,Q4,2023-02-15,2022-12-31,-249000000.0,2285000000.0,64000000.0,-0.6,600000000.0,0.2625820569,13262000000.0,3519000000.0,4052000000.0,3078000000.0,9743000000.0,2203000000.0,-2338000000.0,5409888000.0,11011888000.0,8.508220502901354,1.3164392462638077,0.4440506710903333,1.6734867860187552,0.004868035190615835,8.508220502901354,-0.07075873827791987,2.367565864332604,-5.4316144578313255,1.5373367433930094,-0.3815261044176707,0.7648660916931457,0.017560437480406248,0.17229678781480923,0.49935022742040286,-0.018775448650278994,26.519058823529413,0.26258205689277897,-9.57142857142857,-1.1777792398870375,-0.2795844934951103,-0.7064015194761182,-0.08116385911179173,-9.03225806451613,-0.3786407766990291,-1.3211135088034784,-0.21410372168213285,-0.2741964900512898,Household & Personal Products,Consumer Defensive,NWL
2022Q3,2022,Q3,2022-10-28,2022-09-30,31000000.0,2252000000.0,103000000.0,0.07,653000000.0,0.289964476,14678000000.0,3776000000.0,5148000000.0,4108000000.0,10902000000.0,2527000000.0,-2133000000.0,5744904000.0,11467904000.0,9.129593810444874,1.2531645569620253,0.43323341054639597,1.6840572033898304,-0.009989988110881672,9.129593810444874,0.008209745762711865,2.5510230905861455,46.32987096774194,1.5214258474576272,3.064516129032258,0.6327661258409181,0.01653639468997219,0.1534268973974656,0.5204479065238559,0.0021120043602670664,-29.014666666666667,0.28996447602131437,-0.8571428571428571,-0.8431899050045881,-0.2740562382975358,-0.648420592674789,-0.2084848484848485,-0.8480392156862745,-0.6750788643533123,1.050710332553828,-0.05926721297164652,-0.06577000692615052,Household & Personal Products,Consumer Defensive,NWL
2022Q2,2022,Q2,2022-07-29,2022-06-30,204000000.0,2534000000.0,317000000.0,0.49,825000000.0,0.3255722178,14448000000.0,3947000000.0,4757000000.0,4630000000.0,10501000000.0,2522000000.0,-2164000000.0,7878752000.0,13431752000.0,9.538424359594007,1.0274298056155509,0.4066998892580288,1.4887256143906764,0.02437514841520827,9.538424359594007,0.05168482391689891,3.1092154696132597,9.655333333333333,1.9961368127691916,0.46568627450980393,0.6776367961934973,0.012057747216818095,0.1753875968992248,0.40712742980561556,0.014119601328903655,-31.769161290322582,0.3255722178374112,-0.10909090909090918,0.07065435307019918,-0.2685534813259615,-0.6227288460560437,0.11486486486486487,-0.1282051282051282,0.4608294930875576,1.3238688412357196,0.2247462542290961,-0.18747182012876454,Household & Personal Products,Consumer Defensive,NWL
2022Q1,2022,Q1,2022-04-29,2022-03-31,234000000.0,2388000000.0,217000000.0,0.55,740000000.0,0.3098827471,14204000000.0,3980000000.0,4411000000.0,3183000000.0,10224000000.0,2297000000.0,-2368000000.0,9032879000.0,14227879000.0,9.433515050959944,1.385799560163368,0.38996057448606025,1.3917085427135678,0.01769669088818025,9.433515050959944,0.05879396984924623,3.782612646566164,9.650511752136753,2.269567587939698,0.42735042735042733,0.717457553330431,0.011070667502575867,0.16812165587158548,0.5545083254791078,0.016474232610532245,-26.411926900584795,0.3098827470686767,1.5000000000000002,-0.579399082682046,-0.16093904644249368,-0.6192180476445692,-0.11377245508982035,1.4375,0.2916666666666667,2.551654081874513,0.3984148822695134,-0.1936026055783574,Household & Personal Products,Consumer Defensive,NWL
2021Q4,2021,Q4,2022-02-14,2021-12-31,96000000.0,2805000000.0,168000000.0,0.22,835000000.0,0.2976827094,14179000000.0,4091000000.0,4262000000.0,3317000000.0,10088000000.0,1997000000.0,-2208000000.0,9292920000.0,14238920000.0,9.614571092831962,1.2848959903527284,0.37985753579236897,1.3165485211439745,0.015612884114413167,9.614571092831962,0.023466145196773404,3.3129839572192514,24.2003125,2.271552187729162,1.0208333333333333,0.9864797195793691,0.010545662719575763,0.1978277734678045,0.5848658426288815,0.006770576204245715,32.49272727272727,0.2976827094474153,-0.5,-0.3404519831741004,-0.22838909961212345,-0.5898761220534371,-0.015330188679245283,-0.49473684210526314,-0.40213523131672596,-0.5104947623594595,0.2716390476273673,-0.17204294327415007,Household & Personal Products,Consumer Defensive,NWL
2021Q3,2021,Q3,2021-10-29,2021-09-30,190000000.0,2787000000.0,281000000.0,0.44,848000000.0,0.30426982418371007,14520000000.0,4055000000.0,4616000000.0,3709000000.0,10463000000.0,2098000000.0,-2698000000.0,9418356000.0,14616356000.0,9.532204983544899,1.2445403073604746,0.39201101928374654,1.403699136868064,0.024104599242413982,9.532204983544899,0.0468557336621455,3.379388589881593,12.392573684210525,2.3226525277435264,0.5157894736842106,0.9242135367016205,0.010405212969227326,0.19194214876033058,0.5877595039094096,0.013085399449035813,27.14223631123919,0.30426982418371007,-0.04347826086956525,0.1591046307465234,-0.19817003383323148,-0.5962626704673296,-0.03854875283446712,-0.03553299492385787,-0.07868852459016394,1.0287739999564,0.3550621516488836,-0.25088539748558436,Household & Personal Products,Consumer Defensive,NWL
2021Q2,2021,Q2,2021-07-30,2021-06-30,197000000.0,2709000000.0,305000000.0,0.46,882000000.0,0.32558139534883723,14620000000.0,3986000000.0,4655000000.0,3776000000.0,10609000000.0,2016000000.0,-2888000000.0,11685738000.0,17099738000.0,9.370004701457452,1.2327860169491525,0.41388508891928866,1.5180632212744607,0.023342148068120145,9.370004701457452,0.049422980431510284,4.313672203765227,14.829616751269034,2.9316954340190664,0.49746192893401014,0.90625,0.00838629104982501,0.18529411764705883,0.6234110169491526,0.01347469220246238,285.018,0.32558139534883723,1.1904761904761905,0.5355387758962674,-0.2601383811970359,-0.6286195277336172,0.20656634746922026,1.2134831460674158,0.5885416666666666,0.7096134273910409,0.4053751288654103,-0.6736209792131841,Household & Personal Products,Consumer Defensive,NWL
2021Q1,2021,Q1,2021-04-30,2021-03-31,89000000.0,2288000000.0,192000000.0,0.21,731000000.0,0.319493006993007,14340000000.0,3836000000.0,4385000000.0,3363000000.0,10479000000.0,1901000000.0,-3085000000.0,11378822000.0,16771822000.0,9.028006589785832,1.303895331549212,0.4236401673640167,1.5836809176225235,0.012923484621597828,9.028006589785832,0.023201251303441084,4.973261363636364,31.962983146067415,2.9663248175182484,1.1235955056179776,0.8190426091530774,0.008788255937213886,0.15955369595536958,0.6577460600654178,0.006206415620641562,-144.03572151898734,0.319493006993007,-0.3,0.10264434042577922,-0.1269004507437708,0.08425586127892037,-0.17307692307692307,-0.2992125984251969,-0.22580645161290322,0.9099075072073024,-0.13269335804791604,-0.6895023528129196,Household & Personal Products,Consumer Defensive,NWL
2020Q4,2020,Q4,2021-02-19,2020-12-31,127000000.0,2689000000.0,248000000.0,0.3,884000000.0,0.3287467460022313,14700000000.0,3874000000.0,4628000000.0,3621000000.0,10800000000.0,1638000000.0,-3174000000.0,9007889000.0,14234889000.0,9.130332312043366,1.2780999723833195,0.422312925170068,1.6024780588538978,0.0291904506373131,9.130332312043366,0.032782653588022716,3.3499029378951284,17.73206496062992,2.325216572018585,0.7716535433070866,1.101953601953602,0.010879352531986129,0.18292517006802722,0.7343275338304336,0.008639455782312925,17.627962818003915,0.3287467460022313,-0.5774647887323944,3.83441532934816,-0.13431934142319973,0.06785169177006188,-0.03282275711159737,-0.5822368421052632,-0.3168044077134986,-0.9116120793388552,-0.1735907905096402,-0.6849339186049638,Household & Personal Products,Consumer Defensive,NWL
2020Q3,2020,Q3,2020-10-30,2020-09-30,304000000.0,2699000000.0,363000000.0,0.71,914000000.0,0.3386439422008151,14720000000.0,3726000000.0,4704000000.0,3108000000.0,10970000000.0,1718000000.0,-3301000000.0,7280988000.0,12929988000.0,8.781522507659675,1.5135135135135136,0.4420516304347826,1.7463768115942029,0.03594215095950939,8.781522507659675,0.08158883521202362,2.6976613560577993,5.987654605263158,1.9541030595813205,0.3190789473684211,1.0389988358556461,0.013322367788547378,0.18335597826086958,0.8597168597168597,0.020652173913043477,11.66825,0.3386439422008151,2.9444444444444446,0.4350839271344791,0.11755186165911094,0.32254216161974486,0.37650602409638556,2.8974358974358974,1.2269938650306749,0.49897160470688934,-0.15190407936702388,-0.6618247708760284,Household & Personal Products,Consumer Defensive,NWL
2020Q2,2020,Q2,2020-08-05,2020-06-30,78000000.0,2111000000.0,163000000.0,0.18,664000000.0,0.31454287067740405,14257000000.0,3492000000.0,4286000000.0,2917000000.0,10741000000.0,1714000000.0,-3605000000.0,6736296000.0,12930296000.0,8.231966053748232,1.469317792252314,0.4778705197446868,1.9510309278350515,0.01250202811333835,8.231966053748232,0.022336769759450172,3.1910450023685457,21.590692307692308,1.92906529209622,1.2564102564102564,0.8442240373395566,0.014548054301651826,0.14806761590797504,0.7747685978745287,0.005470996703373782,92.27802739726027,0.31454287067740405,1.0596026490066226,-0.6660523195176661,-0.1401485361462756,0.24756194914357058,0.07617504051863858,1.0609851446442533,1.1157670454545454,-0.6006685229701703,-0.4055928536811514,-0.6744028976650331,Household & Personal Products,Consumer Defensive,NWL
2020Q1,2020,Q1,2020-05-01,2020-03-31,-1279000000.0,1886000000.0,-1408000000.0,-3.02,617000000.0,0.3271474019088017,13903000000.0,3454000000.0,3917000000.0,2951000000.0,10424000000.0,1700000000.0,-3683000000.0,5628064000.0,11166064000.0,8.150070788107598,1.3273466621484242,0.43256851039344024,1.7411696583671106,-0.12026512084299491,8.150070788107598,-0.37029530978575564,2.9841272534464474,-1.1000906958561376,1.6294337000579038,-0.07740422204847537,0.7464705882352941,0.01759041830370088,0.13565417535783644,0.6350389698407319,-0.09199453355390923,-160.80182857142856,0.3271474019088017,-2.614973262032086,-16.089664936290703,-0.04764047108440205,0.30026195705284897,-0.3599585062240664,-2.6112370874275634,-9.352941176470589,-3.2886188761634956,-0.34029549434984635,-0.6710240191735554,Household & Personal Products,Consumer Defensive,NWL
2019Q4,2019,Q4,2020-03-02,2019-12-31,793800000.0,2976400000.0,-136000000.0,1.87,964000000.0,0.32388119876360705,15642000000.0,4963300000.0,4109900000.0,2978000000.0,10646000000.0,1606700000.0,-2404200000.0,8137747999.999999,13512848000.0,11.722484648086915,1.3800873069173942,0.3659186804756425,1.1532045211855015,0.031149228030837094,11.722484648086915,0.1599339149356275,2.7340908480043002,2.5629087931468884,1.6395841476437047,0.12295288485764676,1.2525051347482417,0.01199349009087035,0.19028257256105358,0.7354264607118872,0.050747986191024164,15.450442377064741,0.32388119876360705,2.2635135135135136,8.832003742596562,0.25623545522701774,0.7266509471390851,0.18909584309855682,2.2684563758389262,0.7857592942659105,4.480686882586104,-0.17717875747757142,-0.4999599236801357,Household & Personal Products,Consumer Defensive,NWL
2019Q3,2019,Q3,2019-11-04,2019-09-30,-625800000.0,2450600000.0,-634800000.0,-1.48,810700000.0,0.33081694278952095,16010200000.0,4137600000.0,5468400000.0,3684200000.0,11841700000.0,1877200000.0,-3198000000.0,7926047999.999999,13786248000.0,9.772319319792159,1.4842842408121166,0.39509812494534735,1.5288089713843773,-0.03468538233305215,9.772319319792159,-0.15124709976798145,3.2343295519464617,-3.1663662511984656,1.915614849187935,-0.15564077980185362,0.8735883230343064,0.012288595779384633,0.1530649211127906,0.6346560990174258,-0.039087581666687486,21.040743297053357,0.33081694278952095,-8.047619047619047,-4.305335733660964,0.06634737508816099,0.3195405252842041,0.08585587998928476,-7.968819599109131,-2.5642897248736665,-4.835758274962926,-0.2916231251153116,-0.5860926079197525,Household & Personal Products,Consumer Defensive,NWL
2019Q2,2019,Q2,2019-08-02,2019-06-30,89800000.0,2116500000.0,-178100000.0,0.21,746600000.0,0.352752185211434,17666300000.0,4969200000.0,7061700000.0,3135800000.0,12661700000.0,1845200000.0,-2572200000.0,6442626000.0,12569326000.0,11.739192062367115,2.2519612220167105,0.38215132766906484,1.358609031634871,-0.011936480864494397,11.739192062367115,0.018071319327054657,3.044,17.936041202672605,1.2965117121468246,1.086859688195991,0.742412746585736,0.015149102244954154,0.11980437329831374,0.7632820970725174,0.00508312436673214,47.971898734177216,0.352752185211434,1.5833333333333333,-0.6092404929459264,-0.08809993425378035,0.5506175315940373,0.37293122471496876,1.593915343915344,-10.873333333333333,-0.29657124844662325,-0.41908982532524747,-0.5347167017462069,Household & Personal Products,Consumer Defensive,NWL
2019Q1,2019,Q1,2019-05-08,2019-03-31,-151200000.0,1712100000.0,-15000000.0,-0.36,543800000.0,0.31762163425033585,18106100000.0,4948400000.0,7516100000.0,3551600000.0,13123000000.0,1799000000.0,-2662000000.0,6531120000.0,13435220000.0,11.698345153664302,2.1162574614258363,0.4014227249380043,1.468797995311616,-0.0009432251996143023,11.698345153664302,-0.03055533101608601,3.814683721745225,-10.798809523809522,1.3198447983186485,-0.6461640211640212,0.6494163424124514,0.014959149426132119,0.09455929217225134,0.5547358936817209,-0.008350776810025351,-25.25568445475638,0.31762163425033585,-1.782608695652174,-2.8980493102200056,-0.07730260469367488,0.5874710887267162,-0.33004804730811876,-1.7265737626141278,-1.8426966292134832,-2.88167060677699,-0.3437289678744818,0.40496123634589304,Household & Personal Products,Consumer Defensive,NWL
2018Q4,2018,Q4,2019-03-04,2018-12-31,208100000.0,2340600000.0,17800000.0,0.46,811700000.0,0.34679142100316157,17716400000.0,5243000000.0,7748800000.0,3330000000.0,12438600000.0,1583100000.0,-2486700000.0,8393385000.0,14912685000.0,11.612403100775193,2.326966966966967,0.3959608046781513,1.337974442113294,-0.0022096668022390685,11.612403100775193,0.039691016593553306,3.5859971802102026,10.083355358000961,1.6008744993324433,0.49159058145122536,0.9657633756553597,0.01218816961214099,0.1321148766115012,0.7046246246246246,0.011746178681899257,21.6491746195512,0.34679142100316157,1.0304635761589405,0.11356650513255521,-0.013853762617917105,0.5886821331207771,-0.006487148102815177,1.0284639584188209,1.0022520812773603,6.444363904829021,-0.2918758759031488,0.35814599873019437,Household & Personal Products,Consumer Defensive,NWL
2018Q3,2018,Q3,2018-11-09,2018-09-30,-7311000000.0,2277200000.0,-7903800000.0,-15.1,817000000.0,0.3587739329000527,22398100000.0,5993300000.0,12208500000.0,4096700000.0,16371900000.0,1857500000.0,-2694800000.0,9622530000.0,17792030000.0,12.724628450106158,2.9800815290355653,0.4291926547341069,1.6039744381225702,-0.4294676353829648,12.724628450106158,-1.219862179433701,4.225597224661866,-0.32904288059089043,1.6055478617789865,-0.01469019286007386,0.7861103633916554,0.011161305810426157,0.10166933802420741,0.8443381258085776,-0.32641161527093815,19.26818181818182,0.3587739329000527,-56.92592592592592,-24.29548472556766,-0.05689809945076972,0.6858854189695819,0.054057540962456456,-56.5125284738041,-94.86935866983373,-32.090852136273455,-0.15058856833603923,0.9163940650989103,Household & Personal Products,Consumer Defensive,NWL
2018Q2,2018,Q2,2018-08-09,2018-06-30,131700000.0,2203100000.0,84200000.0,0.27,775100000.0,0.3518224320275975,32191200000.0,13958300000.0,13747400000.0,4342900000.0,18200000000.0,1860300000.0,4624500000.0,12539098000.0,20762598000.0,28.70896750308515,3.1654884984687652,0.3262661845473297,0.7524483640557947,0.011339842165803278,28.70896750308515,0.009435246412528747,5.69157006036948,23.802388003037205,0.8983255840610962,0.8526955201214882,0.7676181261086922,0.008955987105292582,0.06843795819975645,0.9689608326233623,0.004091180198315067,-132.4086378035903,0.3518224320275975,1.4545454545454548,-0.2823508057355695,-0.10616100599506997,3.099871696930521,-0.2290630594788144,1.4709193245778611,-0.28095644748078563,-0.5080450743552348,-0.217066056802182,3.3508701593515764,Household & Personal Products,Consumer Defensive,NWL
2018Q1,2018,Q1,2018-05-10,2018-03-31,53300000.0,3017400000.0,117100000.0,0.11,1005400000.0,0.3332007688738649,33469400000.0,14130900000.0,8471300000.0,4917900000.0,19302100000.0,2584900000.0,4542500000.0,12383280000.0,23080380000.0,29.075925925925926,1.7225441753594013,0.3333223780527885,0.7894826231874827,0.12341183216672598,29.075925925925926,0.0037718758182422917,4.103957049115132,58.082926829268295,0.876326348640214,2.1125703564727956,0.7783666679562072,0.009092905918302743,0.09015399140707632,0.5703653998657964,0.001592499417378262,-24.92608695652174,0.3332007688738649,-0.9674556213017752,-0.4132006134876164,0.4510849233071456,3.24765428367262,-0.18200309169310877,-0.967753645108597,-0.6376856435643564,-0.4516460905349795,0.32866903031723715,3.638772021800627,Household & Personal Products,Consumer Defensive,NWL
2017Q4,2017,Q4,2018-03-01,2017-12-31,1652900000.0,3743100000.0,323200000.0,3.38,1229100000.0,0.32836419010980206,33135500000.0,14144700000.0,6078000000.0,4316800000.0,18954200000.0,2498800000.0,4611200000.0,15082290000.0,25148990000.0,28.979102642901044,1.4079873980726465,0.31846207239969215,0.7460320826882154,0.10671321955860122,28.979102642901044,0.11685649041690527,4.029358018754508,2.281186097162563,1.0662856052090182,0.06745719644261601,1.0060829198015047,0.007392776561119035,0.11296343800455705,0.7319542253521126,0.04988305593698601,17.203478955172805,0.32836419010980206,6.041666666666667,8.637437750553456,0.464266179798725,3.2089145922979427,-0.030448844363808472,6.051621160409557,-0.0006184291898577613,16.75904330764503,0.37041854324267504,3.2684461978606,Household & Personal Products,Consumer Defensive,NWL
2017Q3,2017,Q3,2017-11-08,2017-09-30,234400000.0,3678200000.0,323400000.0,0.48,1267700000.0,0.34465227556957206,33888000000.0,12734400000.0,6949300000.0,4774200000.0,21118000000.0,2861500000.0,3067700000.0,20925368000.0,31608468000.0,25.9673735725938,1.4555946546018181,0.33862724268177524,0.9011339364241739,0.018908021556966813,25.9673735725938,0.018406835029526322,5.689023979120222,22.31801194539249,1.6432158562633499,0.4812286689419795,0.8423903547090686,0.005390586201399182,0.10853989612842305,0.7767374638682921,0.0069169027384324835,257.38460024600244,0.34465227556957206,0.04347826086956513,0.28299132823903145,0.4201579862441135,2.65856419209665,-0.14071714227614723,0.051121076233183856,-0.23564169227133067,0.06890231946421162,0.381853514044254,2.506332595460086,Household & Personal Products,Consumer Defensive,NWL
2017Q2,2017,Q2,2017-08-09,2017-06-30,223000000.0,4054600000.0,423100000.0,0.46,1475300000.0,0.3638583337443891,33950000000.0,12244400000.0,7130900000.0,4791300000.0,21671800000.0,2649500000.0,2946700000.0,25968166000.0,36581766000.0,25.28267602725583,1.4883017135224261,0.33560530191458027,0.9305315082813368,0.014750464383870914,25.28267602725583,0.018212407304563718,6.40461845804765,29.112293721973092,2.120819803338669,0.49955156950672647,0.9735044347990187,0.0042898678327918886,0.11942857142857143,0.7866132364911402,0.006568483063328424,-613.90463356974,0.3638583337443891,-0.6488549618320612,0.2030402214508741,0.6129043442800683,2.7464842063521857,0.32053347654851416,-0.6507439310884886,1.712179487179487,-0.15185153802849036,0.526900684110932,2.3395620827392825,Household & Personal Products,Consumer Defensive,NWL
2017Q1,2017,Q1,2017-05-10,2017-03-31,638500000.0,3266300000.0,156000000.0,1.31,1117200000.0,0.3420383920644154,33335300000.0,11995600000.0,6488700000.0,4318200000.0,21305500000.0,2476600000.0,2835500000.0,22839714000.0,33336814000.0,24.774060305658818,1.5026399888842574,0.3355182044259389,0.9323918770215746,0.005438589243469456,24.774060305658818,0.0532278502117443,6.992534059945504,8.94272278778387,1.904007636133249,0.14549725920125295,0.8677622547040297,0.004067476501675984,0.09798321899007958,0.7519568338659627,0.019153869921674622,-58.57838933059759,0.3420383920644154,2.852941176470588,3.8572950637366503,0.47886393771798863,2.7161726571575726,-0.2663032770736192,2.8556763285024154,-0.6959656986942117,6.002162474067098,0.5378069542587143,2.3618519516229766,Household & Personal Products,Consumer Defensive,NWL
2016Q4,2016,Q4,2017-03-01,2016-12-31,165600000.0,4135900000.0,513100000.0,0.34,1522700000.0,0.36816654174423946,33837500000.0,11348800000.0,7484500000.0,4292000000.0,22453100000.0,2116000000.0,2289900000.0,21615065000.0,32920365000.0,23.443090270605246,1.7438257222739981,0.3514680458071666,1.0479345833920768,0.009331312138743532,23.443090270605246,0.014591851120823347,5.226205904398076,32.631438707729465,1.9046123819258423,0.553743961352657,1.2349716446124763,0.004242411484767684,0.12222829700775767,0.7768872320596458,0.004893978574067233,25.80595152817574,0.36816654174423946,-0.1052631578947368,0.24279860766401412,0.6690418082614071,2.703275468089229,0.19446187637276435,-0.11206434316353887,0.5841309046001852,-0.1735300193202668,0.6252000347526021,2.2072275079360493,Household & Personal Products,Consumer Defensive,NWL
2016Q3,2016,Q3,2016-11-08,2016-09-30,186500000.0,3954600000.0,323900000.0,0.38,1274800000.0,0.3223587720629141,34415500000.0,11427200000.0,7880500000.0,4066500000.0,22953200000.0,2434100000.0,2216100000.0,25487440000.0,37565240000.0,23.609917355371902,1.9379072912824296,0.37040868213450334,1.1155663679641556,0.012487520459005244,23.609917355371902,0.016320708485018202,6.44501087341324,34.1654691689008,2.230418650238028,0.4927613941018767,1.1009407994741383,0.0036056975514214065,0.11490752713167032,0.8466494528464281,0.00541906989583182,65.72315626611656,0.3223587720629141,0.2666666666666667,1.6309354292308837,0.533020365483457,2.62252095549103,0.16345715067993064,0.37943786982248523,1.3522149600580973,-0.42170511729722565,0.5938063486100676,2.1280768290068455,Household & Personal Products,Consumer Defensive,NWL
2016Q2,2016,Q2,2016-08-09,2016-06-30,135200000.0,3858600000.0,137700000.0,0.3,1095700000.0,0.28396309542321047,33955300000.0,11310700000.0,6819200000.0,4185000000.0,22612200000.0,2908700000.0,2122300000.0,21773931000.0,34134431000.0,25.23020298906982,1.6294384707287932,0.3824969886880693,1.1482755267136429,0.004518971452280407,25.23020298906982,0.011953283174339342,5.642961436790546,40.26244637573964,1.925073691283475,0.6782544378698225,0.9498745143878708,0.004211458188234362,0.11363763536178446,0.8372520908004779,0.003981705359693479,44.968878562577444,0.28396309542321047,0.5792592592592593,-0.3949822711292421,0.6105632411717467,2.4042035300216615,1.167128164556962,2.3382716049382717,0.09808612440191387,-0.20099530019702033,0.6978568146527222,2.603076116603049,Household & Personal Products,Consumer Defensive,NWL
2016Q1,2016,Q1,2016-05-09,2016-03-31,40500000.0,1314900000.0,125400000.0,0.1899624765478424,505600000.0,0.3845159327705529,15332800000.0,1775200000.0,10488900000.0,2194900000.0,13554100000.0,871500000.0,2080600000.0,9442628000.0,12637028000.0,8.326454033771107,4.7787598523850745,0.7418931962850882,6.407897701667418,0.007447501775067355,8.326454033771107,0.022814330779630465,7.181251806221005,58.287827160493826,5.319191077061739,1.3160493827160493,0.9286288009179575,0.0056446150372544595,0.08575733068976313,4.268349355323705,0.0026413962224773034,-29.279466666666668,0.3845159327705529,2.0681818181818183,-0.2617310356621501,0.3928481774971337,0.20363737064438853,-0.15338245144005358,2.0681818181818183,0.23061825318940138,0.016404394813178864,0.441457154677186,0.21639799999678652,Household & Personal Products,Consumer Defensive,NWL
2015Q4,2015,Q4,2016-02-29,2015-12-31,13200000.0,1560800000.0,101900000.0,0.06191369606003752,597200000.0,0.38262429523321373,7278000000.0,1822900000.0,2493500000.0,1988600000.0,5451600000.0,721800000.0,2090900000.0,9397856000.0,12199456000.0,8.550187617260788,1.2538972141204867,0.42269854355592196,1.6876405727138077,0.017862839483754542,8.550187617260788,0.007241209062482857,6.021178882624295,177.98969696969698,5.155442426902189,3.856060606060606,1.3349958437240232,0.005416128955370246,0.2144545204726573,0.7671225988132354,0.0018136850783182193,42.524235294117645,0.38262429523321373,-0.876172607879925,-0.759379004215812,0.4658591620443373,0.32253690693907666,-0.002838537318417098,-0.9016393442622951,-0.45391211146838156,-0.8237981171991082,0.3978400050202564,0.24182621776212165,Household & Personal Products,Consumer Defensive,NWL
2015Q3,2015,Q3,2015-11-09,2015-09-30,134200000.0,1530000000.0,186600000.0,0.5,598900000.0,0.39143790849673205,6793900000.0,1784800000.0,2586400000.0,2141200000.0,5005600000.0,898800000.0,2141700000.0,10674048000.0,13142248000.0,6.6398809523809526,1.2079207920792079,0.40247869412266885,1.5320484087852981,0.034624068721057985,6.6398809523809526,0.07519049753473779,6.976501960784313,19.884590163934426,5.980528910802331,0.38002980625931443,1.0359368046283934,0.004777943662985214,0.225202019458632,0.6713525126097516,0.01975301373290746,39.387630996309966,0.39143790849673205,-0.09090909090909098,3.8214364588591616,0.04593144576461664,-0.029271710556481013,-0.035587761674718194,-0.0962962962962963,-0.13088029809035864,0.3401080827067669,0.07773986703389753,-0.06450182093871809,Household & Personal Products,Consumer Defensive,NWL
2015Q2,2015,Q2,2015-08-07,2015-06-30,148500000.0,1560900000.0,214700000.0,0.55,621000000.0,0.3978473957332308,6958800000.0,1779600000.0,2753000000.0,2306500000.0,5175700000.0,935600000.0,2097700000.0,11087367000.0,13712167000.0,6.598442714126808,1.1935833513982224,0.4114933609242973,1.609069453809845,0.035742387664925296,6.598442714126808,0.08344571813890762,7.103188545070152,18.665601010101007,6.230257923128793,0.3447811447811448,1.004595981188542,0.004617868245905452,0.22430591481289877,0.6690223282029049,0.021339886187273668,164.0143047337278,0.3978473957332308,1.75,0.18862898107645182,0.08888717565403734,-0.020016026154533937,0.27384615384615385,1.744916820702403,1.1863543788187372,0.43858411552490256,0.11498544675605073,-0.022217371755052485,Household & Personal Products,Consumer Defensive,NWL
2015Q1,2015,Q1,2015-05-11,2015-03-31,54100000.0,1264000000.0,98200000.0,0.2,487500000.0,0.38568037974683544,6604600000.0,1695500000.0,2423000000.0,2044200000.0,4905600000.0,852300000.0,2046900000.0,10568435000.0,13187535000.0,6.2680221811460255,1.1853047647001271,0.42917057808194287,1.6717782365084046,0.015633223937305724,6.2680221811460255,0.03190799174284872,8.361103639240506,48.8375,6.2332261869654975,0.9833641404805915,0.9110641792795964,0.005033857898544108,0.19138176422493414,0.6205850699540162,0.008191260636526058,-51.50309454191033,0.38568037974683544,0.05263157894736847,-0.037328767123287636,0.00545926042471981,-0.027680020351996206,-0.1508448005573942,0.04038461538461539,-0.13480176211453745,-0.2633039092055486,0.02441690699201075,-0.059780578692161405,Household & Personal Products,Consumer Defensive,NWL
2014Q4,2014,Q4,2015-03-02,2014-12-31,52000000.0,1526000000.0,113500000.0,0.19,574100000.0,0.37621231979030145,6681100000.0,1851400000.0,2426600000.0,1890700000.0,4826200000.0,708500000.0,2111200000.0,10387143000.0,12669643000.0,6.789145581224789,1.283439995768763,0.3714807441888312,1.3405530949551692,0.021629660003955966,6.789145581224789,0.028086853192178893,6.806777850589778,49.938187500000005,5.6104261639840125,0.8923076923076924,1.3435426958362737,0.004467060865533477,0.22840550208797952,0.7656423546834505,0.0077831494813728275,45.181135276207044,0.37621231979030145,-0.5681818181818182,-0.1154825053462441,0.1074383980217228,0.07293462803299496,-0.00450840991850182,-0.5748160261651676,-0.3446882217090069,-0.3072225962231381,0.0932051382416643,0.0724727836654377,Household & Personal Products,Consumer Defensive,NWL
2014Q3,2014,Q3,2014-11-07,2014-09-30,122300000.0,1484500000.0,173200000.0,0.44,576700000.0,0.38848097002357695,6349200000.0,2025500000.0,2377400000.0,2188700000.0,4320200000.0,789400000.0,2197200000.0,9411135000.0,11465335000.0,7.405850091407678,1.0862155617489835,0.3444213444213444,1.079634658109109,0.033421711447967885,7.405850091407678,0.06038015304862997,6.339599191647019,19.237806623058052,4.64632683288077,0.3785772690106296,1.1499873321510008,0.004919704158956386,0.23380898380898382,0.5898021656691187,0.019262269262269264,30.83596002621232,0.38848097002357695,-0.18518518518518523,0.4685884730106804,0.051844618301974565,0.13148849538455626,-0.05210387902695595,-0.18791500664010624,-0.18837863167760074,1.732184561160795,0.018388754927044237,0.13629568225682098,Household & Personal Products,Consumer Defensive,NWL
2014Q2,2014,Q2,2014-08-08,2014-06-30,150600000.0,1521000000.0,213400000.0,0.54,608400000.0,0.4,6218100000.0,2100100000.0,2458600000.0,1986400000.0,4114500000.0,811800000.0,2214900000.0,8596626000.0,10518826000.0,7.570656092285509,1.2377164720096658,0.3320789308631254,0.9832388933860292,0.038006772858397084,7.570656092285509,0.07171087091090901,5.651956607495069,14.270627490039839,4.093436503023665,0.3114209827357238,1.124168514412417,0.005455628754816134,0.24460848169054855,0.6912505034232783,0.0242196169247841,140.69764320785598,0.4,1.842105263157895,0.4422502777855463,0.023494245599528864,0.19241655301423088,0.296398891966759,1.8468809073724008,1.0285171102661597,0.08912734816282666,0.025981474174154588,0.021476291930875264,Household & Personal Products,Consumer Defensive,NWL
2014Q1,2014,Q1,2014-05-09,2014-03-31,52900000.0,1232200000.0,105200000.0,0.19,469300000.0,0.38086349618568416,5993900000.0,2070000000.0,2231300000.0,1552800000.0,3920400000.0,801300000.0,2212800000.0,8398910000.0,10248310000.0,7.369170523317907,1.4369526017516745,0.3313702263968368,0.9595169082125604,0.026599311174067344,7.369170523317907,0.025555555555555557,6.816190553481578,39.69239130434782,4.057444444444444,0.8109640831758034,0.9520778734556345,0.005107805655733899,0.20557566859640636,0.7147733127253992,0.008825639400056724,-67.73314516129032,0.38086349618568416,-0.5365853658536585,0.5686152923044093,0.022778201768661466,0.2788415245102543,-0.15745062836624776,-0.5490196078431373,-0.3391959798994975,-0.26810172812148914,-0.009332945242871656,0.06525647010619501,Household & Personal Products,Consumer Defensive,NWL
2013Q4,2013,Q4,2014-03-03,2013-12-31,117300000.0,1489800000.0,159200000.0,0.41,557000000.0,0.37387568801181364,6069700000.0,2071500000.0,2285600000.0,1604500000.0,3994700000.0,684400000.0,2242100000.0,9184993999.999998,10795093999.999998,7.309456598447424,1.424493611717046,0.30255202069295023,0.8865073618151098,0.03330529451769044,7.309456598447424,0.05662563359884142,6.16525305410122,19.5758610400682,4.433982138546947,0.35805626598465473,1.3629456458211573,0.004572675823195965,0.24544870421931891,0.8297912122156434,0.019325502084122773,36.491831545490655,0.37387568801181364,-0.37878787878787884,1.4526001673155207,0.016607938007818568,0.2710720277438929,-0.013984776066560452,-0.3931712364200724,-0.10862262038073908,0.608588483493044,0.05259260323052171,0.1306215201173671,Household & Personal Products,Consumer Defensive,NWL
2013Q3,2013,Q3,2013-11-08,2013-09-30,193300000.0,1487200000.0,178600000.0,0.66,564900000.0,0.37984131253362025,6152900000.0,2189600000.0,2384200000.0,1442800000.0,3959800000.0,822600000.0,2416200000.0,7977750000.0,9481550000.0,7.547742157876594,1.6524812863875797,0.27648750995465554,0.7769455608330289,0.03461131935121036,7.547742157876594,0.08828096455973694,5.3642751479289945,10.317834971546818,3.6434736938253565,0.22762545266425246,1.1212010697787502,0.005515339538090314,0.24170716247623072,0.8693512614360965,0.031416080222334185,24.022131887985548,0.37984131253362025,0.7837837837837839,2.3570511735765103,-0.1930038091850902,-0.06299925991326356,-0.030547451518791832,0.7604735883424408,-0.036677454153182305,5.434833608004064,-0.057974407376455955,0.10345454784833273,Household & Personal Products,Consumer Defensive,NWL
2013Q2,2013,Q2,2013-08-09,2013-06-30,109800000.0,1474700000.0,185400000.0,0.37,582700000.0,0.39513121312809385,6402900000.0,2037000000.0,2600200000.0,1841400000.0,4362400000.0,884700000.0,2307600000.0,7694305000.0,9622405000.0,7.002406325197662,1.4120777669164766,0.32519639538334194,1.0221894943544427,0.03157652847666611,7.002406325197662,0.05390279823269514,5.217539160507222,17.51890938069217,3.7772729504172804,0.3970856102003643,1.008251384650164,0.005666528685826725,0.23031751237720408,0.7436732920603888,0.01714847959518343,192.83972431077694,0.39513121312809385,0.9473684210526315,0.1307156727026098,-0.23032067691954294,-0.15760753984880074,0.23036317567567569,1.0258302583025831,0.8957055214723927,-0.18518422834149148,-0.0462189098368555,0.03997962464025636,Household & Personal Products,Consumer Defensive,NWL
2013Q1,2013,Q1,2013-05-10,2013-03-31,54200000.0,1240800000.0,97800000.0,0.19,473600000.0,0.38168923275306255,6197200000.0,1985100000.0,2356600000.0,1674600000.0,4208600000.0,815000000.0,2275900000.0,7519700000.0,9458100000.0,6.845172413793104,1.4072614355667026,0.34089588846575875,1.0642285023424514,0.021691134217673495,6.845172413793104,0.027303410407536144,6.060364281108962,34.68496309963099,3.788071129917888,0.8210332103321033,0.9413496932515337,0.005917789273508252,0.2002194539469438,0.7139018273020423,0.008745885238494804,-47.987874920229736,0.38168923275306255,-0.45714285714285713,-0.09048057693473122,-0.1736415784574756,-0.15755000605390881,-0.14666666666666667,-0.4681059862610402,-0.3641092327698309,-0.10040033065658949,-0.07936292417171695,0.06184976851014917,Household & Personal Products,Consumer Defensive,NWL
2012Q4,2012,Q4,2013-03-01,2012-12-31,101900000.0,1518800000.0,153800000.0,0.35,555000000.0,0.36542006847511194,6222000000.0,1996700000.0,2271100000.0,1570800000.0,4221800000.0,696400000.0,2294900000.0,6458300000.0,8192900000.0,6.885172413793104,1.4458237840590782,0.30832529733204755,0.9607852957379677,0.030211464754508786,6.885172413793104,0.051034206440627033,4.252238609428496,15.844700686947986,3.2344869033905943,0.4268891069676153,1.383974727168294,0.00673551863493489,0.24410157505625202,0.8251846193022664,0.0163773706203793,30.136724218385442,0.36542006847511194,-0.054054054054054106,-0.07687921219655815,-0.11708241221854829,-0.15164675771845748,-0.04688304997424008,-0.05909510618651893,-0.18365180467091294,0.6299129395698193,0.03646054049854836,0.08811039833431239,Household & Personal Products,Consumer Defensive,NWL
2012Q3,2012,Q3,2012-11-06,2012-09-30,108300000.0,1535300000.0,188400000.0,0.37,582300000.0,0.37927440891031067,6363300000.0,2063300000.0,2424300000.0,2146200000.0,4296500000.0,822800000.0,2258600000.0,5485509000.0,7399509000.0,7.097695218438252,1.1295778585406766,0.34009083337262114,1.048853777928561,0.02882753796200561,7.097695218438252,0.05248873164348374,3.572923207190777,12.662763157894737,2.6586095090389184,0.26869806094182824,1.1582401555663588,0.005304886018781484,0.241274181635315,0.6170906718851924,0.01701947102918297,21.402688255950057,0.37927440891031067,-0.026315789473684233,-0.3958664546899841,-0.1360969770097585,-0.09458130879600779,0.0018926359256710254,-0.03130590339892665,0.015633423180592992,0.22352941176470603,0.02347428673986747,0.08440764858668112,Household & Personal Products,Consumer Defensive,NWL
2012Q2,2012,Q2,2012-08-07,2012-06-30,111800000.0,1516200000.0,185500000.0,0.38,581200000.0,0.38332673789737504,6590800000.0,1971200000.0,2658700000.0,2448300000.0,4616100000.0,860000000.0,2200900000.0,5298694000.0,7422094000.0,6.748373844573776,1.0859371809010334,0.37843660860593553,1.2653206168831168,0.02826752507090359,6.748373844573776,0.056716720779220776,3.4947196939717715,11.848600178890877,2.688054991883117,0.26028622540250446,1.0872093023255813,0.0054919193295555465,0.2300479456211689,0.6030715190131928,0.01696303938823815,79.79960843373495,0.38332673789737504,0.40740740740740733,-0.25711817668361076,-0.1538421113579574,-0.08035788223850188,0.1382687034860948,0.4098360655737705,0.49355877616747185,0.016792566923951747,-0.031080752351077216,0.06290294792254676,Household & Personal Products,Consumer Defensive,NWL
2012Q1,2012,Q1,2012-05-09,2012-03-31,79300000.0,1332400000.0,124200000.0,0.27,510600000.0,0.3832182527769439,6288800000.0,1947300000.0,2292000000.0,1727900000.0,4338000000.0,858900000.0,2152700000.0,5202301000.0,7325301000.0,6.666552550496405,1.3264656519474507,0.36781261925963615,1.1878498433728752,0.02216461023964998,6.666552550496405,0.04072305243157192,3.904458871209847,16.400696721311473,2.6715457299851075,0.3051702395964691,0.9568052159739201,0.00465178773777219,0.2118687189924946,0.6553041263962035,0.012609718865284315,-54.360512016718914,0.3832182527769439,-0.019067164179104503,0.5193100531716542,-0.0909386847981138,-0.028520652468199327,-0.08264462809917356,-0.013681592039800995,-0.010358565737051793,1.2612789612109996,0.06354302869206974,0.1569096141726991,Household & Personal Products,Consumer Defensive,NWL
2011Q4,2011,Q4,2012-02-29,2011-12-31,80400000.0,1495200000.0,125500000.0,0.2752482026703184,556600000.0,0.37225789192081327,6160900000.0,1849100000.0,2148000000.0,1660900000.0,4308300000.0,699900000.0,2097300000.0,4717415000.0,6724015000.0,6.330366312906539,1.2932747305677645,0.3533250012173546,1.1772213509274783,0.025067388462852638,6.330366312906539,0.04348061218971391,3.1550394596040663,14.6685789800995,2.551195176031583,0.2898009950248756,1.3410487212458924,0.004939145697378755,0.24269181450762065,0.7057619362995966,0.013050041390056647,22.485295519542422,0.37225789192081327,1.4512265617546203,-0.256937582027976,-0.13791019284490363,-0.07599827228287266,-0.03918522354565855,1.4527027027027026,1.6529656607700312,1.300982354848299,-0.010095943671346402,0.1008139165115013,Household & Personal Products,Consumer Defensive,NWL
2011Q3,2011,Q3,2011-11-07,2011-09-30,-177600000.0,1549900000.0,-192200000.0,-0.61,579300000.0,0.3737660494225434,6211800000.0,1895300000.0,2288900000.0,1775700000.0,4313000000.0,873200000.0,2040500000.0,3451796000.0,5627496000.0,6.517537826685007,1.2890127836909389,0.3726134131813645,1.2212314673138818,-0.034531245613694125,6.517537826685007,-0.09370548198174432,2.2271088457319825,-4.8589470720720715,1.8212399092491953,-0.13231981981981983,1.1115437471369676,0.006808050070166372,0.2495089990018996,0.6334403333896491,-0.02859074664348498,14.370507910074938,0.3737660494225434,-2.2448979591836737,-2.545679168858829,-0.07726021982409594,-0.01777296130415301,-0.017969147313103916,-2.210633946830266,-1.9711975745325923,-4.076963861448043,-0.16100550182885076,-0.1908921052934835,Household & Personal Products,Consumer Defensive,NWL
2011Q2,2011,Q2,2011-08-05,2011-06-30,146700000.0,1572800000.0,197900000.0,0.49,589900000.0,0.37506358087487285,6892500000.0,2181200000.0,2532200000.0,2123000000.0,4707800000.0,933200000.0,2241500000.0,4644054000.0,7028654000.0,7.411484879374788,1.1927461139896374,0.3668044976423649,1.1590867412433523,0.03563397126543862,7.411484879374788,0.06725655602420685,2.9527301627670397,7.91420245398773,2.1291280029341646,0.15950920245398773,1.0532576082297471,0.005038701100374802,0.22819006166122596,0.6045690061234102,0.021284004352557128,111.63591346153846,0.37506358087487285,0.96,0.14544035417706297,-0.13512545371327586,0.17784232182204807,0.20167040130372785,0.9379128137384413,0.5153139356814701,0.4932572939912389,-0.18860355782198457,-0.10839521573554142,Household & Personal Products,Consumer Defensive,NWL
2011Q1,2011,Q1,2011-05-06,2011-03-31,75700000.0,1302700000.0,130600000.0,0.25,490900000.0,0.37683273201811623,6637200000.0,2035200000.0,2304200000.0,2005000000.0,4598500000.0,844700000.0,2118100000.0,5628046000.0,8020746000.0,6.917743031951054,1.149226932668329,0.3815464352437775,1.2443003144654088,0.02113737418173658,6.917743031951054,0.03719536163522012,4.320293237122899,18.586677675033023,2.765352790880503,0.19418758256274768,0.9610512608026518,0.002611918950200478,0.1962725245585488,0.5520698254364089,0.011405411920689447,-36.73659268929504,0.37683273201811623,-0.028401585204755615,0.2888874691728652,-0.18139171705413873,0.1452388048191088,-0.09876996511841381,0.0,0.0722495894909688,0.25217174691964983,-0.14480251451334575,-0.14861858502722475,Household & Personal Products,Consumer Defensive,NWL
2010Q4,2010,Q4,2011-03-01,2010-12-31,75700000.0,1469300000.0,121800000.0,0.2573079537729436,544700000.0,0.3707207513782073,6405300000.0,1902000000.0,2132000000.0,1665900000.0,4499800000.0,701600000.0,2057300000.0,5348556000.0,7577856000.0,6.4649898028552,1.2797887028032895,0.36983435592400044,1.2454784437434279,0.022348410425661228,6.4649898028552,0.039800210304942164,3.640206901245491,17.663659180977543,2.812069400630915,0.1928665785997358,1.3178449258836944,0.0027297087288606497,0.2293881629275756,0.6828140944834624,0.011818337938894353,36.11449020931803,0.3707207513782073,1.8589772641438176,-0.08271385310814276,-0.20581981570707644,0.07999008086888532,-0.03949920648915535,1.674911660777385,-0.3020057306590258,-0.3240173396610239,-0.1580517710748753,-0.20341935815841009,Household & Personal Products,Consumer Defensive,NWL
2010Q3,2010,Q3,2010-11-09,2010-09-30,28300000.0,1487300000.0,174500000.0,0.09,567100000.0,0.381294964028777,6570200000.0,1869400000.0,2325500000.0,1884300000.0,4697300000.0,831200000.0,1996200000.0,4867473000.0,7271373000.0,6.840102451518478,1.234145305949159,0.3892423366107577,1.3680325238044293,-0.01573423855187464,6.840102451518478,0.015138547127420562,3.272690781953876,42.99887809187279,2.603762169680111,0.45229681978798586,1.1070741097208854,0.0026297012844241764,0.226370582326261,0.6147641033805658,0.0043073270220084624,31.261868978805396,0.381294964028777,-0.7804878048780487,-0.6026027393755166,-0.06564497207180986,0.09180624320671874,-0.0343946875532096,-0.7829754601226994,-0.14250614250614252,-0.8320823567804908,-0.10982432653887574,-0.12744117368316704,Household & Personal Products,Consumer Defensive,NWL
2010Q2,2010,Q2,2010-08-06,2010-06-30,130400000.0,1496200000.0,203500000.0,0.41,587300000.0,0.392527736933565,6564500000.0,1895400000.0,2400800000.0,1764200000.0,4665600000.0,802400000.0,1981500000.0,4121160000.0,6304660000.0,6.733214920071048,1.3608434417866455,0.3721989488917663,1.289068270549752,0.03471174758587856,6.733214920071048,0.06879814287221694,2.754417858575057,7.900996932515338,2.174295663184552,0.10812883435582822,1.1327268195413758,0.0034213667996389366,0.22792291872953005,0.7354041491894343,0.019864422271307792,35.466092943201375,0.392527736933565,0.6399999999999999,0.9201064646128583,-0.1112894970481285,0.0836329466671529,0.24507101971592113,1.2328767123287672,0.5641813989239047,-0.1008985917815201,-0.1335615364126027,-0.08242368145972982,Household & Personal Products,Consumer Defensive,NWL
2010Q1,2010,Q1,2010-05-06,2010-03-31,58400000.0,1306400000.0,130100000.0,0.25,471700000.0,0.36106858542559706,6416100000.0,1812100000.0,2236800000.0,1704100000.0,4600500000.0,728600000.0,1865200000.0,4272720000.0,6528420000.0,6.4464603344005695,1.312599025878763,0.3910007637038076,1.384415871088792,0.01787026040043774,6.4464603344005695,0.03222780199768225,3.2706062461726884,18.290753424657535,2.3578831190331657,0.238013698630137,1.1456217403239088,0.0032531970267183435,0.20361278658375026,0.6858752420632592,0.009102102523339723,-2034.6285714285714,0.36106858542559706,0.1596534653465347,0.5575967170347561,-0.0849152970881575,0.02060276699718225,-0.10289083301635603,-0.036303630363036306,0.006187161639597835,0.16267084613258698,-0.0737985938964553,-0.06059345784549878,Household & Personal Products,Consumer Defensive,NWL
2009Q4,2009,Q4,2010-03-01,2009-12-31,60600000.0,1420400000.0,129300000.0,0.21558164354322304,525800000.0,0.3701774148127288,6423900000.0,1778700000.0,2182100000.0,1759500000.0,4641700000.0,688200000.0,1820700000.0,4219311000.0,6449811000.0,6.327641408751334,1.240181869849389,0.3905415713196034,1.4104683195592287,0.01992955861266457,6.327641408751334,0.03406982627761849,2.9705090115460435,17.406398514851485,2.372131894079946,0.23267326732673269,1.2999128160418483,0.003341777840031228,0.22111178567536854,0.6663256606990622,0.009433521692429832,29.81845229681979,0.3701774148127288,-0.2300655587742035,-0.5237069002555523,-0.23331774427392218,-0.015811811267789317,-0.030962034647991153,-0.2912280701754386,-0.2177858439201452,-0.41801393881041843,-0.14899013029415425,-0.07639600853111145,Household & Personal Products,Consumer Defensive,NWL
2009Q3,2009,Q3,2009-11-09,2009-09-30,85500000.0,1449000000.0,165300000.0,0.28,542600000.0,0.37446514837819184,6623300000.0,1837900000.0,2262400000.0,1931400000.0,4781900000.0,783500000.0,1774200000.0,4405752000.0,6759652000.0,6.54522792022792,1.1713782748265507,0.40265426600033216,1.4510582730290005,0.02432056968690761,6.54522792022792,0.046520485336525384,3.0405465838509316,12.882315789473685,2.3971663311388,0.16257309941520467,1.1568602425015955,0.0031549665074202997,0.21877311914000575,0.650667909288599,0.012908972868509656,15.155665634674923,0.37446514837819184,-0.24324324324324317,1.3690427652441786,-0.15302407047831137,0.10408221633401453,-0.02812108185563317,-0.19110690633869443,-0.17142857142857143,-0.229380834219544,-0.10660966505490807,-0.013599919381709628,Household & Personal Products,Consumer Defensive,NWL
2009Q2,2009,Q2,2009-08-10,2009-06-30,105700000.0,1504300000.0,199500000.0,0.37,558300000.0,0.3711360765804693,6916200000.0,1782800000.0,2602800000.0,1866000000.0,5133400000.0,848400000.0,1702600000.0,2923128000.0,5532728000.0,6.349002849002849,1.394855305466238,0.43776929527775366,1.698283598833296,0.027744096182006923,6.349002849002849,0.05928875925510433,1.9431815462341289,6.913736991485337,1.6396275521651336,0.13245033112582782,1.115040075436115,0.004789389995922176,0.2175038315838177,0.8115219721329046,0.015282958850235678,47.99881773399015,0.3711360765804693,2.0833333333333335,0.6932931670636587,-0.153120198113861,-0.08321508089965708,0.3204824976348155,2.136498516320475,1.4690594059405941,-0.13501114568060177,-0.13302369232649763,0.008991366593079704,Household & Personal Products,Consumer Defensive,NWL
2009Q1,2009,Q1,2009-05-11,2009-03-31,33700000.0,1203900000.0,80800000.0,0.12,422800000.0,0.35119195946507187,7137400000.0,1617500000.0,2808100000.0,2000200000.0,5519900000.0,927500000.0,1610900000.0,1790866000.0,4474366000.0,5.762379764873531,1.4039096090390961,0.48188415949785635,2.126367851622875,0.010878066192586945,5.762379764873531,0.020834621329211746,1.4875537835368386,13.285356083086052,1.1071814528593507,0.8724035608308606,0.8421563342318059,0.01641663865414833,0.1686748675988455,0.8152184781521847,0.0047216073079832995,-41.07490825688073,0.35119195946507187,1.1312193221659526,1.4398349919593538,-0.23628825405661702,-0.17292760357710177,-0.027598896044158234,1.1312816517335411,1.3393532129357413,-0.39861958763154676,-0.20709274477752668,-0.04603266060081768,Household & Personal Products,Consumer Defensive,NWL
2008Q4,2008,Q4,2009-03-02,2008-12-31,-256700000.0,1451500000.0,-238100000.0,-0.9144994656216602,434800000.0,0.29955218739235273,6792500000.0,1614200000.0,2393800000.0,2205900000.0,5178300000.0,912100000.0,1634800000.0,2745246000.0,5349146000.0,5.750623441396509,1.0851806518881182,0.423894000736106,1.7837318795688266,-0.049033631772369426,5.750623441396509,-0.15902614298104323,1.891316569066483,-2.6735936891312813,1.7006851691240241,-0.22750292169848071,1.1146804078500165,0.02127313909208865,0.21369157158630842,0.5642594859241126,-0.03779168200220832,15.580283768444948,0.29955218739235273,-5.572497328108301,-0.1859104601445347,-0.3219979485536922,-0.21739271322759415,-0.24343135548982078,-5.667272727272727,-2.426602756141402,-4.260131211859035,-0.17770838062002745,-0.03934631532172496,Household & Personal Products,Consumer Defensive,NWL
2008Q3,2008,Q3,2008-11-10,2008-09-30,55000000.0,1760300000.0,166900000.0,0.2,574700000.0,0.32647844117479974,7258300000.0,2232100000.0,2678000000.0,2123900000.0,5026200000.0,1060700000.0,1949900000.0,4782746000.0,7428546000.0,8.05521472392638,1.2608879890766986,0.3949134094760481,1.2841718560996371,0.024765220075111772,8.05521472392638,0.024640473097083462,2.717006192126342,21.73975454545455,2.142711348057883,1.0672727272727274,1.1177524276421231,0.01227328400881,0.24252235371919045,0.6428739582842883,0.007577531928964082,14.927421972534333,0.32647844117479974,-0.3939393939393939,-0.2757434523215369,-0.10364167573352669,-0.04984270289928268,-0.07782413350449294,-0.40540540540540543,0.037290242386575516,-0.2382644421619522,0.0906945521217686,0.2857605259993011,Household & Personal Products,Consumer Defensive,NWL
2008Q2,2008,Q2,2008-08-11,2008-06-30,92500000.0,1825100000.0,160900000.0,0.33,623200000.0,0.3414607418771574,7563600000.0,2303400000.0,2912100000.0,2693200000.0,5260200000.0,1141300000.0,1953500000.0,4652509000.0,7494709000.0,8.312522555034283,1.0812787761770384,0.40372309482257124,1.3256924546322828,0.022885343938660988,8.312522555034283,0.04015802726404446,2.5491803188866364,12.574348648648648,2.019844143440132,0.6335135135135135,1.0530973451327434,0.012595354463580833,0.241300438944418,0.5659067280558443,0.012229626103971653,-128.16829201101928,0.3414607418771574,0.65,0.24027016163340995,-0.08607896846565825,-0.018730116845875434,0.2705402650356779,0.6256590509666081,0.44824482448244823,0.38366617568013983,0.10128367350757896,0.33780421648176384,Household & Personal Products,Consumer Defensive,NWL
2008Q1,2008,Q1,2008-05-12,2008-03-31,56900000.0,1433700000.0,111100000.0,0.2,490500000.0,0.3421217827997489,7205800000.0,2249900000.0,3103100000.0,2302800000.0,4955900000.0,1091700000.0,1919600000.0,6332703000.0,8439203000.0,8.125315998555434,1.3475334375542818,0.3967082072774709,1.2705453575714476,0.014669083933864284,8.125315998555434,0.025290012889461755,4.417034944549068,27.823826889279438,2.8146597626561185,1.0333919156414764,0.8639736191261336,0.009285134641558272,0.19896472286213884,0.7737102657634184,0.007896416775375392,-38.803327205882354,0.3421217827997489,-0.4745730550284629,2.513867822318527,-0.1841662916738109,0.0005790157551385756,-0.14828963361694739,-0.4601518026565465,-0.357432041642568,0.5406086512066655,0.019486076576033046,0.28639897876968107,Household & Personal Products,Consumer Defensive,NWL
2007Q4,2007,Q4,2008-02-29,2007-12-31,105400000.0,1642500000.0,172900000.0,0.3806428313470567,575900000.0,0.3506240487062405,6682900000.0,2247300000.0,2651700000.0,2563800000.0,4435600000.0,940400000.0,1922700000.0,7166172000.0,9021872000.0,8.115926327193932,1.034285045635385,0.3269389037693217,0.9722333466826859,0.026478543144427415,8.115926327193932,0.04690072531482223,4.362966210045662,16.99756166982922,3.188791883593646,0.5569259962049335,1.134198213526159,0.008191263062064377,0.24577653413937064,0.5833528356346049,0.015771596163342262,47.20798418972332,0.3506240487062405,-0.3759953584474481,0.0870968544525543,-0.19401805533854075,0.0760927759245262,-0.04176372712146423,-0.3807285546415981,-0.19130028063610852,-0.1590306528048925,-0.09998858765831627,0.2623343068711116,Household & Personal Products,Consumer Defensive,NWL
2007Q3,2007,Q3,2007-11-09,2007-09-30,170200000.0,1687300000.0,213800000.0,0.61,601000000.0,0.3561903633023173,6591000000.0,2163600000.0,2570000000.0,2299300000.0,4427400000.0,1000100000.0,1876100000.0,8097840000.0,10055840000.0,7.839130434782609,1.1177314834949768,0.32278865119101807,0.9833148456276576,0.046081147790199686,7.839130434782609,0.0786651876502126,4.799288804599064,11.894594594594594,3.7427620632279535,0.34488836662749706,1.086191380861914,0.007248846606008517,0.2560006068881808,0.5639107554473101,0.025823092095281445,33.406930693069306,0.3561903633023173,0.19607843137254896,1.162379702537183,-0.16157571781270486,0.022412091655153597,-0.007595772787318362,0.19690576652601968,-0.08161512027491409,1.7474087161366312,0.003420595002175867,0.32234424989509314,Household & Personal Products,Consumer Defensive,NWL
2007Q2,2007,Q2,2007-08-09,2007-06-30,142200000.0,1693100000.0,232800000.0,0.51,605600000.0,0.35768708286574924,6503600000.0,2025300000.0,2587000000.0,1448900000.0,4478300000.0,973500000.0,1764500000.0,8122680000.0,10215680000.0,7.33804347826087,1.7854924425426186,0.34685405006457964,1.1138102997086852,0.03820906777212729,7.33804347826087,0.07021182047104133,4.797519343216585,14.280379746835441,4.010605836172418,0.41279887482419125,1.1171032357473036,0.007226678879384637,0.2603327387908235,0.95113534405411,0.021864813334153393,66.63396226415094,0.35768708286574924,1.8333333333333335,0.5524308911419582,-0.13556983475343942,-0.03271292808630598,0.2757531072256162,1.8843813387423936,0.9271523178807947,1.3176336421952959,-0.03025410327443714,0.059600658019671945,Household & Personal Products,Consumer Defensive,NWL
2007Q1,2007,Q1,2007-05-10,2007-03-31,49300000.0,1384400000.0,120800000.0,0.18,474700000.0,0.34289222767986133,6236800000.0,1893300000.0,2354900000.0,1295800000.0,4343500000.0,934400000.0,1681000000.0,8577731000.0,10704531000.0,6.862268938021022,1.8173329217471832,0.3759299640841457,1.2383668726562087,0.02003947001543258,6.862268938021022,0.026039190830824486,6.195991765385727,43.49762170385396,4.530571488934664,1.1886409736308317,0.9735659246575342,0.006831643473081634,0.2219728065674705,0.9238308380922982,0.007904694715238584,-473.9077900552486,0.34289222767986133,-0.5140704500978474,1.102758894618282,-0.1616392371022685,-0.028850864813507987,-0.1204372799703539,-0.5176125244618396,-0.2762133013780707,1.654632417949074,-0.10650658019921347,-0.015060886811921552,Household & Personal Products,Consumer Defensive,NWL
