Quarters,Year,Quarter,FillingDate,Date,NetIncome,Revenue,OperatingIncome,EPSDiluted,GrossProfit,GrossProfitRatio,TotalAssets,CommonStockEquity,CurrentAssets,CurrentLiability,TotalLiability,Inventory,RetainedEarnings,MarketCap,EnterpriseValue,bookValuePerShare,currentRatio,debtToAssets,debtToEquity,roic,shareholdersEquityPerShare,roe,priceToSalesRatio,peRatio,pbRatio,payoutRatio,inventoryTurnover,dividendYield,assetTurnover,quickRatio,returnOnAssets,priceToFreeCashFlowsRatio,grossProfitMargin,epsdilutedGrowth,fiveYNetIncomeGrowthPerShare,fiveYRevenueGrowthPerShare,fiveYShareholdersEquityGrowthPerShare,grossProfitGrowth,netIncomeGrowth,operatingIncomeGrowth,threeYNetIncomeGrowthPerShare,threeYRevenueGrowthPerShare,threeYShareholdersEquityGrowthPerShare,Industry,Sector,Symbol
2023Q1,2023,Q1,2023-04-26,2023-03-31,67437000.0,76382000.0,76382000.0,0.59,76382000.0,1.0,2052971000.0,2051754000.0,660.0,0.0,0.0,0.0,831813000.0,4151278320.0000005,4151277660.0000005,18.06964516896087,0.0,0.0,0.0,0.03286797540055972,18.06964516896087,0.03286797540055972,54.34890838155587,15.389468392722097,2.0232826742387244,1.1760606195412013,0.0,0.019104958493845334,0.03720559131132393,0.0,0.0328484912840951,53.231071217910916,1.0,0.0,-0.009597550415985433,-0.006937142689781894,0.12290106541518862,0.08814328126869797,0.05733772342427093,107.45494793219684,-0.06218775778916828,-0.05409684917085568,0.17144410724112472,Asset Management,Financial Services,AB
2022Q4,2022,Q4,2023-02-10,2022-12-31,63780000.0,71888000.0,704274.0,0.59,70194800.0,0.9764466949,2074626000.0,2073003000.0,124247000.0,-17793000.0,1623000.0,0.0,831813000.0,3728916130.1699996,3688139130.1699996,19.107191104014394,-6.98291462934862,0.0,0.0,0.0003014184545075855,19.107191104014394,0.030766959816266547,51.87119032620186,14.616322241180619,1.7987991962240284,1.129444967074318,0.0,0.01931821405613537,0.03465106481842992,-6.98291462934862,0.030742890525810435,320.6290739613069,0.9764466948586691,0.053571428571428416,-0.30220732550724827,-0.2789345859296701,0.15479524287250168,0.09842422345669354,0.13253782228851482,-0.9889793599874814,-0.29681239279040533,-0.27852853933077515,0.17802304581938946,Asset Management,Financial Services,AB
2022Q3,2022,Q3,2022-10-28,2022-09-30,56316000.0,63905000.0,63905000.0,0.56,63905000.0,1.0,1989713000.0,1569747000.0,640000.0,0.0,419966000.0,0.0,285773000.0,3522337960.0,3521697960.0,15.624659088646906,0.0,0.0,0.0,0.03587584496100327,15.624659088646906,0.03587584496100327,55.11834692121117,15.636488564528733,2.2438889579021333,1.2667803111016407,0.0,0.020253593156063877,0.0321176973764558,0.0,0.028303579460957434,49.852635482273016,1.0,-0.18840579710144914,0.2122051662615959,0.2107609667275845,0.012132881479814884,-0.15198120969240161,-0.1735372242849386,-0.15198120969240161,-0.09702214171231298,-0.08121146077068092,0.035226229805427396,Asset Management,Financial Services,AB
2022Q2,2022,Q2,2022-07-29,2022-06-30,68141000.0,75358000.0,75358000.0,0.69,75358000.0,1.0,1462265000.0,1461537000.0,0.71,0.0,728000.0,0.0,158117000.0,4108187160.0,4108187159.29,14.792585170340681,0.0,0.0,0.0,0.046622836096520306,14.792585170340681,0.046622836096520306,54.51560763289896,15.072376249247883,2.8108677098150783,1.3204385025168401,0.0,0.02190163118079557,0.0515351184634796,0.0,0.04659962455505671,45.20551904751425,1.0,-0.20689655172413798,0.5871830645505111,0.528091261871668,-0.013551077327353903,-0.20131845304335846,-0.20699888278558792,-0.20131845304335846,0.27030102043454685,0.24420505541105333,-0.030721382728039915,Asset Management,Financial Services,AB
2022Q1,2022,Q1,2022-04-29,2022-03-31,85928000.0,94353000.0,94353000.0,0.87,94353000.0,1.0,1588232000.0,1587238000.0,0.0,0.0,994000.0,0.0,0.0,4664478040.0,4664478040.0,16.00006048265156,0.0,0.0,0.0,0.054136808720557344,16.00006048265156,0.054136808720557344,49.436457134378344,13.570890862117123,2.9387388910799768,1.4858020668466623,0.0,0.027371122536145542,0.05940756766014033,0.0,0.0541029270282931,36.68686471138796,1.0,-0.31496062992125984,0.8984424112525446,0.8429887751468088,0.018491036016226883,-0.2963509855247556,-0.313471233511501,-0.2963509855247556,0.7746504445859969,0.7191640126003292,0.06494772153953665,Asset Management,Financial Services,AB
2021Q4,2021,Q4,2022-02-11,2021-12-31,125163000.0,134091000.0,134091000.0,1.27,134091000.0,1.0,1623764000.0,1621624000.0,1285700000.0,0.0,2140000.0,0.0,0.0,4809900000.84,3524200000.84,16.466062942299946,0.0,0.0,0.0,0.07718373679718603,16.466062942299946,0.07718373679718603,35.87041636530416,9.607272118837036,2.9661006502370464,0.699719565686345,0.0,0.01820807085068405,0.08258035034647893,0.0,0.07708201438140025,55.192949853006986,1.0,0.42696629213483145,0.6514844668252691,0.6350430211202992,0.009667964732939356,0.0,0.41146420677522666,0.0,1.025198656966906,0.9460915423762932,0.054437249330290934,Asset Management,Financial Services,AB
2021Q3,2021,Q3,2021-10-28,2021-09-30,88676000.0,95921000.0,0.0,0.89,0.0,0.0,1550187000.0,1549659000.0,0.0,0.0,528000.0,0.0,0.0,4928747800.0,4928747800.0,15.588562518861282,0.0,0.0,0.0,0.0,15.588562518861282,0.05722291162120183,51.38340717882424,13.895382628896206,3.1805370084644426,1.0213360999594028,0.0,0.01837545836693044,0.06187705096223875,0.0,0.057203421264660326,55.3406368597157,0.0,-0.021978021978021997,0.7019395771355667,0.6544397263479023,0.013563518409209949,0.0,-0.024648855549567188,0.0,0.3185290152720473,0.291039109399892,0.020024281214382225,Asset Management,Financial Services,AB
2021Q2,2021,Q2,2021-07-29,2021-06-30,90917000.0,97407000.0,0.0,0.91,0.0,0.0,1604961000.0,1604196000.0,0.0,0.0,765000.0,0.0,0.0,4663403040.0,4663403040.0,16.016493774897913,0.0,0.0,0.0,0.0,16.016493774897913,0.05667449613388888,47.87544057408605,12.823242737881806,2.9070032838880038,0.8938152380742875,0.0,0.017425686629050186,0.06069119436547056,0.0,0.05664748239988386,62.37915220909857,0.0,0.12388969578405518,1.21706517586316,1.083692236341513,0.027831187671728923,0.0,0.12122781703602303,0.0,0.5274691047143657,0.4630392438364714,0.026855437995522334,Asset Management,Financial Services,AB
2021Q1,2021,Q1,2021-04-29,2021-03-31,81087000.0,88907000.0,0.0,0.809688,0.0,0.0,1632943000.0,1625289000.0,0.0,0.0,7654000.0,0.0,0.0,4004837020.38,4004837020.38,16.22920153285861,0.0,0.0,0.0,0.0,16.22920153285861,0.0498908194173467,45.0452385119282,12.347346123238003,2.464076862871772,1.209133399928472,0.0,0.02448164544551103,0.054445868594311005,0.0,0.04965696904301008,38.45591093210167,0.0,-0.16527010309278353,0.4517742142423575,0.446358011066978,0.035535715298511954,0.0,-0.12993046911884631,0.0,0.3502274047687116,0.31058106911254907,0.008530467625819936,Asset Management,Financial Services,AB
2020Q4,2020,Q4,2021-02-11,2020-12-31,93196000.0,101415000.0,0.0,0.97,0.0,0.0,1606033000.0,1604157000.0,0.0,0.0,1876000.0,0.0,0.0,3240038335.6000004,3240037973.2000003,16.719673126944098,0.0,0.0,0.0,0.0,16.719673126944098,0.05809655788055658,31.948314702953216,8.691462980170824,2.019776328376836,0.7126164213056354,0.0,0.020497596979111497,0.06314627408029598,0.0,0.05802869554984238,48.78767577058018,0.0,0.3857142857142858,0.8261126627727412,0.7865586019340293,0.02188908941859793,0.0,0.39100583590799864,0.0,0.15298367673608157,0.15028234481048597,0.01049907776981978,Asset Management,Financial Services,AB
2020Q3,2020,Q3,2020-10-22,2020-09-30,66999000.0,73874000.0,0.0,0.7,0.0,0.0,1496384000.0,1495992000.0,0.0,0.0,392000.0,0.0,0.0,2605304000.0,2605304000.0,15.526642449403218,0.0,0.0,0.0,0.0,15.526642449403218,0.044785667303033704,35.266859788288166,9.72142867803997,1.7415226819394756,0.8796847714144987,0.0,0.022622312021936788,0.049368343954492966,0.0,0.04477393503271888,44.12478829347605,0.0,0.18644067796610167,0.6233143536247829,0.5596668737149613,0.014208761927831487,0.0,0.1769490215367319,0.0,0.5037652456301202,0.45942768263088846,0.005783567683729162,Asset Management,Financial Services,AB
2020Q2,2020,Q2,2020-07-23,2020-06-30,56926000.0,63201000.0,0.0,0.59,0.0,0.0,1486988000.0,1486722000.0,0.0,0.0,266000.0,0.0,0.0,2639338080.0,2639338080.0,15.344115097221648,0.0,0.0,0.0,0.0,15.344115097221648,0.03828960626129162,41.76101770541605,11.591092295260513,1.7752734404952641,1.086059094262727,0.0,0.023424433750450037,0.042502696726537136,0.0,0.03828275682117139,42.87911360940978,0.0,-0.06349206349206354,0.2253444687804735,0.20576858031373277,-0.04272505177374864,0.0,-0.0856582983986251,0.0,0.3520943622747188,0.30683781811261623,0.023227896457721373,Asset Management,Financial Services,AB
2020Q1,2020,Q1,2020-04-28,2020-03-31,62259000.0,69914000.0,0.0,0.63,0.0,0.0,1517259000.0,1516434000.0,0.0,0.0,825000.0,0.0,0.0,1827573493.46,1827573493.46,15.425102279541791,0.0,0.0,0.0,0.0,15.425102279541791,0.041056188399890794,26.14030799925623,7.3385915829839865,1.2051783944833734,1.3444642541640566,0.0,0.04580116766824406,0.046079146671728424,0.0,0.04103386435671168,22.017366135701035,0.0,-0.2464186945579468,0.3968769701379131,0.3853444850817699,-0.029967168204078198,0.0,-0.2219764564744695,0.0,0.3880011690274484,0.37802181947617053,-0.018108186629602174,Asset Management,Financial Services,AB
2019Q4,2019,Q4,2020-02-12,2019-12-31,80022000.0,87909000.0,0.0,0.836008,0.0,0.0,1554264000.0,1552538000.0,1094866000.0,192110000.0,1726000.0,0.0,0.0,2896463778.76,2216725778.76,16.219709089582484,5.69916193847275,0.0,0.0,0.0,16.219709089582484,0.051542699760005875,32.948432797097,9.048960844392791,1.8656314877703477,0.7534178101022219,0.0,0.02081503675002304,0.056559889439631875,3.538274946645151,0.05148546192924754,48.20209317290731,0.0,0.3484,0.4576602171501321,0.45279123689405637,0.002057934844848528,0.0,0.3375342648926924,0.0,0.08634843893584541,0.10286945422188619,-0.005437989492364686,Asset Management,Financial Services,AB
2019Q3,2019,Q3,2019-10-24,2019-09-30,59828000.0,66722000.0,0.0,0.62,0.0,0.0,1455339000.0,1454602000.0,0.0,0.0,737000.0,0.0,0.0,2828635600.0,2828635600.0,15.092989956005644,0.0,0.0,0.0,0.0,15.092989956005644,0.04113015106537733,42.394346692245435,11.819865280470683,1.9446113782326715,0.9030387109714515,0.0,0.01910002122578108,0.045846362943616575,0.0,0.04110932229535524,52.379230783474995,0.0,0.14814814814814806,0.3653604751008655,0.34739078206556206,-0.04609215438470761,0.0,0.14450778589738686,0.0,0.18441446931707378,0.1870458236161087,-0.018658456505236634,Asset Management,Financial Services,AB
2019Q2,2019,Q2,2019-07-25,2019-06-30,52274000.0,59023000.0,0.0,0.54,0.0,0.0,1470054000.0,1469417000.0,0.0,0.0,637000.0,0.0,0.0,2878861700.0,2878861700.0,15.261437636966027,0.0,0.0,0.0,0.0,15.261437636966027,0.035574653076696404,48.77525202039883,13.768133775873283,1.9591863303609525,0.9060144622565711,0.0,0.01645129392634596,0.04015022577401919,0.0,0.03555923795996609,59.0099967203706,0.0,0.10204081632653071,0.22194452370133394,0.2199225587291652,-0.0409897989681318,0.0,0.12564870044574603,0.0,0.3260486671079667,0.31342431446446073,-0.020623252976552462,Asset Management,Financial Services,AB
2019Q1,2019,Q1,2019-04-25,2019-03-31,46439000.0,52638000.0,0.0,0.49,0.0,0.0,1429524000.0,1429469000.0,0.0,0.0,55000.0,0.0,0.0,2765836080.0,2765836080.0,15.024268477255529,0.0,0.0,0.0,0.0,15.024268477255529,0.032486888487963016,52.544475094038525,14.889619070178084,1.9348695774444917,1.3093951204806304,0.0,0.021985033906998568,0.03682204705902104,0.0,0.03248563857619739,46.19273298149509,0.0,-0.21917203552289177,0.2973934285404686,0.2853121326160741,-0.04786729848682753,0.0,-0.22446559786239145,0.0,-0.12484950757755128,-0.09865455995472816,-0.04134737787735916,Asset Management,Financial Services,AB
2018Q4,2018,Q4,2019-02-13,2018-12-31,59880000.0,66759000.0,0.0,0.627539,0.0,0.0,1490701000.0,1490057000.0,1169554000.0,412313000.0,644000.0,0.0,0.0,2606841014.96,2512902014.96,15.615972361331226,2.836568335221058,0.0,0.0,0.0,15.615972361331226,0.04018638213169026,39.04853300618643,10.883604771877087,1.7494908013317612,1.1030728122912492,0.0,0.025337947201591625,0.044783628641826896,1.552718444482711,0.04016902115179369,39.512558013793104,0.0,-0.07714852941176484,0.049489945915923615,0.06787897003643012,-0.02085256130168905,0.0,-0.091350531107739,0.0,0.17976993549789605,0.18252445728359343,-0.045567957247295225,Asset Management,Financial Services,AB
2018Q3,2018,Q3,2018-10-24,2018-09-30,65900000.0,72802000.0,0.0,0.68,0.0,0.0,1489182000.0,1488657000.0,0.0,0.0,525000.0,0.0,0.0,2989482210.0,2989482210.0,15.282540627662742,0.0,0.0,0.0,0.0,15.282540627662742,0.044268088619473796,41.06318796186918,11.34097955235205,2.008173951420643,0.9196661608497724,0.0,0.020273075985289102,0.04888724145201862,0.0,0.04425248223521369,49.46198229649239,0.0,0.15254237288135608,1.1141211878037915,0.9983834109550299,-0.007271441628521633,0.0,0.12732435807516637,0.0,0.5793280790516668,0.5203240912853873,-0.0017361023413429045,Asset Management,Financial Services,AB
2018Q2,2018,Q2,2018-07-26,2018-06-30,58457000.0,65388000.0,0.0,0.59,0.0,0.0,1534935000.0,1534306000.0,0.0,0.0,629000.0,0.0,0.0,2808406400.0,2808406400.0,15.597613044892649,0.0,0.0,0.0,0.0,15.597613044892649,0.038099961806836447,42.949874594726865,12.01056503070633,1.8304082757937465,1.2361735976871888,0.0,0.025730962584332523,0.042599849505027904,0.0,0.038084348848648315,38.59715785712322,0.0,-0.016666666666666684,0.48859262395586284,0.4758608161247904,-0.02691064733625024,0.0,0.005106602475928473,0.0,0.23941894141891365,0.2287743748752864,-0.026910048223875778,Asset Management,Financial Services,AB
2018Q1,2018,Q1,2018-04-26,2018-03-31,58160000.0,65698000.0,0.0,0.6,0.0,0.0,1560834000.0,1560708000.0,0.0,0.0,126000.0,0.0,0.0,2604100950.0,2604100950.0,16.091929846268055,0.0,0.0,0.0,0.0,16.091929846268055,0.03726513864220597,39.637446345398644,11.193693904745531,1.6685382211150326,1.4064821182943603,0.0,0.03141237669760844,0.04209159974731458,0.0,0.037262130373889854,32.50859434492229,0.0,-0.2857142857142857,0.5731971716464509,0.5801139633767503,0.0035537154765359364,0.0,-0.2599849859402237,0.0,0.32270303249748067,0.3195556593184258,0.011967375966106482,Asset Management,Financial Services,AB
2017Q4,2017,Q4,2018-02-13,2017-12-31,78593000.0,85725000.0,0.0,0.84,0.0,0.0,1544704000.0,1543550000.0,816350000.0,515660000.0,1154000.0,0.0,0.0,2336880857.85,2230695857.85,16.54595584970207,1.5831167823759842,0.0,0.0,0.0,16.54595584970207,0.050917041883968776,27.260202482939633,7.433489171586528,1.5139651179747984,0.6022419299428702,0.0,0.02025434880045483,0.0554960691498177,1.3030485203428617,0.05087900335598276,49.074547089397086,0.0,0.826086956521739,2.2264434161548627,0.30163854733650947,0.06373237679658417,0.0,0.8202093658807726,0.0,0.4689300098593494,0.4536093331848149,0.022213546322814456,Asset Management,Financial Services,AB
2017Q3,2017,Q3,2017-10-25,2017-09-30,43178000.0,49055000.0,0.0,0.46,0.0,0.0,1441672000.0,1441448000.0,0.0,0.0,224000.0,0.0,0.0,2268988200.0,2268988200.0,15.437359436245636,0.0,0.0,0.0,0.0,15.437359436245636,0.02995460120656451,46.25396391805117,13.13740909722544,1.5741034015795228,1.0580619760062995,0.0,0.020134525159716563,0.03402646371712845,0.0,0.029949947005976394,49.31618161664022,0.0,0.06976744186046518,3.0248206873646044,0.0,-0.02258723485621733,0.0,0.03442658297597087,0.0,0.017064034959886135,0.022470365699858576,-0.024327298650428337,Asset Management,Financial Services,AB
2017Q2,2017,Q2,2017-07-27,2017-06-30,41741000.0,47947000.0,0.0,0.43,0.0,0.0,1441058000.0,1440511000.0,0.0,0.0,547000.0,0.0,0.0,2271842650.0,2271842650.0,14.995794339013752,0.0,0.0,0.0,0.0,14.995794339013752,0.028976522914438002,47.382373245458524,13.60678140197887,1.577108852344758,1.0669126278718766,0.0,0.019602589994513926,0.033272082039723594,0.0,0.028965523941437473,51.09512740930661,0.0,-0.06521739130434788,1.065296537866839,0.0,-0.08056198496061792,0.0,-0.04939649282623548,0.0,-0.022017428209011834,-0.006712588015384195,-0.05768250109960839,Asset Management,Financial Services,AB
2017Q1,2017,Q1,2017-04-27,2017-03-31,43910000.0,49666000.0,0.0,0.46,0.0,0.0,1512171000.0,1511858000.0,0.0,0.0,313000.0,0.0,0.0,2199038300.0,2199038300.0,15.709574180677071,0.0,0.0,0.0,0.0,15.709574180677071,0.029043732943173233,44.27653324205694,12.52014518332954,1.4545270124575191,1.4765884764290595,0.0,0.029484252275187747,0.032844169078761594,0.0,0.029037721263005307,34.189559850122045,0.0,-0.3987329896509963,0.7391170980181854,0.0,-0.04107653876653982,0.0,-0.3957117692392381,0.0,0.21279413645379666,0.19895595304215524,-0.004437432217536094,Asset Management,Financial Services,AB
2016Q4,2016,Q4,2017-02-14,2016-12-31,72664000.0,78630000.0,0.0,0.7650511205213044,0.0,0.0,1540508000.0,1539889000.0,946097000.0,430569000.0,619000.0,0.0,0.0,2214221530.85,2070206530.85,16.30839396459932,2.1973179676195915,0.0,0.0,0.0,16.30839396459932,0.047187816784196784,28.16000929479842,7.618014184637509,1.437909830416348,0.5832736981173621,0.0,0.019141264507409033,0.0510416044577503,1.5258529991708647,0.047168855987765074,52.065028471830324,0.0,0.4712521548486623,1.3926320107412977,0.0,0.020590262287824717,0.0,0.44581957101357,0.0,0.28697887970754643,0.2710309178565031,0.022563424821478918,Asset Management,Financial Services,AB
2016Q3,2016,Q3,2016-10-26,2016-09-30,50258000.0,55925000.0,0.0,0.52,0.0,0.0,1475139000.0,1474784000.0,0.0,0.0,355000.0,0.0,0.0,2186292000.0,2186292000.0,15.379956199812286,0.0,0.0,0.0,0.0,15.379956199812286,0.03407821077527285,39.093285650424676,10.875343228938677,1.4824489552368347,0.7659079151577858,0.0,0.017606522824947443,0.03791168154323084,0.0,0.03407000967366465,56.36080534144518,0.0,0.2682926829268294,1.0022318265800116,0.0,-0.10161277966873021,0.0,0.25947273456295106,0.0,0.6378549305564833,0.5594349543419809,-0.0009434872092217078,Asset Management,Financial Services,AB
2016Q2,2016,Q2,2016-07-28,2016-06-30,39904000.0,45489000.0,0.0,0.41,0.0,0.0,1518906000.0,1518747000.0,0.0,0.0,159000.0,0.0,0.0,2270887900.0,2270887900.0,15.582805782707284,0.0,0.0,0.0,0.0,15.582805782707284,0.02627429058296082,49.92169315658731,14.227194642141137,1.4952377848318383,0.9775962309542903,0.0,0.017178302812745624,0.029948528743714224,0.0,0.026271540174309667,70.41076212327917,0.0,-0.26785714285714296,0.1986858850533878,0.0,-0.0906230284099945,0.0,-0.28161736907483753,0.0,0.025580694402919338,0.03625778067025218,-0.02783442901574232,Asset Management,Financial Services,AB
2016Q1,2016,Q1,2016-04-28,2016-03-31,55547000.0,61132000.0,0.0,0.56,0.0,0.0,1566847000.0,1560896000.0,0.0,0.0,5951000.0,0.0,0.0,2333534280.0,2333534280.0,15.67227599501988,0.0,0.0,0.0,0.0,15.67227599501988,0.0355866117922014,38.172058496368514,10.502521648333843,1.4949966429537906,0.8973481916215097,0.0,0.021360303307821987,0.039015934548810444,0.0,0.03545145122657158,41.700040743388136,0.0,0.061678224526914745,0.3369779407892134,0.0,-0.08258984511863587,0.0,0.07478425757517124,0.0,0.463157227496436,0.43178067366204176,-0.022617488702048803,Asset Management,Financial Services,AB
2015Q4,2015,Q4,2016-02-11,2015-12-31,51682000.0,57485000.0,0.0,0.5274667851924125,0.0,0.0,1589965000.0,1589691000.0,565274000.0,469753000.0,274000.0,0.0,0.0,2317272344.1,2359735344.1,16.36153404520321,1.2033430334665238,0.0,0.0,0.0,16.36153404520321,0.03251072063690365,40.310904481169,11.209281491138114,1.457687276395224,0.8083665492821486,0.0,0.01802895551158276,0.03615488391253895,1.1526972685645436,0.0325051180371895,53.8888012860166,0.0,0.22666694230793613,0.2975630574261579,0.0,-0.041348193522934736,0.0,0.2107198913018015,0.0,1.0371342188114019,-0.16193522076179698,0.05187597839840878,Asset Management,Financial Services,AB
2015Q3,2015,Q3,2015-10-22,2015-09-30,42687000.0,48988000.0,0.0,0.43,0.0,0.0,1525846000.0,1525569000.0,0.0,0.0,277000.0,0.0,0.0,2650716600.0,2650716600.0,15.309118824698198,0.0,0.0,0.0,0.0,15.309118824698198,0.02798103527274086,54.10950845104924,15.524144353081736,1.7375265228908034,1.1246983859254573,0.0,0.01811208335134733,0.032105468048544875,0.0,0.027975955633792664,56.22953692115144,0.0,-0.10416666666666664,2.538193149597622,0.0,-0.11399360321074731,0.0,-0.11481834771068347,0.0,2.875702615142143,0.0,-0.030706758875462106,Asset Management,Financial Services,AB
2015Q2,2015,Q2,2015-07-30,2015-06-30,48224000.0,54409000.0,0.0,0.48,0.0,0.0,1612739000.0,1612144000.0,0.0,0.0,595000.0,0.0,0.0,2970038810.0,2970038810.0,16.028952941527386,0.0,0.0,0.0,0.0,16.028952941527386,0.0299129606288272,54.587270672131446,15.397099006718648,1.8422912655445174,0.9402579628400797,0.0,0.01526680387048545,0.03373701510287778,0.0,0.029901924613964195,75.26707577293462,0.0,0.0666666666666666,0.5308682023195255,0.0,-0.07337451401190065,0.0,0.05789185038938247,0.0,1.2789312527394563,0.0,-0.017215871160922238,Asset Management,Financial Services,AB
2015Q1,2015,Q1,2015-04-30,2015-03-31,45585000.0,51616000.0,0.0,0.45,0.0,0.0,1605293000.0,1598877000.0,0.0,0.0,6416000.0,0.0,0.0,3103916760.0,3103916760.0,15.901629072681704,0.0,0.0,0.0,0.0,15.901629072681704,0.02851063590257412,60.1347791382517,17.02268706811451,1.9413105323298792,1.2540967423494571,0.0,0.018418019689419765,0.032153631766911085,0.0,0.028396685215720745,49.12271131720132,0.0,-0.2105263157894736,-0.025886823692597226,0.0,-0.09452059651626335,0.0,-0.20951323980786238,0.0,0.7280666921486592,0.0,-0.029353373028895156,Asset Management,Financial Services,AB
2014Q4,2014,Q4,2015-02-12,2014-12-31,57667000.0,63563000.0,0.0,0.57,0.0,0.0,1627892000.0,1627510000.0,476277000.0,432355000.0,382000.0,0.0,0.0,2597154840.0,2530639840.0,16.186398536022597,1.1015878155682253,0.0,0.0,0.0,16.186398536022597,0.03543265479167563,40.859538410710634,11.259276709383183,1.595784259390111,0.7568626770943521,0.0,0.016805313001669167,0.03904620208220201,1.2848307525066207,0.03542434018964403,60.05954350993224,0.0,0.26666666666666655,-0.02429945616444566,0.0,-0.13976724946532207,0.0,0.30663434087098385,0.0,1.2926163223271392,0.0,0.012955706321167324,Asset Management,Financial Services,AB
2014Q3,2014,Q3,2014-10-23,2014-09-30,44134000.0,49876000.0,0.0,0.45,0.0,0.0,1536424000.0,1535868000.0,0.0,0.0,556000.0,0.0,0.0,2524790700.0,2524790700.0,15.822272586793035,0.0,0.0,0.0,0.0,15.822272586793035,0.028735542377339718,50.621354960301545,14.301846082385463,1.6438852166983102,0.9905741605111705,0.0,0.017315494706155246,0.03246239319354553,0.0,0.02872514358015756,58.4956837032575,0.0,0.02272727272727275,-0.32628212973071163,0.0,-0.1267297726858847,0.0,0.029868857049516966,0.0,0.7368836945080954,0.0,-0.07577581470965862,Asset Management,Financial Services,AB
2014Q2,2014,Q2,2014-07-30,2014-06-30,42854000.0,48467000.0,0.0,0.44,0.0,0.0,1535142000.0,1534896000.0,0.0,0.0,246000.0,0.0,0.0,2496151880.0,2496151880.0,15.913738582285305,0.0,0.0,0.0,0.0,15.913738582285305,0.027919806944574747,51.502091732519034,14.56195384328184,1.626267760160949,0.8796845101974144,0.0,0.015102446410432365,0.03157167219709968,0.0,0.027915332913828167,80.40431244966983,0.0,0.15789473684210525,0.07126285760824536,0.0,-0.11225437619818147,0.0,0.185154456705108,0.0,0.3008084977061411,0.0,-0.07131054571101691,Asset Management,Financial Services,AB
2014Q1,2014,Q1,2014-04-30,2014-03-31,36159000.0,41371000.0,0.0,0.38,0.0,0.0,1522631000.0,1516640000.0,0.0,0.0,5991000.0,0.0,0.0,2399966580.0,2399966580.0,15.779595064194602,0.0,0.0,0.0,0.0,15.779595064194602,0.023841518092625805,58.01084286094124,16.59314817887663,1.5824233700812322,1.5946790563898339,0.0,0.02402616789772131,0.027170732764537173,0.0,0.02374771037762925,37.818572013867005,0.0,-0.35593220338983045,4.113209401994004,0.0,-0.09539952204162697,0.0,-0.37084145322939865,0.0,-0.0981479653739938,0.0,-0.07630769414678015,Asset Management,Financial Services,AB
2013Q4,2013,Q4,2014-02-12,2013-12-31,57472000.0,62971000.0,0.0,0.59,0.0,0.0,1533654000.0,1532878000.0,980584000.0,529004000.0,776000.0,0.0,0.0,2051072760.0,1809579760.0,15.948540275089996,1.853641938435248,0.0,0.0,0.0,15.948540275089996,0.037492872883556294,32.57170380016198,8.922052303730512,1.3380534915368347,0.6213286469933185,0.0,0.017409913824802586,0.04105945669623005,0.9638698384133201,0.03747390219697533,63.061422290545735,0.0,0.8437499999999999,1.2789470659280895,0.0,-0.0853660955852106,0.0,0.9466856349286996,0.0,0.4586379703029076,0.0,-0.06554624382121221,Asset Management,Financial Services,AB
2013Q3,2013,Q3,2013-10-24,2013-09-30,29523000.0,34504000.0,0.0,0.32,0.0,0.0,1425344000.0,1420264000.0,0.0,0.0,5080000.0,0.0,0.0,1832243880.0,1832243880.0,15.394480695441045,0.0,0.0,0.0,0.0,15.394480695441045,0.020786980448705313,53.10236146533735,15.515393760796666,1.2900727470385789,1.2414727500592757,0.0,0.020003887255445493,0.02420748956041489,0.0,0.020712894571415744,45.268533168622604,0.0,-0.20000000000000004,-0.5645397414729211,0.0,-0.15947763241991125,0.0,-0.26698281855199124,0.0,1.6431634205760532,0.0,-0.10905333431701815,Asset Management,Financial Services,AB
2013Q2,2013,Q2,2013-07-31,2013-06-30,40276000.0,45440000.0,0.0,0.4,0.0,0.0,1617314000.0,1617130000.0,0.0,0.0,184000.0,0.0,0.0,2070221760.0,2070221760.0,16.028962810245023,0.0,0.0,0.0,0.0,16.028962810245023,0.024905851724969546,45.55945774647887,12.850219485549708,1.2801826445616618,0.8524927996821928,0.0,0.016585179744222186,0.028095966522270876,0.0,0.024903018214150127,51.39960175782705,0.0,0.05263157894736847,-0.5838003970511779,0.0,-0.14449832582011607,0.0,0.05349062279302137,0.0,0.2746180628844764,0.0,-0.07337394350643409,Asset Management,Financial Services,AB
2013Q1,2013,Q1,2013-05-01,2013-03-31,38231000.0,42997000.0,0.0,0.38,0.0,0.0,1616876000.0,1608257000.0,0.0,0.0,8619000.0,0.0,0.0,2195501330.0,2195501330.0,16.03494620975702,0.0,0.0,0.0,0.0,16.03494620975702,0.023771698180079428,51.06173291159848,14.356813384426252,1.365143338409222,0.9483403520703094,0.0,0.016513768178860543,0.02659263913868472,0.0,0.023644979577902077,52.044597131681876,0.0,0.4615384615384615,-0.5409562663167823,0.0,-0.13698391984468533,0.0,0.45981137118637594,0.0,-0.1809911208084001,0.0,-0.08692917797660557,Asset Management,Financial Services,AB
2012Q4,2012,Q4,2013-02-12,2012-12-31,26189000.0,70807000.0,0.0,0.26,0.0,0.0,1566493000.0,1560082000.0,1551326000.0,499076000.0,6411000.0,0.0,0.0,1748176710.0,1444157710.0,15.554622770371996,3.1083963163926938,0.0,0.0,0.0,15.554622770371996,0.016786938122483306,24.68932040617453,16.688081923708427,1.120567194544902,1.234869601741189,0.0,0.01849927402361973,0.04520096802219991,1.2566863563866024,0.01671823621299297,46.16988986900486,0.0,2.1304347826086953,-0.7528235925091176,0.0,-0.13434702759377573,0.0,2.1316653703223576,0.0,-0.5557846133919799,0.0,-0.17334323015041858,Asset Management,Financial Services,AB
2012Q3,2012,Q3,2012-10-24,2012-09-30,-23142000.0,0.0,0.0,-0.23,0.0,0.0,1605472000.0,1600464000.0,0.0,0.0,5008000.0,0.0,0.0,1564581520.0,1564581520.0,15.794104585870349,0.0,0.0,0.0,0.0,15.794104585870349,-0.014459556728548721,0.0,-16.901969579120212,0.977579951813974,-0.8427102238354507,0.0,0.012464674899138526,0.0,0.0,-0.014414452572203066,70.74432627961657,0.0,-2.0952380952380953,-1.1888389563584019,0.0,-0.14897068619454729,0.0,-2.0844931814986642,0.0,-1.338407356185451,0.0,-0.1282844340933282,Asset Management,Financial Services,AB
2012Q2,2012,Q2,2012-08-02,2012-06-30,21339000.0,0.0,0.0,0.21,0.0,0.0,1657890000.0,1654199000.0,0.0,0.0,3691000.0,0.0,0.0,1287070560.0,1287070560.0,16.309739312194353,0.0,0.0,0.0,0.0,16.309739312194353,0.01289989898434227,0.0,15.078852804723745,0.7780627119228097,1.159848165331084,0.0,0.019229714958284804,0.0,0.0,0.012871179631941806,45.629473534938136,0.0,-0.19230769230769237,-0.8194111462185613,0.0,-0.1161125083018995,0.0,-0.2007565826435447,0.0,-0.49272349740634463,0.0,-0.0901635322911177,Asset Management,Financial Services,AB
2012Q1,2012,Q1,2012-05-02,2012-03-31,26699000.0,0.0,0.0,0.26,0.0,0.0,1672496000.0,1667199000.0,0.0,0.0,5297000.0,0.0,0.0,1588582870.0,1588582870.0,16.382511030098165,0.0,0.0,0.0,0.0,16.382511030098165,0.016014285037359067,0.0,14.874928555376606,0.9528453831846109,0.44031611670849097,0.0,0.00740030641272117,0.0,0.0,0.015963565832145487,135.129539809459,0.0,1.1326530612244896,-0.7128587141241014,0.0,-0.09291832341256243,0.0,1.13385439906148,0.0,2.5657578137006545,0.0,-0.0608360197016552,Asset Management,Financial Services,AB
2011Q4,2011,Q4,2012-02-10,2011-12-31,-199463000.0,0.0,0.0,-1.96,0.0,0.0,1626531000.0,1626173000.0,1279855000.0,368049000.0,358000.0,0.0,0.0,1331112360.0,1137334360.0,15.979374453408276,3.477403823947355,0.0,0.0,0.0,15.979374453408276,-0.12265792138966765,0.0,-1.668370023513133,0.8185551967718072,-0.12524127281751501,0.0,0.018767010772854666,0.0,1.7502017394423026,-0.12263092434143585,53.2849909931548,0.0,-8.538461538461537,-2.539354008118863,0.0,-0.11920091866810101,0.0,-8.386697774321371,0.0,-8.469988848549175,0.0,-0.08359778422766784,Asset Management,Financial Services,AB
2011Q3,2011,Q3,2011-10-26,2011-09-30,27003000.0,0.0,0.0,0.26,0.0,0.0,1766242000.0,1765981000.0,0.0,0.0,261000.0,0.0,0.0,1408079400.0,1408079400.0,17.119518011555314,0.0,0.0,0.0,0.0,17.119518011555314,0.015290651484925376,0.0,13.036323741806466,0.7973355319224839,1.2651557234381365,0.0,0.024262126127262425,0.0,0.0,0.015288391964408048,41.21650323449346,0.0,-0.23529411764705885,-0.7012987815972053,0.0,-0.03025564485399447,0.0,-0.2396091462041,0.0,-0.64378713692299,0.0,-0.0652924190444608,Asset Management,Financial Services,AB
2011Q2,2011,Q2,2011-07-29,2011-06-30,35512000.0,0.0,0.0,0.34,0.0,0.0,1781733000.0,1781581000.0,0.0,0.0,152000.0,0.0,0.0,2021157360.0000002,2021157360.0000002,17.13569429349133,0.0,0.0,0.0,0.0,17.13569429349133,0.019932857389026937,0.0,14.228692836224376,1.1344740205469188,1.2037339490876324,0.0,0.02114976342069674,0.0,0.0,0.019931156912960584,47.281852761597314,0.0,-0.19047619047619038,-0.621473836955098,0.0,-0.0195809913143119,0.0,-0.186996336996337,0.0,-0.6439048101551131,0.0,-0.08542958581532667,Asset Management,Financial Services,AB
2011Q1,2011,Q1,2011-05-02,2011-03-31,43680000.0,0.0,0.0,0.42,0.0,0.0,1796619000.0,1788779000.0,0.0,0.0,7840000.0,0.0,0.0,2282678000.0,2282678000.0,17.083172571865152,0.0,0.0,0.0,0.0,17.083172571865152,0.024418891321957605,0.0,13.064777930402931,1.2761095697120775,1.0028617216117217,0.0,0.01919017925436702,0.0,0.0,0.02431233333277673,52.10998744435567,0.0,0.024390243902439046,-0.469160085266517,0.0,-0.02189661078315063,0.0,0.017588817705299943,0.0,-0.49763332947806554,0.0,-0.0805673784788298,Asset Management,Financial Services,AB
2010Q4,2010,Q4,2011-02-10,2010-12-31,42925000.0,0.0,0.0,0.41,0.0,0.0,1787568000.0,1787110000.0,1109891000.0,422860000.0,458000.0,0.0,0.0,2442884300.0,2017684300.0,17.067233311049566,2.624724495104763,0.0,0.0,0.0,17.067233311049566,0.024019226572510925,0.0,14.227631333721607,1.3669468023792601,0.2751543389633081,0.0,0.004834858531777375,0.0,1.5406233741663908,0.02401307250968914,13.894076395445394,0.0,2.4166666666666665,-0.5954409964559653,0.0,0.040183487556395,0.0,2.5141219811706916,0.0,-0.6119406182992362,0.0,-0.050166534761469636,Asset Management,Financial Services,AB
2010Q3,2010,Q3,2010-10-28,2010-09-30,12215000.0,0.0,0.0,0.12,0.0,0.0,1743382000.0,1743309000.0,0.0,0.0,73000.0,0.0,0.0,2664584130.0,2664584130.0,17.278790401712705,0.0,0.0,0.0,0.0,17.278790401712705,0.007006789960930621,0.0,54.53508248055669,1.5284634737731522,2.4932460090053215,0.0,0.011429550922079536,0.0,0.0,0.007006496568164636,-317.70408131632286,0.0,-0.6129032258064516,-0.8366819721711106,0.0,0.03697515997756824,0.0,-0.6155419866549163,0.0,-0.8998907890818655,0.0,-0.06897177620864242,Asset Management,Financial Services,AB
2010Q2,2010,Q2,2010-08-02,2010-06-30,31772000.0,0.0,0.0,0.31,0.0,0.0,1754978000.0,1754764000.0,0.0,0.0,214000.0,0.0,0.0,2621261280.0,2621261280.0,17.29819995662546,0.0,0.0,0.0,0.0,17.29819995662546,0.01810613848927833,0.0,20.62556087120735,1.493797046212482,1.4574468085106382,0.0,0.017665541528923814,0.0,0.0,0.018103930647563674,-334.387202449292,0.0,-0.3260869565217392,-0.5455523075587987,0.0,0.04228491717640736,0.0,-0.32751979003513526,0.0,-0.7311658951728508,0.0,-0.0625440248991472,Asset Management,Financial Services,AB
2010Q1,2010,Q1,2010-05-03,2010-03-31,47246000.0,0.0,0.0,0.46,0.0,0.0,1790407000.0,1782744000.0,0.0,0.0,7663000.0,0.0,0.0,3112419240.0,3112419240.0,17.561558011702818,0.0,0.0,0.0,0.0,17.561558011702818,0.026501842104082247,0.0,16.46922088642425,1.7458587660370755,1.32893789950472,0.0,0.020173053550459355,0.0,0.0,0.02638841336076099,-377.85835134150784,0.0,-0.20689655172413784,-0.19702880942213755,0.0,0.06360450238512058,0.0,-0.2082251009703206,0.0,-0.4906143309303826,0.0,-0.02763578455851119,Asset Management,Financial Services,AB
2009Q4,2009,Q4,2010-02-11,2009-12-31,59671000.0,0.0,0.0,0.58,0.0,0.0,1912301000.0,1910118000.0,985331000.0,278398000.0,2183000.0,0.0,0.0,2852543400.0,2487314400.0,18.816301199834506,3.5392890753525528,0.0,0.0,0.0,18.816301199834506,0.031239431281208804,0.0,11.951129526905868,1.4933859583544054,1.0420807427393541,0.0,0.0217987919132098,0.0,2.206251481691679,0.03120376969943539,-435.50280916030533,0.0,-0.13432835820895533,-0.2656162671258424,0.0,0.17344290563880285,0.0,-0.04572205341436111,0.0,-0.5383418493910358,0.0,0.03717331734119091,Asset Management,Financial Services,AB
2009Q3,2009,Q3,2009-10-29,2009-09-30,62530000.0,0.0,0.0,0.67,0.0,0.0,1680116000.0,1678798000.0,0.0,0.0,1318000.0,0.0,0.0,2527682960.0,2527682960.0,18.11841523036576,0.0,0.0,0.0,0.0,18.11841523036576,0.03724688735631088,0.0,10.105881017111786,1.5056504475225727,0.605597313289621,0.0,0.014981309206594485,0.0,0.0,0.03721766830385521,-381.0768822553897,0.0,0.6341463414634149,0.2921918421922548,0.0,0.137740536126652,0.0,0.6346430345332392,0.0,-0.2299309567576929,0.0,0.026327428259316197,Asset Management,Financial Services,AB
2009Q2,2009,Q2,2009-07-30,2009-06-30,38253000.0,0.0,0.0,0.41,0.0,0.0,1655500000.0,1653334000.0,0.0,0.0,2166000.0,0.0,0.0,1852920790.0,1852920790.0,17.926011861521616,0.0,0.0,0.0,0.0,17.926011861521616,0.023136885831900874,0.0,12.109643622722402,1.1207177678557387,0.16777769063864273,0.0,0.003463720648306828,0.0,0.0,0.02310661431591664,-287.0075573110285,0.0,4.857142857142856,-0.21983075703826516,0.0,0.12322459381775457,0.0,4.679732739420936,0.0,-0.5403648637718633,0.0,0.025637040317440893,Asset Management,Financial Services,AB
2009Q1,2009,Q1,2009-05-08,2009-03-31,6735000.0,0.0,0.0,0.07,0.0,0.0,1601729000.0,1596763000.0,0.0,0.0,4966000.0,0.0,0.0,1347439360.0,1347439360.0,17.443717363280822,0.0,0.0,0.0,0.0,17.443717363280822,0.004217908355842414,0.0,50.016308834446924,0.8438568278448337,3.9502598366740904,0.0,0.01974485887068046,0.0,0.0,0.004204831154333848,-182.0372007565523,0.0,-0.7307692307692307,-0.8746822682725726,0.0,0.10712722793672341,0.0,-0.7195853110167374,0.0,-0.9063721002749481,0.0,-0.0012534848670113813,Asset Management,Financial Services,AB
2008Q4,2008,Q4,2009-02-23,2008-12-31,24018000.0,0.0,0.0,0.26,0.0,0.0,1601442000.0,1596155000.0,2572569000.0,310132000.0,5287000.0,0.0,0.0,1903075020.0,1635017020.0,17.43707531298477,8.295077579869217,0.0,0.0,0.0,17.43707531298477,0.01504741080910062,0.0,19.80884149387959,1.1922871024430586,2.1848613539845116,0.0,0.027574320217812538,0.0,1.7817477719164743,0.0149977332928698,-215.1582837761447,0.0,-0.6438356164383562,1.052585518711453,0.0,0.18841194937237457,0.0,-0.6268236975808331,0.0,-0.7410623824397957,0.0,0.06272396241875815,Asset Management,Financial Services,AB
2008Q3,2008,Q3,2008-10-31,2008-09-30,64361000.0,0.0,0.0,0.73,0.0,0.0,1611134000.0,1604097000.0,0.0,0.0,7037000.0,0.0,0.0,3241409820.0,3241409820.0,18.315373021853805,0.0,0.0,0.0,0.0,18.315373021853805,0.04012288533673462,0.0,12.590737480772516,2.020706864983851,1.3043302621152562,0.0,0.02589860729181107,0.0,0.0,0.03994763936457179,-364.9414343616303,0.0,-0.23958333333333331,208.13951102294726,0.0,0.17831176432793022,0.0,-0.23298494833812014,0.0,-0.008689705604676473,0.0,0.09918497926238562,Asset Management,Financial Services,AB
2008Q2,2008,Q2,2008-08-01,2008-06-30,83911000.0,0.0,0.0,0.96,0.0,0.0,1646183000.0,1639073000.0,0.0,0.0,7110000.0,0.0,0.0,4783461080.0,4783461080.0,18.736331317657548,0.0,0.0,0.0,0.0,18.736331317657548,0.051194181101146805,0.0,14.251591209734123,2.9183941654825625,0.8639391736482702,0.0,0.01515513532724301,0.0,0.0,0.050973069215269506,-492.2775630338582,0.0,0.1566265060240964,0.8529615707332959,0.0,0.16615410322677138,0.0,0.15841570489811696,0.0,0.39175345992089106,0.0,0.12893801578092473,Asset Management,Financial Services,AB
2008Q1,2008,Q1,2008-05-05,2008-03-31,72436000.0,0.0,0.0,0.83,0.0,0.0,1629961000.0,1620800000.0,0.0,0.0,9161000.0,0.0,0.0,5528827540.0,5528827540.0,18.580124494170786,0.0,0.0,0.0,0.0,18.580124494170786,0.04469151036525173,0.0,19.081767146170414,3.411171976801579,1.2764095201281132,0.0,0.016722894561475143,0.0,0.0,0.04444032709985086,-574.2446551724138,0.0,-0.20952380952380958,1.2500130756641423,0.0,0.16878793478768356,0.0,-0.21395086379025957,0.0,0.4326315480697793,0.0,0.12529332839984958,Asset Management,Financial Services,AB
2007Q4,2007,Q4,2008-02-25,2007-12-31,92152000.0,0.0,0.0,1.05,0.0,0.0,1575234000.0,1567460000.0,2370019000.0,389475000.0,7774000.0,0.0,0.0,6564283250.0,6521914250.0,17.96865864982289,6.085163360934591,0.0,0.0,0.0,17.96865864982289,0.058790654944942775,0.0,17.808303807839224,4.187847377285545,1.1255208785484851,0.0,0.015800506475707,0.0,1.4799820270877464,0.05850051484414379,-605.5053269993543,0.0,-0.12499999999999993,1.0717755967728164,0.0,0.12147964079572798,0.0,-0.1209218910977983,0.0,0.31980457653252503,0.0,0.12058128707386064,Asset Management,Financial Services,AB
2007Q3,2007,Q3,2007-11-05,2007-09-30,104828000.0,0.0,0.0,1.2,0.0,0.0,1616625000.0,1608679000.0,0.0,0.0,7946000.0,0.0,0.0,7825470400.0,7825470400.0,18.558825565297646,0.0,0.0,0.0,0.0,18.558825565297646,0.06516402588707877,0.0,18.66264356851223,4.864531954479421,0.9553840576945091,0.0,0.012798080483442888,0.0,0.0,0.06484373308590427,-787.0331288343558,0.0,0.03448275862068969,1.6788593595013255,0.0,0.15301339093162658,0.0,0.041541228253201785,0.0,1.3156621569690903,0.0,0.16539597310666693,Asset Management,Financial Services,AB
2007Q2,2007,Q2,2007-08-03,2007-06-30,100647000.0,0.0,0.0,1.16,0.0,0.0,1601922000.0,1594074000.0,0.0,0.0,7848000.0,0.0,0.0,7523618010.0,7523618010.0,18.45227980414173,0.0,0.0,0.0,0.0,18.45227980414173,0.06313822319415535,0.0,18.688132805746818,4.719742000685037,0.7773406062773853,0.0,0.010398853303824233,0.0,0.0,0.0628289017817347,-840.2521789144516,0.0,0.2747252747252746,1.016300896231671,0.0,0.1347928371111663,0.0,0.2817191977077364,0.0,1.1915058250480226,0.0,0.15619997622044196,Asset Management,Financial Services,AB
2007Q1,2007,Q1,2007-05-04,2007-03-31,78525000.0,0.0,0.0,0.91,0.0,0.0,1563257000.0,1552207000.0,0.0,0.0,11050000.0,0.0,0.0,7606044000.0,7606044000.0,18.060679046821186,0.0,0.0,0.0,0.0,18.060679046821186,0.0505892577471948,0.0,24.215358166189112,4.9001479828399175,1.6124291626870424,0.0,0.016646761443925382,0.0,0.0,0.05023166376353984,-700.4368726402063,0.0,-0.2661290322580645,0.5360459613875758,0.0,0.1074641771818885,0.0,-0.28241142658710217,0.0,0.5562118827295528,0.0,0.14628488362535855,Asset Management,Financial Services,AB
