Quarters,Year,Quarter,FillingDate,Date,NetIncome,Revenue,OperatingIncome,EPSDiluted,GrossProfit,GrossProfitRatio,TotalAssets,CommonStockEquity,CurrentAssets,CurrentLiability,TotalLiability,Inventory,RetainedEarnings,MarketCap,EnterpriseValue,bookValuePerShare,currentRatio,debtToAssets,debtToEquity,roic,shareholdersEquityPerShare,roe,priceToSalesRatio,peRatio,pbRatio,payoutRatio,inventoryTurnover,dividendYield,assetTurnover,quickRatio,returnOnAssets,priceToFreeCashFlowsRatio,grossProfitMargin,epsdilutedGrowth,fiveYNetIncomeGrowthPerShare,fiveYRevenueGrowthPerShare,fiveYShareholdersEquityGrowthPerShare,grossProfitGrowth,netIncomeGrowth,operatingIncomeGrowth,threeYNetIncomeGrowthPerShare,threeYRevenueGrowthPerShare,threeYShareholdersEquityGrowthPerShare,Industry,Sector,Symbol
2023Q1,2023,Q1,2023-03-31,2023-03-31,1336000000.0,2170000000.0,2303000000.0,1.29,2170000000.0,1.0,0.0,0.0,0.0,746000000.0,1492000000.0,0.0,0.0,53718600870.899994,53718600870.899994,0.0,0.0,0.0,0.0,0.0,0.0,0.0,24.755115608709673,10.052133396500748,0.0,0.5501497005988024,0.0,0.013682411456813615,0.0,0.0,0.0,-31.65503881608721,1.0,1.9280575539568345,0.4961771784767936,-0.45065711186577206,-1.0,0.16981132075471697,1.9435028248587571,0.1602015113350126,0.03339047372708856,-0.41611472133757504,-1.0,Oil & Gas Midstream,Energy,TRP
2022Q4,2022,Q4,2022-12-31,2022-12-31,-1416000000.0,4041000000.0,1985000000.0,-1.39,1855000000.0,0.4590447909,114348000000.0,33990000000.0,7332000000.0,16907000000.0,80232000000.0,936000000.0,819000000.0,54825867487.99999,112505867488.0,33.45472440944882,0.4336665286567694,0.5098471333123448,1.715210355987055,0.02135998500797705,33.45472440944882,-0.04165931156222418,13.567401011630782,-9.679708242937853,1.6129999260959103,-0.4173728813559322,2.3354700854700856,0.010779583198192989,0.03533948997796201,0.25102028745490035,-0.012383251128135167,-898.7847129180327,0.4590447908933432,-2.6547619047619047,-2.3565766820767826,-0.030801152113557374,0.17176378078543944,0.10680190930787589,-2.6426914153132253,0.11266816143497758,-2.136551468925392,0.1421355764102885,0.018986339812552308,Oil & Gas Midstream,Energy,TRP
2022Q3,2022,Q3,2022-09-30,2022-09-30,862000000.0,3799000000.0,1784000000.0,0.84,1676000000.0,0.4411687286,116802000000.0,35773000000.0,8900000000.0,16765000000.0,80899000000.0,1080000000.0,3183000000.0,55094560500.0,111806560500.0,35.773,0.5308678795108858,0.5040324651975138,1.6457104520168842,0.01653121426587298,35.773,0.024096385542168676,14.502384969728876,15.978700841067285,1.5401157437173285,1.051044083526682,1.9657407407407408,0.016444454620887665,0.03252512799438366,0.3410080524903072,0.007380010616256571,-405.1070625,0.4411687286127928,-0.06666666666666672,0.154180981595092,0.02298797038864893,0.2764061388809418,0.012077294685990338,-0.0650759219088937,0.05188679245283019,0.029979487179487122,0.13012065113309923,0.09105425747758382,Oil & Gas Midstream,Energy,TRP
2022Q2,2022,Q2,2022-06-30,2022-06-30,922000000.0,3637000000.0,1696000000.0,0.9,1656000000.0,0.4553203189,109133000000.0,32655000000.0,9259000000.0,14482000000.0,76355000000.0,1045000000.0,3254000000.0,65114039139.600006,120739039139.6,33.21973550356053,0.6393453942825577,0.5234805237645809,1.749471750114837,0.01629878137351495,33.21973550356053,0.028234573572194152,17.903227698542757,17.65565052592191,1.9939990549563622,0.9945770065075922,1.8956937799043063,0.014082984439561725,0.03332630826606068,0.4511117248998757,0.008448406989636498,-202.8474739551402,0.4553203189441848,1.1951219512195124,-0.11303020920872221,0.0005941857078573242,0.18031405244211626,-0.04827586206896552,1.305,-0.06038781163434903,-0.2543095400539881,0.017142851971052357,0.02601102191645934,Oil & Gas Midstream,Energy,TRP
2022Q1,2022,Q1,2022-03-31,2022-03-31,400000000.0,3500000000.0,1805000000.0,0.41,1740000000.0,0.4971428571,105182000000.0,32818000000.0,8470000000.0,13923000000.0,72240000000.0,965000000.0,3261000000.0,69185578480.20001,121687578480.20001,33.45361875637105,0.6083459024635495,0.5093552128691221,1.6324882686330673,0.01155900216609617,33.45361875637105,0.012188433176915108,19.767308137200004,43.24098655012501,2.108159500280334,2.21,1.8238341968911918,0.01277722929285023,0.03327565553041395,0.4017094017094017,0.003802932060618737,347.66622351859303,0.49714285714285716,-0.652542372881356,-0.48375866611823476,-0.08885155314586703,0.18679422567765883,-0.39224589591337755,-0.6545768566493955,-0.11476213830308975,-0.6406362026835228,-0.05766196681602002,0.03960532019495008,Oil & Gas Midstream,Energy,TRP
2021Q4,2021,Q4,2021-12-31,2021-12-31,1158000000.0,3584000000.0,2039000000.0,1.18,2863000000.0,0.798828125,104218000000.0,33271000000.0,7423000000.0,13041000000.0,70822000000.0,724000000.0,3773000000.0,58126188848.0,110599188848.0,33.95,0.5692048155816272,0.5099502964938878,1.5973670764329295,0.01894377952230805,33.95,0.03480508550990352,16.21824465625,12.548831789291883,1.7470526539027982,0.7633851468048359,0.9958563535911602,0.01520829109081382,0.03438945287762191,0.39751552795031053,0.01111132433936556,319.374664,0.798828125,0.47499999999999987,3.3296643775993813,-0.15923104251371722,0.16446386610050717,0.08859315589353613,0.42962962962962964,0.5942142298670836,-0.04572473296467752,-0.14285714285714288,0.05884007089781187,Oil & Gas Midstream,Energy,TRP
2021Q3,2021,Q3,2021-09-30,2021-09-30,810000000.0,3240000000.0,1279000000.0,0.8,2630000000.0,0.8117283950617284,104523000000.0,32393000000.0,8721000000.0,16979000000.0,72006000000.0,743000000.0,3523000000.0,59333650229.700005,111066650229.70001,33.087844739530134,0.5136344896637022,0.5222773934923414,1.6852406384095329,0.012621081329843143,33.087844739530134,0.025005402401753467,18.312855009166668,18.312855009166668,1.8316812345167166,1.0913580246913581,0.8209959623149394,0.014898796830765448,0.030997962171005426,0.3220448789681371,0.007749490542751356,223.05883545,0.8117283950617284,-0.19999999999999996,6.770589151849864,-0.25007762123537003,0.3313433177194338,0.031777167516673206,-0.20118343195266272,-0.0824964131994261,-0.22641730204258467,-0.04993455726142529,0.07392660793918111,Oil & Gas Midstream,Energy,TRP
2021Q2,2021,Q2,2021-06-30,2021-06-30,1014000000.0,3182000000.0,1394000000.0,1.0,2549000000.0,0.8010685103708359,101201000000.0,32009000000.0,8345000000.0,13721000000.0,69070000000.0,758000000.0,3596000000.0,60299523504.00001,109706523504.0,32.695607763023496,0.6081918227534436,0.5167439056926315,1.6337592552094724,0.014452530955420971,32.695607763023496,0.031678590396451,18.95019594720302,14.866746426035506,1.883830282233122,0.8777120315581854,0.8350923482849604,0.014759652287152173,0.03144237705161016,0.409008089789374,0.01001966383731386,121.32700906237426,0.8010685103708359,1.900900900900901,0.8527551871749485,-0.16941856782323375,0.3751951811299222,-0.06834795321637427,1.9950932286555447,-0.15719467956469166,0.12352625473935692,-0.08850428641534828,0.07454295402813527,Oil & Gas Midstream,Energy,TRP
2021Q1,2021,Q1,2021-03-31,2021-03-31,-1019000000.0,3381000000.0,1654000000.0,-1.11,2736000000.0,0.8092280390417036,99949000000.0,31499000000.0,7266000000.0,8979000000.0,68325000000.0,667000000.0,3082000000.0,54700246349.99999,104203246350.0,33.05246589716684,0.8092215168727029,0.5178641106964552,1.6432267691037812,0.01357729079950827,33.05246589716684,-0.032350233340740976,16.17871823425022,-13.420080066241413,1.7365708863773452,-0.7850834151128557,0.967016491754123,0.01462516265248959,0.03382725189846822,0.549838512083751,-0.010195199551771403,2604.7736357142853,0.8092280390417036,-1.925,-3.739478098360153,-0.022176574625786535,0.4328926733657211,0.03440453686200378,-1.876182287188306,0.16643159379407615,-2.2225977533208066,-0.08301594325837743,0.11650949727060773,Oil & Gas Midstream,Energy,TRP
2020Q4,2020,Q4,2020-12-31,2020-12-31,1163000000.0,3297000000.0,1418000000.0,1.2,2645000000.0,0.8022444646648468,100300000000.0,31398000000.0,5201000000.0,11987000000.0,67220000000.0,629000000.0,5367000000.0,48805599376.0,97261599376.0,33.40212765957447,0.4338867106031534,0.49836490528414756,1.592012230078349,0.015841100354812877,33.40212765957447,0.037040575832855596,14.803032871094935,10.491315429062768,1.5544174589464297,0.6870163370593293,1.0365659777424483,0.016371072381356835,0.03287138584247258,0.31901226328522564,0.011595214356929213,-1952.22397504,0.8022444646648468,0.25,1.3597378653501682,-0.12898199213415218,0.43866080928207346,0.048770816812053926,0.23329798515376457,0.033527696793002916,0.20427775285144173,-0.14530957180777165,0.16992156066323771,Oil & Gas Midstream,Energy,TRP
2020Q3,2020,Q3,2020-09-30,2020-09-30,943000000.0,3195000000.0,1372000000.0,0.96,2522000000.0,0.789358372456964,101862000000.0,32202000000.0,5124000000.0,10068000000.0,67930000000.0,501000000.0,5025000000.0,52528664144.0,101456664144.0,34.257446808510636,0.5089392133492253,0.4920382478254894,1.5564250667660393,0.01403182769855364,34.257446808510636,0.029283895410222967,16.4408964456964,13.925944895015906,1.6312236551766972,0.848356309650053,1.343313373253493,0.015229780026518695,0.03136596571832479,0.322606277314263,0.009257623058647975,-187.60237194285713,0.789358372456964,-0.2941176470588236,0.6735594493116398,-0.18143826607308042,0.252631757980095,0.0,-0.2861468584405753,-0.19906596614127262,0.34323032241221785,-0.0847405069106278,0.22233012072709304,Oil & Gas Midstream,Energy,TRP
2020Q2,2020,Q2,2020-07-30,2020-06-30,1321000000.0,1713000000.0,1713000000.0,1.36,0.0,0.0,101797000000.0,32458000000.0,5704000000.0,9780000000.0,69339000000.0,479000000.0,4880000000.0,54804310520.0,100611310520.0,34.52978723404255,0.5832310838445808,0.4698173816517186,1.4734734117937027,0.020564114385574664,34.52978723404255,0.04069874915275125,31.99317601868068,10.371746881150644,1.6884684983671208,0.607115821347464,0.0,0.014633885407742193,0.016827607886283485,0.4418200408997955,0.01297680678212521,-145.36952392572945,0.0,0.11475409836065584,1.1946503889774112,-0.5089170042941362,0.2721028396433447,-1.0,0.11101766190075694,0.012411347517730497,0.3289431082331175,-0.5071693595857115,0.2268608549218745,Oil & Gas Midstream,Energy,TRP
2020Q1,2020,Q1,2020-04-17,2020-03-31,1189000000.0,3418000000.0,1692000000.0,1.22,2788000000.0,0.815681685196021,107811000000.0,32237000000.0,8970000000.0,17513000000.0,73764000000.0,430000000.0,4357000000.0,58963075841.99999,112210075842.0,34.33120340788072,0.5121909438702678,0.5114227676211147,1.7103638676055464,0.022198092435469764,34.33120340788072,0.036883084654279245,17.250753610883557,12.39761897434819,1.8290497205695317,0.6265769554247267,1.4651162790697674,0.012635026062689372,0.03170362949977275,0.24222006509450122,0.011028559237925629,-149.27360972658227,0.815681685196021,0.0338983050847458,1.1896698615548458,-0.1020215023163125,0.25017068393361236,0.05726204019719378,0.034812880765883375,0.2413793103448276,0.6031643717031309,-0.07039902969364807,0.21792725210866842,Oil & Gas Midstream,Energy,TRP
2019Q4,2019,Q4,2020-01-30,2019-12-31,1149000000.0,3263000000.0,1363000000.0,1.18,2637000000.0,0.8081520073551947,99279000000.0,30763000000.0,7651000000.0,12899000000.0,66882000000.0,452000000.0,3955000000.0,65239616908.200005,114271616908.20001,32.83137673425827,0.5931467555624467,0.507408414669769,1.6375190976172675,0.01634041010159959,32.83137673425827,0.03735006338783604,19.993753266380633,14.194868778981725,2.1207169947079287,0.4299390774586597,1.3849557522123894,0.007572086155795756,0.032866970859899876,0.3037444763159935,0.011573444535098057,-171.68320239000002,0.8081520073551947,0.4936708860759492,0.8000291666942865,-0.05618694904356736,0.22063167826896246,0.04601348671162237,0.47307692307692306,0.0,3.417638222217726,-0.1994061933887996,0.1260957844293557,Oil & Gas Midstream,Energy,TRP
2019Q3,2019,Q3,2019-10-16,2019-09-30,780000000.0,3133000000.0,1363000000.0,0.79,2521000000.0,0.8046600702202362,99611000000.0,30558000000.0,8274000000.0,11027000000.0,67410000000.0,469000000.0,3569000000.0,63774464950.0,111535464950.0,32.787553648068666,0.7503400743629274,0.5020529861159913,1.6365599842921656,0.012752639101552384,32.787553648068666,0.025525230708816023,20.3557181455474,20.44053363782051,2.0869973476667325,0.6397435897435897,1.304904051172708,0.007824448239451673,0.03145234964009999,0.38142740545932713,0.007830460491311201,-152.93636678657074,0.8046600702202362,-0.3471074380165289,0.23187565247651082,-0.028966017198900993,0.19663838253686353,-0.043989381873340914,-0.33104631217838765,-0.12007746933505488,6.837091729104532,-0.23827452922047224,0.3192606166207349,Oil & Gas Midstream,Energy,TRP
2019Q2,2019,Q2,2019-07-03,2019-06-30,1166000000.0,3372000000.0,1549000000.0,1.21,2637000000.0,0.7820284697508897,98429000000.0,30014000000.0,5676000000.0,12966000000.0,66797000000.0,442000000.0,3534000000.0,60187403160.0,109243403160.0,32.377562028047464,0.43776029615918555,0.5051560007721302,1.6566269074431932,0.016499125935030043,32.377562028047464,0.038848537349237024,17.849170569395017,12.904674777015439,2.005310960218565,0.4339622641509434,1.66289592760181,0.008407074793621981,0.03425819626329639,0.21001079747030696,0.011846102266608418,-911.9303509090909,0.7820284697508897,0.11009174311926594,1.0193587683185463,0.15281049273800304,0.1999222108384425,0.003806623524933384,0.11578947368421053,0.02514890800794176,1.2499951964118567,-0.07045040403077911,0.3618180032139146,Oil & Gas Midstream,Energy,TRP
2019Q1,2019,Q1,2019-04-01,2019-03-31,1045000000.0,3487000000.0,1511000000.0,1.09,2627000000.0,0.7533696587324348,99347000000.0,29637000000.0,4905000000.0,13355000000.0,68050000000.0,407000000.0,3106000000.0,56222985074.4,105931985074.4,32.17915309446254,0.3672781729689255,0.5091346492596656,1.70668421230219,0.01561957486399489,32.17915309446254,0.0352599790802038,16.12359766974477,13.450474898181819,1.897053854114789,0.43923444976076553,2.113022113022113,0.008163920848254576,0.035099197761381824,0.23107450393111195,0.01051868702628162,-237.22778512405063,0.7533696587324348,-0.08403361344537805,0.846718334643753,-0.07054082503941779,0.19363128783357678,-0.11667787491593813,-0.07766990291262135,-0.17114646187602853,1.90698780284838,0.043519296509018056,0.3950327593597669,Oil & Gas Midstream,Energy,TRP
2018Q4,2018,Q4,2019-01-09,2018-12-31,1133000000.0,3904000000.0,1823000000.0,1.19,2974000000.0,0.7617827868852459,98920000000.0,29338000000.0,5135000000.0,12946000000.0,67927000000.0,431000000.0,2773000000.0,44496944100.0,94291944100.0,32.063387978142075,0.39664761316236674,0.507895268904165,1.71248892221692,0.02175811170618272,32.063387978142075,0.03861885609107642,11.3977828125,9.818390136804943,1.516699982957257,0.40335392762577227,2.1577726218097446,0.010270368207150656,0.039466235341690255,0.24254596014212884,0.011453699959563284,-38.293411445783136,0.7617827868852459,0.1666666666666666,0.9941770292642245,0.29353916523727835,0.22368773552207533,0.30782761653474056,0.1692466460268318,0.4433887569279493,1.360033662099842,0.05955804980708534,0.38100004188615333,Oil & Gas Midstream,Energy,TRP
2018Q3,2018,Q3,2018-10-02,2018-09-30,969000000.0,3156000000.0,1263000000.0,1.02,2274000000.0,0.720532319391635,94177000000.0,27914000000.0,5113000000.0,10961000000.0,64240000000.0,381000000.0,2318000000.0,48010405002.0,94537405002.0,30.810154525386313,0.4664720372228811,0.5057285749174427,1.706240596116644,0.014971527019097389,30.810154525386313,0.034713763702801465,15.212422370722434,12.386585397832816,1.7199399943397577,0.47058823529411764,2.3149606299212597,0.00949794112299207,0.03351136689425231,0.2984216768543016,0.010289136413349331,-38.01298891686461,0.720532319391635,0.15909090909090912,0.5093058915282018,0.11742046369634976,0.2106924882974724,-0.011734028683181226,0.17312348668280872,-0.04822908816880181,0.7842384105960266,-0.16108641664267198,0.1265806889375398,Oil & Gas Midstream,Energy,TRP
2018Q2,2018,Q2,2018-07-11,2018-06-30,826000000.0,3195000000.0,1327000000.0,0.88,2301000000.0,0.72018779342723,92583000000.0,27263000000.0,5430000000.0,10431000000.0,63267000000.0,403000000.0,2020000000.0,51307167744.00001,96775167744.0,30.427455357142858,0.5205637043428243,0.5080630353304603,1.7253420386604557,0.015269694277363287,30.427455357142858,0.030297472765286285,16.05858145352113,15.528803796610172,1.8819340404210838,0.5072639225181598,2.2183622828784118,0.00816650028492362,0.03450957519198989,0.3528904227782571,0.00892172429063651,-84.38678905263158,0.72018779342723,0.06024096385542174,0.6928977272727271,0.2548803820308612,0.20624710875294383,0.003926701570680628,0.06718346253229975,0.04652996845425868,0.4396682268722467,-0.03907777121681046,0.12096990637642431,Oil & Gas Midstream,Energy,TRP
2018Q1,2018,Q1,2018-04-10,2018-03-31,774000000.0,3424000000.0,1268000000.0,0.83,2292000000.0,0.669392523364486,89010000000.0,26199000000.0,4577000000.0,11944000000.0,60830000000.0,384000000.0,1859000000.0,47114034345.0,91083034345.0,29.603389830508476,0.38320495646349634,0.5082125603864734,1.726630787434635,0.015578715205823589,29.603389830508476,0.029543112332531776,13.759939937207944,15.217711351744187,1.79831422363449,0.5129198966408268,2.9479166666666665,0.00842636393845843,0.03846758791147062,0.2909410582719357,0.008695652173913044,-144.5215777453988,0.669392523364486,-0.15306122448979595,0.33937277105775937,0.21290503858466045,0.17965757297166482,-0.04975124378109453,-0.14095449500554938,-0.06696100073583518,0.5123770152955767,-0.04555708888181205,0.07800736465487985,Oil & Gas Midstream,Energy,TRP
2017Q4,2017,Q4,2018-01-03,2017-12-31,901000000.0,3599000000.0,1359000000.0,0.98,2412000000.0,0.6701861628230064,86101000000.0,25039000000.0,4680000000.0,9877000000.0,59210000000.0,378000000.0,1623000000.0,53471753625.6,95893753625.6,28.55074116305587,0.4738280854510479,0.5053483699376314,1.7377291425376413,0.23542122538293217,28.55074116305587,0.03598386517033428,14.857391949319254,14.83677958534961,2.135538704644754,0.43951165371809103,3.14021164021164,0.007405779185263377,0.04179974680898015,0.365596841146097,0.010464454535951963,-86.10588345507246,0.6701861628230064,0.4000000000000001,1.2634157639680732,0.38494628703427236,0.19024732540679973,0.14042553191489363,0.38190184049079756,0.34288537549407117,0.5080797278506861,0.11222012420714204,0.06148272074497185,Oil & Gas Midstream,Energy,TRP
2017Q3,2017,Q3,2017-10-05,2017-09-30,652000000.0,3242000000.0,1012000000.0,0.7,2115000000.0,0.6523750771128933,86409000000.0,24467000000.0,5808000000.0,11381000000.0,60125000000.0,390000000.0,1324000000.0,53665606775.7,95838606775.7,28.02634593356243,0.5103242245848344,0.5045423509125206,1.7818694568193894,0.011706309951560096,28.02634593356243,0.026648138308742388,16.553240831492904,20.57730321154141,2.1933872880083376,0.602760736196319,2.8897435897435897,0.00732312599469111,0.03751923989399252,0.37290220543010283,0.007545510305639459,-60.776451614609286,0.6523750771128933,-0.306930693069307,0.37834871628794015,0.23147223218990537,0.16281625960225474,-0.018105849582172703,-0.29130434782608694,0.025329280648429583,0.09931342921033638,0.07272576870931431,0.02286988612620233,Oil & Gas Midstream,Energy,TRP
2017Q2,2017,Q2,2017-07-14,2017-06-30,920000000.0,3217000000.0,987000000.0,1.01,2154000000.0,0.6695679204227541,86314000000.0,24486000000.0,4899000000.0,10052000000.0,59956000000.0,393000000.0,1251000000.0,53884080054.0,95717080054.0,28.144827586206898,0.48736569836848387,0.5019232106031466,1.7692967409948541,0.010374049866071187,28.144827586206898,0.037572490402679085,16.74979174821262,14.642413058152174,2.2006076963979417,0.3978260869565217,2.704834605597964,0.0067923587009968926,0.037270894640498646,0.3588340628730601,0.010658757559607943,-108.85672738181819,0.6695679204227541,0.3648648648648649,1.6030061892130858,0.44140731406168443,0.1745781386383103,-0.07593307593307594,0.34502923976608185,-0.1628498727735369,0.6977089686449293,0.1718766400148179,0.04305579622249184,Oil & Gas Midstream,Energy,TRP
2017Q1,2017,Q1,2017-04-20,2017-03-31,684000000.0,3391000000.0,1179000000.0,0.74,2331000000.0,0.6874078442937187,88639000000.0,24411000000.0,8003000000.0,9134000000.0,62400000000.0,384000000.0,1115000000.0,53284536175.0,98594536175.0,28.18822170900693,0.8761769213925991,0.5212603932806101,1.8927532669698086,0.013267797835415197,28.18822170900693,0.02802015484822416,15.713517008257151,19.475342169225147,2.182808413215354,0.4956140350877193,2.7604166666666665,0.006362070955945596,0.038256298017802545,0.3299759141668491,0.007716693554755807,-177.61512058333332,0.6874078442937187,2.7209302325581395,0.519251883542195,0.44252008851151053,0.18030738613815958,-0.08980866848887153,2.6208530805687205,-0.04765751211631664,0.2855299832762601,-0.03872444289269783,0.045594434430602265,Oil & Gas Midstream,Energy,TRP
2016Q4,2016,Q4,2017-01-20,2016-12-31,-422000000.0,3619000000.0,1238000000.0,-0.43,2561000000.0,0.70765404807958,88051000000.0,24257000000.0,8084000000.0,7680000000.0,62068000000.0,368000000.0,1138000000.0,50630213088.0,94469213088.0,29.155048076923077,1.0526041666666666,0.5094206766533032,1.8491569443871871,0.0782862385478429,29.155048076923077,-0.017397040029682155,13.990111381044487,-29.99420206635071,2.0872413360267137,-0.8933649289099526,2.875,0.007446146816422422,0.041101179997955734,0.4024739583333333,-0.004792676971300723,-405.041704704,0.70765404807958,-1.9990654075241667,-1.9166316491991295,0.2957122922099085,0.18309852217022174,0.1029285099052541,-2.5762711864406778,0.22695738354806738,-1.8168532065884004,0.3187307238751812,0.11269198328661885,Oil & Gas Midstream,Energy,TRP
2016Q3,2016,Q3,2016-10-19,2016-09-30,-118000000.0,3632000000.0,1009000000.0,-0.143378,2322000000.0,0.63931718061674,89528000000.0,20454000000.0,7713000000.0,8464000000.0,66385000000.0,424000000.0,2398000000.0,51482140507.6,98185140507.6,24.852976913730256,0.9112712665406427,0.5462536859976767,2.3909748704409894,0.0028919727410919656,24.852976913730256,-0.005769042730028357,14.174598157378854,-109.0723315838983,2.516971766285323,-3.364406779661017,3.089622641509434,0.007711412075832264,0.04056831382360826,0.7516540642722117,-0.001318023411670092,-181.91569083957597,0.63931718061674,-1.275726923076923,-1.2538908153802364,0.29645853463854416,0.008231448459366904,0.20186335403726707,-1.3002544529262086,-0.039047619047619046,-1.2023316671638498,0.41564326872823726,-0.023396249554952717,Oil & Gas Midstream,Energy,TRP
2016Q2,2016,Q2,2016-07-01,2016-06-30,393000000.0,2751000000.0,1050000000.0,0.52,1932000000.0,0.7022900763358778,77621000000.0,16714000000.0,4608000000.0,9851000000.0,59306000000.0,394000000.0,2576000000.0,41030914162.0,82913914162.0,23.77524893314367,0.4677697695665415,0.5618324937838987,2.609189900682063,0.010772841952483018,23.77524893314367,0.023513222448246978,14.914908819338422,26.101090433842238,2.454882982050975,1.0687022900763359,2.0786802030456855,0.010236184315605013,0.03544143981654449,0.32930666937366765,0.005063062830934928,-1783.9527896521738,0.7022900763358778,0.44444444444444453,0.06932143673861749,0.2818883672335548,-0.02230538626519503,0.22355921469284357,0.4343065693430657,0.45228215767634855,0.026587352903142396,0.3771293758456789,-0.05746882383466562,Oil & Gas Midstream,Energy,TRP
2016Q1,2016,Q1,2016-04-01,2016-03-31,274000000.0,2547000000.0,723000000.0,0.36,1579000000.0,0.6199450333725952,63958000000.0,16193000000.0,4137000000.0,7137000000.0,46122000000.0,356000000.0,2594000000.0,35901625663.8,69699625663.8,23.066951566951566,0.5796553173602353,0.547796991775853,2.163650960291484,0.01178310707710145,23.066951566951566,0.01692089174334589,14.095652007773852,32.75695772244526,2.2171077418514176,1.416058394160584,2.7191011235955056,0.010807310054241487,0.03982300884955752,0.3669609079445145,0.004284061415303793,252.82834974507045,0.6199450333725952,1.1037463976945245,-0.36494464699592905,0.12906249642763234,-0.0474630424343493,-0.16587427363972532,1.1125256673511295,-0.15930232558139534,-0.4022532460710336,0.13743908548526662,-0.08081120921895317,Oil & Gas Midstream,Energy,TRP
2015Q4,2015,Q4,2016-01-04,2015-12-31,-2435000000.0,2851000000.0,860000000.0,-3.47,1893000000.0,0.6639775517362329,64483000000.0,16438000000.0,3914000000.0,7306000000.0,46328000000.0,323000000.0,2769000000.0,32007864384.000004,66381864384.0,23.217514124293785,0.5357240624144539,0.5462525006590885,2.1428397615281662,0.013306992344650164,23.217514124293785,-0.14813237620148437,11.226890348649597,-3.2862283761806985,1.9471872724175692,-0.16057494866529773,2.9659442724458205,0.012215747833380973,0.04421320347998697,0.3063235696687654,-0.03776189073089031,-415.6865504415585,0.6639775517362329,-7.087719298245615,-9.482711465133457,0.3664227702567228,-0.031157717537092042,0.006379585326953748,-6.729411764705882,-0.07027027027027027,-8.577131885593221,0.3589849169580772,-0.03208873173513573,Oil & Gas Midstream,Energy,TRP
2015Q3,2015,Q3,2015-10-08,2015-09-30,425000000.0,2944000000.0,925000000.0,0.57,1881000000.0,0.6389266304347826,65728000000.0,19390000000.0,3800000000.0,6880000000.0,44503000000.0,309000000.0,5592000000.0,29634799583.2,62001799583.2,27.348377997179124,0.5523255813953488,0.5039252677702045,1.7082001031459515,0.011954863178247607,27.348377997179124,0.021918514698298093,10.066168336684783,17.432235048941177,1.5283548005776173,0.9223529411764706,3.440129449838188,0.013227691953828,0.044790652385589096,0.31976744186046513,0.006466041869522882,210.17588356879432,0.6389266304347826,-0.050000000000000044,0.060894094560618096,0.3496526243473662,0.13466500234114473,0.06572237960339944,-0.06387665198237885,0.05714285714285714,0.10628863010360427,0.3769476439860043,0.13468729331516496,Oil & Gas Midstream,Energy,TRP
2015Q2,2015,Q2,2015-07-10,2015-06-30,454000000.0,2631000000.0,875000000.0,0.6,1765000000.0,0.6708475864690232,62597000000.0,19245000000.0,3745000000.0,7223000000.0,41634000000.0,286000000.0,5559000000.0,36232463602.2,66608463602.2,27.143864598025388,0.5184826249480825,0.4946882438455517,1.609041309431021,0.011570794901429945,27.143864598025388,0.023590542998181346,13.771365869327251,19.951797137775326,1.8826949130787214,0.8634361233480177,3.027972027972028,0.010819026945112234,0.0420307682476796,0.2764779177627025,0.007252743741712862,-214.3932757526627,0.6708475864690232,0.09090909090909079,0.4955702708517607,0.32958023539559345,0.12690544155456093,0.0034110289937464467,0.1073170731707317,0.004592422502870264,0.5762178583053055,0.4465369314321325,0.1328045928632328,Oil & Gas Midstream,Energy,TRP
2015Q1,2015,Q1,2015-04-02,2015-03-31,410000000.0,2874000000.0,871000000.0,0.55,1759000000.0,0.6120389700765484,63816000000.0,19470000000.0,5109000000.0,8207000000.0,42607000000.0,280000000.0,5497000000.0,38185898275.2,68295898275.2,27.461212976022566,0.622517363226514,0.5003604111821487,1.640010272213662,0.011756356131951938,27.461212976022566,0.021058038007190548,13.286673025469728,23.28408431414634,1.9612685297996917,0.8853658536585366,3.982142857142857,0.009506127036318849,0.04503572771718691,0.3947849396856342,0.00642472107308512,-154.59877844210524,0.6120389700765484,-0.1538461538461538,0.30923952761989887,0.4223873544021155,0.17402418680988913,-0.015117581187010079,-0.15113871635610765,0.015151515151515152,0.11231858925447212,0.49331869017543023,0.14986581425800782,Oil & Gas Midstream,Energy,TRP
2014Q4,2014,Q4,2015-04-02,2014-12-31,483000000.0,2616000000.0,858000000.0,0.65,1786000000.0,0.6827217125382263,58947000000.0,19070000000.0,3540000000.0,7584000000.0,38294000000.0,292000000.0,5478000000.0,40556211619.00001,68451211619.00001,26.89703808180536,0.46677215189873417,0.4815172951973807,1.4884111169375984,0.012992392287405853,26.89703808180536,0.025327739905610908,15.503138998088687,20.991827960144928,2.126702234871526,0.7556935817805382,2.8424657534246576,0.008999854410193547,0.04437884879637641,0.2376054852320675,0.008193801211257571,-39.76099178333334,0.6827217125382263,0.015625000000000014,0.20757481330840466,0.14738749429367523,0.17084638137689415,0.07590361445783132,0.004158004158004158,-0.01718213058419244,0.23113766810127595,0.09909397336903247,0.0914695088610694,Oil & Gas Midstream,Energy,TRP
2014Q3,2014,Q3,2014-10-01,2014-09-30,481000000.0,2451000000.0,873000000.0,0.64,1660000000.0,0.6772745818033455,57156000000.0,19399000000.0,3355000000.0,6577000000.0,36222000000.0,267000000.0,5360000000.0,40427807908.8,66731807908.8,27.399717514124294,0.5101109928538847,0.47242634194135347,1.3919274189391206,0.012778537375308244,27.399717514124294,0.024795092530542812,16.49441367148103,21.012374172972972,2.0840150476210115,0.7567567567567568,2.9625468164794007,0.009003703609682171,0.0428826369934915,0.3019613805686483,0.008415564420183357,103.92752675784062,0.6772745818033455,0.08474576271186449,0.3410341439449766,0.04639576609718107,0.1948010262610388,0.10152621101526212,0.09070294784580499,0.24005681818181818,0.20303049708975524,0.01700404428169725,0.11154719905530486,Oil & Gas Midstream,Energy,TRP
2014Q2,2014,Q2,2014-07-18,2014-06-30,441000000.0,2234000000.0,704000000.0,0.59,1507000000.0,0.6745747538048343,54710000000.0,19104000000.0,2993000000.0,5597000000.0,34193000000.0,252000000.0,5244000000.0,35942305060.8,61077305060.8,26.983050847457626,0.5347507593353582,0.46978614512886124,1.3453726968174204,0.011642307100185828,26.983050847457626,0.023084170854271356,16.088766813249777,20.37545638367347,1.8814020655778896,0.8276643990929705,2.884920634920635,0.010155163932379018,0.04083348565161762,0.30212613900303736,0.008060683604459879,236.46253329473686,0.6745747538048343,0.017241379310344845,0.23782791752132143,-0.0743069334544556,0.12481954230834116,-0.1557422969187675,0.013793103448275862,-0.17852975495915985,0.19145153096568615,0.03362939645831528,0.1096070350252038,Oil & Gas Midstream,Energy,TRP
2014Q1,2014,Q1,2014-04-16,2014-03-31,435000000.0,2884000000.0,857000000.0,0.58,1785000000.0,0.6189320388349514,55494000000.0,19087000000.0,3464000000.0,5056000000.0,34933000000.0,236000000.0,5167000000.0,35563774560.0,61162774560.0,26.9590395480226,0.685126582278481,0.4747900673946733,1.3804159899407975,0.012990946670448575,26.9590395480226,0.022790380887515064,12.33140588072122,20.43895089655172,1.863245903494525,0.7931034482758621,4.656779661016949,0.009700882548840451,0.051969582297185284,0.44818037974683544,0.007838685263271705,176.93420179104479,0.6189320388349514,-0.0169491525423729,0.1368364964985284,0.05772681954137584,0.2750200077047499,0.13189600507292326,-0.009111617312072893,0.14266666666666666,-0.0003358223697206175,0.267617270050452,0.11325856975210168,Oil & Gas Midstream,Energy,TRP
2013Q4,2013,Q4,2013-12-31,2013-12-31,439000000.0,2332000000.0,750000000.0,0.59,1577000000.0,0.6762435677530018,53898000000.0,18525000000.0,3147000000.0,5358000000.0,33762000000.0,251000000.0,5096000000.0,34327306259.399994,59170306259.399994,26.202263083451204,0.5873460246360582,0.47812534787932764,1.391093117408907,0.011790558160574055,26.202263083451204,0.02369770580296896,14.720114176415091,19.548579874373573,1.8530259789149792,0.7835990888382688,3.00796812749004,0.010021176651628497,0.04326691157371331,0.3824188129899216,0.00814501465731567,-81.34432762890994,0.6762435677530018,-0.1323529411764707,0.3878802323328794,-0.12588712921976647,0.2554658540527868,0.024691358024691357,-0.12375249500998003,-0.0013315579227696406,0.5314897466526056,0.11925814430182521,0.09339269637406224,Oil & Gas Midstream,Energy,TRP
2013Q3,2013,Q3,2013-10-02,2013-09-30,501000000.0,2204000000.0,751000000.0,0.68,1539000000.0,0.6982758620689655,50829000000.0,17992000000.0,2432000000.0,4760000000.0,31066000000.0,238000000.0,5001000000.0,32134546607.800003,55242546607.8,25.44837340876945,0.5109243697478991,0.467311967577564,1.3201978657180968,0.0132689990331988,25.44837340876945,0.027845709204090706,14.580102816606171,16.03520289810379,1.7860463877167632,0.6906187624750499,2.7941176470588234,0.01076722831110415,0.043361073402978616,0.3273109243697479,0.009856577937791417,255.0360841888889,0.6982758620689655,0.30769230769230776,0.0576537401948215,-0.15150148367997604,0.2513861532894358,0.12335766423357664,0.3012987012987013,0.21915584415584416,0.2541447056653054,0.01326399163435097,0.0558351459241236,Oil & Gas Midstream,Energy,TRP
2013Q2,2013,Q2,2013-07-12,2013-06-30,385000000.0,2009000000.0,616000000.0,0.52,1370000000.0,0.6819313091090095,50883000000.0,17834000000.0,2765000000.0,6725000000.0,31237000000.0,224000000.0,4846000000.0,32353933091.2,55328933091.2,25.224893917963225,0.4111524163568773,0.4647721242851247,1.3260625770999215,0.011973474728778369,25.224893917963225,0.021587978019513288,16.10449631219512,21.00904746181818,1.8141714192665694,0.9116883116883117,2.8526785714285716,0.01084875829502995,0.03948273490163709,0.25650557620817843,0.007566377768606411,-120.72363093731343,0.6819313091090095,-0.1746031746031746,-0.06111300831668557,-0.21393945221889102,0.21916435736028564,-0.09211398277004638,-0.1648590021691974,-0.18840579710144928,0.2718576942440008,0.018123497217116327,0.04723740114947355,Oil & Gas Midstream,Energy,TRP
2013Q1,2013,Q1,2013-04-02,2013-03-31,461000000.0,2252000000.0,759000000.0,0.63,1509000000.0,0.6700710479573713,49034000000.0,17717000000.0,2451000000.0,5457000000.0,29873000000.0,231000000.0,4809000000.0,34722890184.00001,56694890184.00001,25.094900849858355,0.4491478834524464,0.4571317861075988,1.2651690466783316,0.01532947861841754,25.094900849858355,0.026020206581249646,15.418690134991122,18.8302007505423,1.9598628539820515,0.6832971800433839,3.2164502164502164,0.0090718254825789,0.04592731574009871,0.2701117830309694,0.009401639678590366,-155.70802773094175,0.6700710479573713,0.4651162790697675,-0.2123778090669117,-0.19076885120446765,0.34422096512829753,-0.18739903069466882,0.440625,0.19339622641509435,0.47835151787133406,0.11928591611543016,0.07285940315361039,Oil & Gas Midstream,Energy,TRP
2012Q4,2012,Q4,2013-01-09,2012-12-31,320000000.0,2089000000.0,636000000.0,0.43,1857000000.0,0.8889420775490665,48333000000.0,16911000000.0,2824000000.0,5881000000.0,29997000000.0,224000000.0,4687000000.0,32945927741.999996,54576927742.0,23.98723404255319,0.4801904438020745,0.45894109614549067,1.311690615575661,0.012149305238778576,23.98723404255319,0.018922594760806575,15.771147794159884,25.7390060484375,1.9481951240021287,1.015625,1.0357142857142858,0.009864648600733886,0.043220987730949866,0.2725726917190954,0.0066207353154159685,-2196.3951828,0.8889420775490665,-0.17307692307692313,-0.34845988512677756,-0.2568548895028273,0.3261580800359015,0.3574561403508772,-0.16230366492146597,-0.07692307692307693,-0.1954111459306908,-0.07855815538537708,0.04418063031864251,Oil & Gas Midstream,Energy,TRP
2012Q3,2012,Q3,2012-10-16,2012-09-30,382000000.0,2126000000.0,689000000.0,0.52,1368000000.0,0.6434619002822202,46941000000.0,16992000000.0,2554000000.0,4763000000.0,28530000000.0,214000000.0,4691000000.0,31477219995.0,52405219995.0,24.102127659574467,0.5362166701658618,0.45636011162949236,1.260710922787194,0.01352617523332233,24.102127659574467,0.02248116760828625,14.805841954374412,20.600274865837697,1.8524729281426553,0.8429319371727748,3.542056074766355,0.010229620025248357,0.045290897083573,0.287003989082511,0.00813787520504463,77.33960686732186,0.6434619002822202,0.3333333333333333,-0.10748876042993095,-0.2718909846148555,0.35578554906861143,0.267840593141798,0.3356643356643357,0.21731448763250882,0.06955288313290153,-0.08849288419223542,0.0510052466011533,Oil & Gas Midstream,Energy,TRP
2012Q2,2012,Q2,2012-07-17,2012-06-30,286000000.0,1806000000.0,566000000.0,0.39,1079000000.0,0.597452934662237,47531000000.0,16869000000.0,2793000000.0,5396000000.0,29201000000.0,235000000.0,4632000000.0,30482819840.000004,51876819840.0,23.961647727272727,0.5176056338028169,0.46041530790431506,1.2972908886122474,0.011478237063112559,23.961647727272727,0.01695417629972138,16.878637785160578,26.64582153846154,1.8070318240559609,1.132867132867133,3.0936170212765957,0.010628937929647914,0.03799625507563485,0.2761304670126019,0.006017125665355242,88.10063537572256,0.597452934662237,-0.21999999999999997,-0.15329442155757897,-0.3782333559136281,0.3750915956346745,-0.10382059800664452,-0.2185792349726776,-0.16886930983847284,-0.19267515923566877,-0.24740351327093216,-0.0011311255382335807,Oil & Gas Midstream,Energy,TRP
2012Q1,2012,Q1,2012-05-07,2012-03-31,366000000.0,1911000000.0,681000000.0,0.5,1204000000.0,0.63003663003663,46895000000.0,16813000000.0,2737000000.0,4717000000.0,28635000000.0,239000000.0,4670000000.0,30163020800.0,51149020800.0,23.882102272727273,0.5802416790332838,0.45168994562320075,1.2598584428715875,0.01356092037929519,23.882102272727273,0.02176886932730625,15.783893668236525,20.603156284153005,1.7940296675191814,0.8469945355191257,2.9581589958158996,0.010277485204664913,0.04075061307175605,0.2677549289802841,0.007804670007463483,145.01452307692307,0.63003663003663,-0.05660377358490571,-0.0042196039395315625,-0.3867516363193568,0.2974428435076199,-0.11923920994879297,-0.05912596401028278,-0.11328125,-0.038054572672836164,-0.29514538770053483,0.12949714582884028,Oil & Gas Midstream,Energy,TRP
2011Q4,2011,Q4,2012-01-17,2011-12-31,389000000.0,2360000000.0,768000000.0,0.53,1367000000.0,0.5792372881355933,48995000000.0,17324000000.0,3640000000.0,5880000000.0,30206000000.0,416000000.0,4651000000.0,31323220203.000004,52836220203.0,24.642958748221908,0.6190476190476191,0.4546994591284825,1.2859616716693605,0.015016200182642983,24.642958748221908,0.02245439852228123,13.272550933474578,20.130604243573266,1.808082440718079,0.7969151670951157,2.387019230769231,0.009896811310936336,0.04816818042657414,0.34523809523809523,0.007939585672007348,-223.73728716428573,0.5792372881355933,-0.03636363636363639,0.04721815055640092,-0.18448630213129177,0.6254705824462241,-0.09947299077733861,-0.020151133501259445,-0.10593713620488941,0.23680479408744656,-0.11035844472340103,0.18075271409529692,Oil & Gas Midstream,Energy,TRP
2011Q3,2011,Q3,2011-10-07,2011-09-30,397000000.0,2393000000.0,859000000.0,0.55,1518000000.0,0.6343501880484748,47744000000.0,17329000000.0,3008000000.0,5633000000.0,28919000000.0,428000000.0,4572000000.0,29526194731.000004,50790194731.0,24.650071123755335,0.5339960944434582,0.45785857908847183,1.2614692134572105,0.016732081020992436,24.650071123755335,0.022909573547232963,12.33856862975345,18.593321619017637,1.7038602764729645,0.7758186397984886,2.044392523364486,0.010431415318026948,0.05012148123324397,0.3172377063731582,0.008315180965147453,80.0167878888889,0.6343501880484748,0.10000000000000009,-0.05910286441001333,-0.1021627268505793,0.5889472609900506,0.14912944738834216,0.08174386920980926,0.13474240422721268,-0.15713042153490384,-0.07349816360364524,0.21213081820142854,Oil & Gas Midstream,Energy,TRP
2011Q2,2011,Q2,2011-07-19,2011-06-30,367000000.0,2143000000.0,757000000.0,0.5,1321000000.0,0.616425571628558,45887000000.0,17071000000.0,2754000000.0,4555000000.0,27400000000.0,427000000.0,4483000000.0,29492334144.000004,49786334144.0,24.317663817663817,0.6046103183315038,0.45245930219887986,1.216214633003339,0.014800655076800657,24.317663817663817,0.021498447659773885,13.76217178908073,20.090145874659402,1.7276277982543498,0.6130790190735694,1.9250585480093676,0.007629101138669101,0.04670168021443982,0.3589462129527991,0.007997907904199446,120.37687405714287,0.616425571628558,-0.1525423728813559,0.043729327654267104,-0.11666865009826624,0.59859316532957,-0.10983827493261455,-0.1445221445221445,-0.0955794504181601,-0.09863444390765577,-0.155537175301098,0.17531629973092203,Oil & Gas Midstream,Energy,TRP
2011Q1,2011,Q1,2011-04-27,2011-03-31,429000000.0,2243000000.0,837000000.0,0.59,1484000000.0,0.661613909942042,45991000000.0,16903000000.0,2834000000.0,5126000000.0,27939000000.0,402000000.0,4425000000.0,27279140443.8,48033140443.8,24.216332378223495,0.5528677331252438,0.4637863929899328,1.2619061705022776,0.015831755025531226,24.216332378223495,0.025380110039637933,12.1618994399465,15.89693499055944,1.613863837413477,0.5291375291375291,1.8880597014925373,0.008321376564912717,0.04877041160227001,0.3570035115099493,0.00932791198277924,121.24062419466667,0.661613909942042,0.47499999999999987,0.09634741258001855,-0.17303870266135754,0.6108563824156452,-0.273972602739726,0.5159010600706714,0.5586592178770949,-0.25864949295269357,-0.18476511198937104,0.29716000378248003,Oil & Gas Midstream,Energy,TRP
2010Q4,2010,Q4,2010-12-31,2010-12-31,283000000.0,2057000000.0,537000000.0,0.4,2044000000.0,0.9936801166747691,46589000000.0,16727000000.0,3237000000.0,5661000000.0,28705000000.0,425000000.0,4304000000.0,26541299232.000004,47642299232.0,23.964183381088827,0.5718071012188659,0.4693167915173109,1.307168051653016,0.01072457832787283,23.964183381088827,0.01691875411012136,12.902916495867771,23.446377413427562,1.586733976923537,0.6607773851590106,0.03058823529411765,0.00704562344011178,0.04415205305973513,0.35947712418300654,0.0060743952435124175,-41.66608984615385,0.9936801166747691,-0.25925925925925924,-0.4353533437155978,-0.19418794174997542,0.621006286142777,1.0217606330365974,-0.27621483375959077,-0.21605839416058395,-0.41801564282355397,-0.2609000535851305,0.32488370130190874,Oil & Gas Midstream,Energy,TRP
2010Q3,2010,Q3,2010-10-21,2010-09-30,391000000.0,2129000000.0,685000000.0,0.54,1011000000.0,0.474870831376233,46618000000.0,16679000000.0,3441000000.0,4583000000.0,29152000000.0,452000000.0,4315000000.0,26202835763.2,47013835763.2,24.102601156069365,0.750818241326642,0.469882877858338,1.313328137178488,0.013808256732785035,24.102601156069365,0.023442652437196475,12.307579033912635,16.753731306393863,1.5710076001678757,0.47058823529411764,2.4734513274336285,0.007022140720296189,0.04566905487150886,0.4837442723107135,0.008387318203269123,-51.78426040158103,0.474870831376233,0.3170731707317075,-0.3565906876420763,0.004081674482351186,0.6777680532615984,0.07211028632025451,0.3254237288135593,0.1378737541528239,-0.06929914904939256,-0.2571658994221993,0.35581218404932285,Oil & Gas Midstream,Energy,TRP
2010Q2,2010,Q2,2010-07-21,2010-06-30,295000000.0,1923000000.0,602000000.0,0.41,943000000.0,0.4903796151846074,46028000000.0,16596000000.0,3470000000.0,4875000000.0,28635000000.0,454000000.0,4215000000.0,24397991247.5,44689991247.5,24.08708272859216,0.7117948717948718,0.4671721560789085,1.2956736563027236,0.013112298092500538,24.08708272859216,0.01777536755844782,12.687462947217888,20.6762637690678,1.470112752922391,0.7559322033898305,2.158590308370044,0.00914009672918668,0.04177891718084644,0.47425641025641024,0.006409142261232293,-66.4795401839237,0.4903796151846074,-0.046511627906976785,0.03982392191851872,-0.06049876350711197,0.7365103491187338,-0.009453781512605041,-0.026402640264026403,-0.011494252873563218,-0.10763641168957751,-0.3235395732729496,0.38228995770375956,Oil & Gas Midstream,Energy,TRP
2010Q1,2010,Q1,2010-04-15,2010-03-31,303000000.0,1955000000.0,609000000.0,0.43,952000000.0,0.48695652173913045,44421000000.0,16046000000.0,2910000000.0,5853000000.0,27219000000.0,463000000.0,4207000000.0,25485420536.8,44985420536.8,23.39067055393586,0.4971809328549462,0.4555503027847189,1.2611242677302754,0.012887933410506588,23.39067055393586,0.018883210769039014,13.036020734936061,21.02757470033003,1.5882725001121776,0.7095709570957096,2.166306695464363,0.008436195890491506,0.0440107156525067,0.2815650093968905,0.006821098129263186,-57.3995958036036,0.48695652173913045,-0.23214285714285723,-0.07691097921970567,0.05980875585677422,0.702475933844298,-0.0205761316872428,-0.21705426356589147,-0.07446808510638298,-0.15399358025278947,-0.3561702862658394,0.27074483512723135,Oil & Gas Midstream,Energy,TRP
2009Q4,2009,Q4,2010-01-20,2009-12-31,387000000.0,2206000000.0,658000000.0,0.56,972000000.0,0.44061650045330913,43841000000.0,15759000000.0,3175000000.0,4949000000.0,26908000000.0,511000000.0,4186000000.0,24808582204.0,44163582204.0,22.972303206997086,0.6415437462113558,0.4642229876143336,1.2914525033314297,0.015672853748494912,22.972303206997086,0.024557395773843516,11.245957481414324,16.026215894056843,1.5742485058696616,0.5607235142118863,2.4148727984344425,0.008746973052132425,0.05031819529664013,0.3966457870276824,0.00882735339066171,-23.056303163568774,0.44061650045330913,0.1200000000000001,0.47757510587293495,0.11944099346408037,0.6979000196459977,-0.03090727816550349,0.12173913043478261,-0.010526315789473684,0.06765203916195749,-0.2188112603761956,0.5152727176765295,Oil & Gas Midstream,Energy,TRP
2009Q3,2009,Q3,2009-11-04,2009-09-30,345000000.0,2253000000.0,665000000.0,0.5,1003000000.0,0.44518419884598315,44156000000.0,15617000000.0,4236000000.0,4929000000.0,27512000000.0,491000000.0,0.0,22905214219.8,41382214219.8,22.932452276064613,0.859403530127815,0.47293686022284626,1.3371966446820773,0.014115068493150685,22.932452276064613,0.022091310751104567,10.166539822370172,16.59798131869565,1.4666846526093358,0.6115942028985507,2.545824847250509,0.009211876299222946,0.05102364344596431,0.657334144856969,0.007813207718090407,-28.070115465441177,0.44518419884598315,0.0,0.003993190844717851,0.3099519470962634,0.6994603859243489,0.003,0.09872611464968153,0.0,-0.1559290612770616,-0.12738165856167102,0.4782292938993626,Oil & Gas Midstream,Energy,TRP
2009Q2,2009,Q2,2009-07-17,2009-06-30,314000000.0,2127000000.0,665000000.0,0.5,1000000000.0,0.4701457451810061,44273000000.0,14969000000.0,5717000000.0,4627000000.0,28151000000.0,488000000.0,0.0,19513797264.0,37437797264.0,23.98878205128205,1.2355738059217636,0.48350010164208435,1.4300220455608257,0.01409939700447384,23.98878205128205,0.02097668514930857,9.174328755994358,15.536462789808917,1.3036139531030797,0.6910828025477707,2.3094262295081966,0.011120336911582663,0.04804282519820206,0.9446725740220445,0.007092358773970592,-76.2257705625,0.4701457451810061,-0.07407407407407414,-0.3727089828049425,0.31404511374507305,0.8035487253647066,-0.10152740341419586,-0.059880239520958084,-0.13860103626943004,0.004625027231253074,-0.013671720067143601,0.5769731549584456,Oil & Gas Midstream,Energy,TRP
2009Q1,2009,Q1,2009-05-01,2009-03-31,334000000.0,2380000000.0,772000000.0,0.54,1113000000.0,0.4676470588235294,43351000000.0,13067000000.0,4592000000.0,3951000000.0,29059000000.0,481000000.0,0.0,18445013400.0,38478013400.0,21.144012944983817,1.1622374082510756,0.5135983022306291,1.7039106145251397,0.016623930177485785,21.144012944983817,0.025560572434376674,7.750005630252101,13.806147754491016,1.4115721588734982,0.5479041916167665,2.634095634095634,0.009921380702276963,0.05490069433231067,0.835737787901797,0.007704551221425111,-66.11115913978495,0.4676470588235294,0.20000000000000004,0.22196824720572933,0.5099068737508533,0.6534060024270582,0.0,0.2079942731812573,-0.5513266243025235,-0.035939435468935445,-0.00894030216203274,0.40648747590426143,Oil & Gas Midstream,Energy,TRP
2008Q4,2008,Q4,2009-02-03,2008-12-31,276491377.0,2332008303.0,1720628060.0,0.45,0.0,0.0,39414000000.0,12898000000.0,3600000000.0,4930000000.0,25322000000.0,489000000.0,3827000000.0,20393707068.0,39230707068.0,20.870550161812297,0.7302231237322515,0.5111128025574669,1.5618700573732363,0.042183364932272524,20.870550161812297,0.021436763606760736,8.74512626810317,18.43973154721567,1.581152664599163,1.114551699020979,0.0,0.015110736511634196,0.05916700418632973,0.5249492900608519,0.007015054980463795,-28.332317444795592,0.0,-0.3283582089552239,0.11640036202642373,0.3828279693319883,0.6565046596542313,0.0,-0.29033879974299454,1.3123862673357989,-0.3769270975726154,0.031802343978655764,0.41174403773982216,Oil & Gas Midstream,Energy,TRP
2008Q3,2008,Q3,2008-10-28,2008-09-30,389610390.0,2136470087.0,744091973.0,0.67,0.0,0.0,35271449862.0,11825633383.0,2729401746.0,3556525442.0,22740046839.0,514157973.0,3770491803.0,22352177778.583275,39356648718.583275,20.336147512800103,0.7674348997388671,0.5034103941706574,1.501485282261942,0.018904116305195257,20.336147512800103,0.0329462598223353,10.462200203312875,14.342647393581618,1.890146350276321,0.1455077930544922,0.0,0.002536278503221229,0.060572221878005206,0.5363663573083474,0.01104605542228504,1193.9975061816483,0.0,0.1551724137931036,0.2997520777671828,0.2732315923277976,0.6275613435026691,0.0,0.2038715997277679,0.16983163777842314,-0.2370580729749915,0.19905902702741154,0.41558740496353475,Oil & Gas Midstream,Energy,TRP
2008Q2,2008,Q2,2008-07-31,2008-06-30,323631183.0,2017097496.0,636067575.0,0.58,0.0,0.0,32854671280.0,11544880928.0,4053531447.0,3940565846.0,21309790352.0,548544677.0,0.0,22050588881.396282,33706399994.396282,20.69031444831585,1.0286673552517005,0.414397670607283,1.1793018335927181,0.01818868348488346,20.69031444831585,0.028032440093434977,10.931840887772477,17.03373318123387,1.909988419881976,0.6906887677755082,0.0,0.010137072719567469,0.061394542006204485,0.7877066115138835,0.009850385664853927,-361.629762961486,0.0,-0.29939844901311824,0.37714554492939467,0.32595382263039024,0.6889818568319092,0.0,-0.27843607044654417,-0.3415108735363586,0.4085913080763203,0.21686336661728084,0.49162709203354443,Oil & Gas Midstream,Energy,TRP
2008Q1,2008,Q1,2008-04-01,2008-03-31,448513527.0,2132496657.0,965950005.0,0.82786,0.0,0.0,30872338237.0,10099783973.0,2374241333.0,3301100710.0,20153276412.0,503034667.0,3473922436.0,21372101669.0,35981709734.0,18.668731927911274,0.7192271734720871,0.49391889639007003,1.5097779587923865,0.024397573817657957,18.668731927911274,0.04440822974026199,10.022103246373343,11.912740855305351,2.116094930954421,0.288990826802867,0.0,0.006064742579247928,0.069074672628594,0.4855095044949416,0.014528006384124924,45.66114299505348,0.0,0.1997971014492755,0.782469668768848,0.41714623450073485,0.0,0.0,0.1900318346069823,0.4755408269542384,0.7326201200403254,0.46587166840018307,0.35879246169416,Oil & Gas Midstream,Energy,TRP
2007Q4,2007,Q4,2008-04-01,2007-12-31,376892041.0,2157113334.0,654641327.0,0.69,0.0,0.0,30329724899.0,9785480187.0,2305094846.0,3035058099.0,19934452279.0,496573642.0,3219783494.0,22089986488.000004,36818360706.0,18.08776374676525,0.7594895289679923,0.502210288478489,1.556581751730034,0.020131826167190153,18.08776374676525,0.03851543652407581,10.240531241368704,14.652728158831035,2.2574248852239793,0.06768924844449023,0.0,0.00115489156201425,0.07112208703452902,0.533704188573426,0.012426490588196086,217.31818946980087,0.0,0.1500383346111537,0.7110296742950284,0.43091264259956097,0.27517406385051346,0.0,0.16339405147918415,-0.06024883467696705,0.8246619572564141,0.38801932406536715,0.33688007442068846,Oil & Gas Midstream,Energy,TRP
2007Q3,2007,Q3,2007-10-30,2007-09-30,323959058.0,2210076518.0,696611349.0,0.59998,0.0,0.0,29830070555.0,9486236709.0,1926860777.0,3753353871.0,19735665309.0,426314220.0,3025936599.0,19589193261.101097,34324361700.101097,17.777241892076507,0.5133703997077764,0.5025318142429717,1.580243033655044,0.020125776634873225,17.777241892076507,0.034150429505163636,8.863581464965865,15.11702850819894,2.065012065587188,0.5642105058843577,0.0,0.009330711150977024,0.07408888000868491,0.3365104579556975,0.010860150578681727,41.77986300320174,0.0,0.24873561304555944,0.5392139005303459,0.5426880032483126,0.0,0.0,0.2596920394744056,0.11671427557580652,0.20314878323665742,0.6399062446890313,0.3174220533803029,Oil & Gas Midstream,Energy,TRP
2007Q2,2007,Q2,2007-07-27,2007-06-30,257173220.0,2211477152.0,623804463.0,0.48047,0.0,0.0,30321997874.0,9340063762.0,1975557917.0,3399574920.0,20335812965.0,466524973.0,2891604676.0,19633382520.0,34540927685.0,17.425492093283584,0.5811190997373283,0.5028563418004282,1.6324951644371868,0.017693630171434577,17.425492093283584,0.027534418024672155,8.87794951995959,19.085757179538366,2.1020608659951883,0.7087243804001054,0.0,0.009283419747683907,0.07293309501536047,0.3891841201134641,0.008481407493947376,64.83882594916894,0.0,-0.07642773388693455,0.058353962755976804,0.41307125469122585,0.0,0.0,-0.030345145374052432,-0.04254295487180221,-0.4018846297180337,0.5905416371462059,0.3101008624160126,Oil & Gas Midstream,Energy,TRP
2007Q1,2007,Q1,2007-04-30,2007-03-31,265221402.0,2248616236.0,651522140.0,0.52023,0.0,0.0,31102398524.0,9350784133.0,2079105166.0,4010608856.0,21034363468.0,478551661.0,2811346863.0,19514872832.000004,35136413422.0,18.40705537992126,0.5184013801020739,0.5135325522780894,1.708102108745365,0.017202259893907935,18.40705537992126,0.028363546653162805,8.67861421596531,18.394888840833442,2.086977151266893,0.586956523214518,0.0,0.007977168662084776,0.07229719708802738,0.37032777474124245,0.008527361701553124,62.44759306240001,0.0,-0.01843396226415105,0.24043960434099482,0.6966876946538181,0.0,0.0,-0.011929942202081642,-0.4591427051693159,0.18044778988314292,0.7354548126608363,0.43938314507082693,Oil & Gas Midstream,Energy,TRP
