Quarters,Year,Quarter,FillingDate,Date,NetIncome,Revenue,OperatingIncome,EPSDiluted,GrossProfit,GrossProfitRatio,TotalAssets,CommonStockEquity,CurrentAssets,CurrentLiability,TotalLiability,Inventory,RetainedEarnings,MarketCap,EnterpriseValue,bookValuePerShare,currentRatio,debtToAssets,debtToEquity,roic,shareholdersEquityPerShare,roe,priceToSalesRatio,peRatio,pbRatio,payoutRatio,inventoryTurnover,dividendYield,assetTurnover,quickRatio,returnOnAssets,priceToFreeCashFlowsRatio,grossProfitMargin,epsdilutedGrowth,fiveYNetIncomeGrowthPerShare,fiveYRevenueGrowthPerShare,fiveYShareholdersEquityGrowthPerShare,grossProfitGrowth,netIncomeGrowth,operatingIncomeGrowth,threeYNetIncomeGrowthPerShare,threeYRevenueGrowthPerShare,threeYShareholdersEquityGrowthPerShare,Industry,Sector,Symbol
2023Q1,2023,Q1,2023-05-05,2023-03-31,4214000.0,4677000.0,2675000.0,1.16,0.0,0.0,127770000.0,118018000.0,95112000.0,6074000.0,9752000.0,9940000.0,129150000.0,344573579.61,345229579.61,32.459151025621495,15.65887388870596,0.0025671127807779604,0.0027792370655323763,0.021549988412526234,32.459151025621495,0.035706417665101936,73.67406021167416,20.442191481371616,2.9196697080953746,0.2539155196962506,0.470523138832998,0.003105287414116492,0.03660483681615403,13.94962133684557,0.03298113798231197,50.141673400756694,0.0,-0.07200000000000006,0.06135538621656007,-0.5572474522144403,0.4710186858502433,-1.0,-0.07486278814489572,-0.19379144062688367,0.37485157366810673,-0.5605068362087237,0.2809482981271242,Medical Instruments & Supplies,Healthcare,UTMD
2022Q4,2022,Q4,2023-03-27,2022-12-31,4555000.0,13575000.0,3318000.0,1.25,8328000.0,0.613480663,123874000.0,114255000.0,89919000.0,5753000.0,9619000.0,8814000.0,126006000.0,364722840.0,290011840.0,31.4925578831312,15.629932209282114,0.002752797197151945,0.0029845520983764386,0.023518813780430227,31.4925578831312,0.03986696424664128,26.867244198895026,20.01771899012075,3.1921827491138246,0.23073545554335895,0.5953029271613343,0.002881640206574395,0.10958716114761774,14.008343472970624,0.03677123528746953,64.64424672102092,0.6134806629834254,0.05932203389830514,2.8654732964029,0.37449393635014483,0.5105934564557622,0.017346689469826534,0.06425233644859812,-0.022968197879858657,0.07333398657780268,0.1782897772581273,0.16061413593687798,Medical Instruments & Supplies,Healthcare,UTMD
2022Q3,2022,Q3,2022-11-10,2022-09-30,4280000.0,12955000.0,3396000.0,1.18,8186000.0,0.6318795832,118413000.0,108186000.0,84242000.0,6269000.0,10227000.0,8310000.0,122522000.0,309248750.0,240091750.0,29.84441379310345,13.437868878609029,0.0029895366218236174,0.003272142421385392,0.02500043576970723,29.84441379310345,0.03956149594217366,23.870995754534928,18.063595210280376,2.8584913944502985,0.2457943925233645,0.5738868832731648,0.003401792246532929,0.1094052173325564,12.050566278513319,0.03614468006046633,58.70325550493546,0.6318795831725202,0.053571428571428416,0.21846194481996983,0.3193469948403576,0.37387660089021474,0.004293951662372715,0.04313916646356324,0.03505028954587016,0.1914124204942063,0.06940566981116454,0.17467582526644584,Medical Instruments & Supplies,Healthcare,UTMD
2022Q2,2022,Q2,2022-08-12,2022-06-30,4103000.0,13428000.0,3281000.0,1.12,8151000.0,0.6070151921,116149000.0,107471000.0,78953000.0,4439000.0,8678000.0,7338000.0,119293000.0,312933700.0,247077700.0,29.500686247598132,17.78621311106105,0.003168344109721134,0.0034241795461101136,0.02392944209698681,29.500686247598132,0.03817774097198314,23.304565087876078,19.067371435534977,2.9117966707297787,0.25834755057275166,0.7191332788225675,0.0033872989709960925,0.11561012148188964,16.031088082901555,0.03532531489724406,67.88149674620391,0.6070151921358355,0.16666666666666682,0.08608443484052444,0.27026992723227933,0.425111924720725,0.08203902827558741,0.1610073571024335,-0.2744360902255639,0.19308210480412244,0.16189675916414548,0.1730003356761506,Medical Instruments & Supplies,Healthcare,UTMD
2022Q1,2022,Q1,2022-05-11,2022-03-31,3534000.0,12323000.0,4522000.0,0.96,7533000.0,0.6112959507,119803000.0,109168000.0,79480000.0,6098000.0,10635000.0,7367000.0,117788000.0,328438300.0,262947300.0,29.86812585499316,13.033781567727123,0.0031885678989674714,0.003499193902975231,0.03209037350723493,29.86812585499316,0.03237212369925253,26.652462874300088,23.23417515563101,3.008558368752748,0.0,0.6501968236731369,0.0,0.10286052936904752,11.740406690718268,0.029498426583641477,68.2965897275941,0.6112959506613649,-0.15044247787610615,0.019931134131017506,0.225823601924919,0.5358201102557048,-0.07149020091211636,-0.1447241045498548,-0.1271955220999807,0.15106515053327169,0.17397935715731563,0.21089610901169753,Medical Instruments & Supplies,Healthcare,UTMD
2021Q4,2021,Q4,2022-03-25,2021-12-31,4132000.0,12914000.0,5181000.0,1.13,8113000.0,0.6282329255,115636000.0,107138000.0,73158000.0,3745000.0,8498000.0,6596000.0,115314000.0,365500000.0,304922000.0,29.312722298221615,19.534846461949265,0.0034245390708775815,0.003696167559596035,0.03828407301028444,29.312722298221615,0.038567081707704086,28.302617314542356,22.11398838334947,3.4114879874554314,2.020571151984511,0.727865372953305,0.02284268125854993,0.11167802414473002,17.661949265687582,0.035732816769864055,77.20743557245459,0.6282329255072014,-0.01722807875047089,0.559318749707345,0.49583469907640637,0.5864471680824785,0.004954787563483215,-0.01759391345696624,0.016280894468418988,0.23936360326624004,0.3471354822371753,0.2252221865283331,Medical Instruments & Supplies,Healthcare,UTMD
2021Q3,2021,Q3,2021-11-12,2021-09-30,4206000.0,12572000.0,5098000.0,1.149809,8073000.0,0.642141266306077,119752000.0,109980000.0,75846000.0,5015000.0,9772000.0,6299000.0,118492000.0,339552180.44,275574180.44,30.070615911725053,15.12382851445663,0.002864252789097468,0.0031187488634297146,0.0375714326250646,30.070615911725053,0.03824331696672122,27.00860487114222,20.18260701616738,3.087399349336243,0.24702805515929624,0.7142403556120019,0.0030599126138834932,0.10498363284120515,13.793419740777667,0.03512258667913688,57.41497809266148,0.642141266306077,0.22711739594450375,0.4800516904530074,0.3448313195329508,0.5630120396237714,0.03699421965317919,0.2276707530647986,0.06988457502623295,-0.3651360015919067,0.23502407283707719,0.2636760725250151,Medical Instruments & Supplies,Healthcare,UTMD
2021Q2,2021,Q2,2021-08-06,2021-06-30,3426000.0,12604000.0,4765000.0,0.937,7785000.0,0.6176610599809584,116794000.0,107365000.0,70587000.0,4431000.0,9429000.0,6118000.0,115326000.0,310936004.0,251752004.0,29.363983207296894,15.93026404874746,0.0027569909413154787,0.0029991151678852514,0.03132513856430214,29.363983207296894,0.031909840264518236,24.66962900666455,22.689434033858728,2.8960648628510226,0.30326911850554583,0.7876757110166721,0.003341523614614922,0.10791650256006302,14.46896863010607,0.029333698648903197,69.40535803571429,0.6176610599809584,0.13301088270858538,0.08046825756061592,0.23492880473049843,0.5526705532920845,0.12062760903987332,0.13293650793650794,0.22556584362139917,-0.18849882752534203,0.17294391380807794,0.3142321602939553,Medical Instruments & Supplies,Healthcare,UTMD
2021Q1,2021,Q1,2021-05-11,2021-03-31,3024000.0,10964000.0,3888000.0,0.827,6947000.0,0.6336191171105436,114388000.0,104883000.0,66616000.0,4567000.0,9505000.0,5975000.0,112937000.0,316660694.0,260956694.0,28.683281417933102,14.586380556163784,0.0028761758226387383,0.003136828656693649,0.028578866748226777,28.683281417933102,0.028832127227482053,28.881858263407516,26.178959490740738,3.019180362880543,0.34325396825396826,0.6723012552301255,0.0032779565625533557,0.0958492149526174,13.179329975914166,0.02643633947616883,57.334907477820025,0.6336191171105436,-0.1145610278372592,-0.035209489634558035,0.09242577105434144,0.5022307757783802,-0.04377150722642808,-0.11371629542790153,-0.09158878504672897,-0.2426739240626567,0.03204243007634267,0.2998997695280225,Medical Instruments & Supplies,Healthcare,UTMD
2020Q4,2020,Q4,2021-03-26,2020-12-31,3412000.0,12010000.0,4280000.0,0.934,7265000.0,0.6049125728559533,111745000.0,102822000.0,62262000.0,3791000.0,8923000.0,6222000.0,110952000.0,307104900.0,255849900.0,28.22454021410925,16.423634924821947,0.002997896997628529,0.003258057614129272,0.03291489910374959,28.22454021410925,0.03318355993853456,25.57076602830974,22.50182444314185,2.9867625605415182,0.298651817116061,0.7626165220186435,0.0033180844721136,0.10747684460154817,14.69111052492746,0.03053380464450311,53.652148846960166,0.6049125728559533,0.1631382316313823,0.09962724125045003,0.29666664976472196,0.527280818452654,0.11820840387871326,0.16331401295601772,0.19319765821020352,2.3916107821307,0.21102777703703182,0.3538374976439612,Medical Instruments & Supplies,Healthcare,UTMD
2020Q3,2020,Q3,2020-11-06,2020-09-30,2933000.0,10479000.0,3587000.0,0.803,6497000.0,0.6200019085790629,107072000.0,98415000.0,57260000.0,3627000.0,8657000.0,6304000.0,108578000.0,290726800.0,244778800.0,27.037087912087912,15.787151916184174,0.0032314704124327557,0.0035157242290301273,0.029586028766427113,27.037087912087912,0.029802367525275618,27.7437541750167,24.780668257756563,2.9540903317583704,0.3477667916808728,0.6316624365482234,0.0035084484815297383,0.09786872384937238,13.942928039702233,0.027392782426778242,59.17500508854061,0.6200019085790629,0.9119047619047621,-0.003993599000277673,0.09027881540782001,0.4897940558008258,0.31252525252525254,1.2338156892612338,0.8143651997976732,-0.16845282780444293,0.06279152478632474,0.24464238755505374,Medical Instruments & Supplies,Healthcare,UTMD
2020Q2,2020,Q2,2020-08-07,2020-06-30,1313000.0,8787000.0,1977000.0,0.42,4950000.0,0.5633321952884943,103545000.0,95287000.0,53117000.0,3243000.0,8258000.0,6580000.0,106881000.0,324307016.88,282311016.88,26.038085827555715,16.378970089423373,0.0034381186923559807,0.003736081522138382,0.013677225804435462,26.038085827555715,0.013779424265639594,36.9075926800956,61.74924159939071,3.403475992317945,0.7882711348057883,0.5831306990881459,0.0031914203089320465,0.08486165435317977,14.228800493370336,0.012680477087256748,94.82661312280702,0.5633321952884943,-0.501779359430605,-0.538294784794459,-0.13280268595697084,0.4337690420200272,-0.2758923346986542,-0.5818471337579618,-0.48822158943826044,-0.6540117338850924,-0.17251547256847166,0.25784147183262646,Medical Instruments & Supplies,Healthcare,UTMD
2020Q1,2020,Q1,2020-05-08,2020-03-31,3140000.0,10902000.0,3863000.0,0.843,6836000.0,0.6270409099247845,103194000.0,94386000.0,51223000.0,3801000.0,8808000.0,6757000.0,106582000.0,350316687.59999996,311069687.59999996,25.339938444884975,13.476190476190476,0.003546717832432118,0.003877693725764414,0.03197691014547881,25.339938444884975,0.03326764562541055,32.13324964226747,27.89145601910828,3.7115322992816733,0.33184713375796177,0.6017463371318632,0.0029744515088295786,0.1056456770742485,11.58195211786372,0.030428125666220905,67.11047655172413,0.6270409099247845,-0.27671024137114464,0.19405099695496253,0.08048675307368895,0.4994229142426712,-0.12515996928589712,-0.2794860027535567,-0.17421975203078238,-0.11075934997819517,0.0641505249477191,0.3029805500765969,Medical Instruments & Supplies,Healthcare,UTMD
2019Q4,2019,Q4,2020-03-16,2019-12-31,4358000.0,11831000.0,4678000.0,1.165508,7814000.0,0.660468261347308,109787000.0,101093000.0,54886000.0,3448000.0,8694000.0,6913000.0,110820000.0,401996663.90000004,359585663.90000004,27.134391102094916,15.918213457076567,0.0034248135025094044,0.0037193475314809136,0.04228433231135653,27.134391102094916,0.04310882059094102,33.97824899839405,23.06084579508949,3.9765034562234773,0.23611748508490132,0.5810791262838131,0.00255972273505228,0.10776321422390629,13.784512761020881,0.03969504586153188,75.09745262469644,0.660468261347308,0.17609283551967708,0.4695119714075152,0.16842660928171768,0.584132955864425,0.058951077381759046,0.17624831309041836,0.07023564401738733,0.613422804532624,0.34440665212560795,0.46855271522060354,Medical Instruments & Supplies,Healthcare,UTMD
2019Q3,2019,Q3,2019-11-07,2019-09-30,3705000.0,12494000.0,4371000.0,0.991,7379000.0,0.5906034896750441,104094000.0,94986000.0,49513000.0,3686000.0,9108000.0,6711000.0,107439000.0,358312024.32,321304024.32,25.40651058885458,13.432718393922952,0.003698580129498338,0.004053228896890068,0.03803083784282578,25.40651058885458,0.0390057482155265,28.67872773491276,24.177599481781378,3.7722614313688334,0.27746288798920377,0.7621814930710773,0.0028690078206304276,0.12002613022844737,11.519262072707543,0.035592829557899594,57.329923891199996,0.5906034896750441,0.05005843665265533,0.32133339047508214,0.17330110011100194,0.4885279028655865,-0.016133333333333333,0.05106382978723404,-0.024548091943762552,0.2754182927635198,0.3074399718668159,0.320580930293638,Medical Instruments & Supplies,Healthcare,UTMD
2019Q2,2019,Q2,2019-08-09,2019-06-30,3525000.0,11846000.0,4481000.0,0.943757,7500000.0,0.6331251055208509,103361000.0,93912000.0,46225000.0,3821000.0,9449000.0,7712000.0,104681000.0,340364126.5,307879126.5,25.14976795006039,12.097618424496206,0.003821557453972001,0.004206065252576881,0.036537104932118536,25.14976795006039,0.03753513927932533,28.732409800776633,24.139299751773052,3.624287913152739,0.2916312056737589,0.5635373443983402,0.003020294795961701,0.11460802430317044,9.975137398586757,0.034103772215826084,217.48506485623003,0.6331251055208509,0.12384936540939365,0.25699068514240525,0.14111029943699416,0.4608346480247839,0.10733795954525321,0.12296909843899331,0.09266032674957328,0.08854009236687455,0.13649075849302175,0.32983675418000247,Medical Instruments & Supplies,Healthcare,UTMD
2019Q1,2019,Q1,2019-05-09,2019-03-31,3139000.0,10732000.0,4101000.0,0.839754,6773000.0,0.6311032426388371,105051000.0,92175000.0,45668000.0,7043000.0,12876000.0,7648000.0,102235000.0,330417140.1,298157140.1,24.66613414041834,6.4841686781201195,0.003855270297284176,0.004393816110659072,0.03346437117841217,24.66613414041834,0.034054787089774885,30.788030199403654,26.315477867155145,3.5846719837266074,0.3271742593182542,0.5176516736401674,0.0031081922677775762,0.10215990328507106,5.3349424960954135,0.02988072460043217,-18.71839678789939,0.6311032426388371,-0.07209502762430942,0.1682893304123362,0.1063866417479774,0.4837045339011998,0.1092368162463151,-0.07486000589448866,-0.03912839737582006,-0.02004358124383208,0.04632784732144089,0.2918405424160264,Medical Instruments & Supplies,Healthcare,UTMD
2018Q4,2018,Q4,2019-03-14,2018-12-31,3393000.0,9756000.0,4268000.0,0.905,6106000.0,0.6258712587125871,99768000.0,88992000.0,60903000.0,5260000.0,10776000.0,5412000.0,100123000.0,309033922.2,257921922.2,23.924413563942398,11.57851711026616,0.0,0.0,0.036874265281233665,23.924413563942398,0.038127022653721684,31.67629378843788,22.76996184792219,3.4726034048004317,0.29708222811671087,0.6744271988174427,0.0032617778424584875,0.09778686552802501,10.469201520912547,0.03400890064950685,71.27166102398523,0.6258712587125871,-0.49722222222222223,-0.0052709495030655645,-0.016451184485788282,0.49353209561138084,-0.02986971719097553,-0.4982253771073647,-0.03044070876874148,0.07095157162138628,0.03158882859955708,0.2945932033525911,Medical Instruments & Supplies,Healthcare,UTMD
2018Q3,2018,Q3,2018-11-07,2018-09-30,6762000.0,10390000.0,4402000.0,1.8,6294000.0,0.6057747834456207,99152000.0,88831000.0,59055000.0,4770000.0,10321000.0,4920000.0,97758000.0,355866890.0,306514890.0,23.79614251272435,12.380503144654089,0.0,0.0,0.07478004283719811,23.79614251272435,0.0761220745010188,34.250903753609236,13.15686520260278,4.006111492609562,0.14892043774031352,0.832520325203252,0.0028297097265778228,0.1047886073906729,11.284696016771488,0.0681983217685977,78.2125032967033,0.6057747834456207,0.565217391304348,1.663840535437038,0.04897021681703476,0.5763540411002064,-0.09879725085910653,0.5696378830083565,-0.1293512658227848,1.2390749264294163,0.054087527476664246,0.31121190942299115,Medical Instruments & Supplies,Healthcare,UTMD
2018Q2,2018,Q2,2018-08-09,2018-06-30,4308000.0,10965000.0,5056000.0,1.15,6984000.0,0.6369357045143639,97044000.0,83362000.0,55996000.0,5248000.0,13682000.0,5228000.0,92004000.0,410969650.0,365096650.0,22.34307156258376,10.669969512195122,0.0,0.0,0.047027554702607784,22.34307156258376,0.05167822269139416,37.48013223894209,23.849213672237696,4.929939900674168,0.23351903435468896,0.7614766641162969,0.0024478693256302503,0.11298998392481761,9.604611280487806,0.04439223445035242,103.9639893751581,0.6369357045143639,0.0533238320470569,0.6542268458059846,0.10796754907930237,0.6004763079791459,0.008956948858711355,0.05278592375366569,0.017099175216254276,0.4858504473844082,0.06141515524381589,0.23030565772882874,Medical Instruments & Supplies,Healthcare,UTMD
2018Q1,2018,Q1,2018-05-09,2018-03-31,4092000.0,10887000.0,4971000.0,1.091782,6922000.0,0.6358041701111418,97188000.0,82686000.0,53119000.0,5120000.0,14502000.0,5558000.0,88703000.0,370415959.04999995,327562959.04999995,22.065763907587773,10.3748046875,0.0,0.0,0.04912279674775638,22.065763907587773,0.04948842609389739,34.02369422705979,22.630496031891493,4.479790521370002,0.24560117302052786,0.713386110111551,0.0027131660379253303,0.11202000246944067,9.205859375,0.042103963452278056,103.09378209017532,0.6358041701111418,2.6225267131329044,0.4999998461761671,0.05214331319854492,0.6345886290046625,0.06986089644513138,2.6225218080888184,0.08703258254974852,0.5467419429183915,0.07253260069982312,0.30568241494622134,Medical Instruments & Supplies,Healthcare,UTMD
2017Q4,2017,Q4,2018-03-06,2017-12-31,-2522000.0,10201000.0,4573000.0,-0.67289,6470000.0,0.6342515439662778,92745000.0,78122000.0,49188000.0,5280000.0,14623000.0,5244000.0,85617000.0,305026394.20000005,265151394.20000005,20.847805045455964,9.315909090909091,0.0,0.0,-0.03224053849529363,20.847805045455964,-0.032282839661042985,29.901616919909817,-30.23655771213323,3.904487778090679,-0.3909595559080095,0.7114797864225781,0.003232507149376386,0.1099897568602081,8.253409090909091,-0.02719284058439808,96.46628532574321,0.6342515439662778,-1.6944405743436048,-2.1192878035997604,0.04008690508709109,0.5365478124793921,-0.0040024630541871924,-1.6963003865267807,-0.022654413336182944,-1.8455104372901074,0.00163783395717055,0.21711575932115434,Medical Instruments & Supplies,Healthcare,UTMD
2017Q3,2017,Q3,2017-11-07,2017-09-30,3622000.0,10125000.0,4679000.0,0.968967,6496000.0,0.6415802469135803,90675000.0,81197000.0,48021000.0,5183000.0,9478000.0,5042000.0,89145000.0,274920632.7,237482632.7,21.722776102137203,9.26509743391858,0.0,0.0,0.044446075468041114,21.722776102137203,0.0446075593925884,27.15265508148148,18.975747701546105,3.385847170461963,0.27194919933738265,0.7197540658468862,0.003582852222935394,0.11166253101736973,8.150877869959483,0.03994485800937414,60.80969535500995,0.6415802469135803,-0.06558486832398405,0.3268997036756313,-0.0377694541786117,0.6616518939963707,-0.05759466125054403,-0.0640826873385013,-0.07052046086611045,0.29200014798848134,-0.04897282234215682,0.27270363408022613,Medical Instruments & Supplies,Healthcare,UTMD
2017Q2,2017,Q2,2017-08-03,2017-06-30,3870000.0,10829000.0,5034000.0,1.036977,6893000.0,0.6365315356911996,85945000.0,77253000.0,43789000.0,4394000.0,8692000.0,4798000.0,86509000.0,270190935.6,236453935.60000002,20.700610061472396,9.965634956759217,0.0,0.0,0.04986730166244996,20.700610061472396,0.05009514193623549,24.95068202050051,17.454194806201553,3.4974814647974837,0.25426356589147286,0.8203418090871196,0.0036418690279704556,0.12599918552562686,8.71233500227583,0.04502879748676479,79.79649604252806,0.6365315356911996,0.09385759493670895,0.5915639304613567,0.0666188526853779,0.6747551610724022,0.05478194338179036,0.09445701357466063,0.0653968253968254,0.380825508809621,0.04375639408664683,0.2024034763699168,Medical Instruments & Supplies,Healthcare,UTMD
2017Q1,2017,Q1,2017-05-05,2017-03-31,3536000.0,10259000.0,4725000.0,0.948,6535000.0,0.6370016570815868,82168000.0,72539000.0,40516000.0,5366000.0,9629000.0,4764000.0,83623000.0,232376383.39999998,201697383.39999998,19.447672064940143,7.550503168095416,0.0,0.0,0.04847942660499433,19.447672064940143,0.048746191703773145,22.650978009552585,16.42932574943439,3.20346825018266,0.0,0.781696053736356,0.0,0.12485395774510759,6.50782705926202,0.04303378444163178,54.779911221122106,0.6370016570815868,0.3080787662112767,0.24031976335377683,-0.10437886526036885,0.5936347488202691,0.20128676470588236,0.3014354066985646,0.30488815244407624,0.3184979740061005,0.05959379180422009,0.16980630415423592,Medical Instruments & Supplies,Healthcare,UTMD
2016Q4,2016,Q4,2017-03-08,2016-12-31,2717000.0,8852000.0,3621000.0,0.724727,5440000.0,0.6145503840939901,76584000.0,69244000.0,34867000.0,3022000.0,7340000.0,4542000.0,81072000.0,272636881.5,246340881.5,18.476960902298174,11.537723362011914,0.0,0.0,0.03892630230362673,18.476960902298174,0.03923805672693663,30.799466956619973,25.08620551159367,3.9373358197100106,0.72211998527788,0.7512109202994276,0.007196385130307471,0.11558550088791393,9.78524156187955,0.03547738431003865,744.909512295082,0.6145503840939901,-0.06711453455293441,0.4238563757018407,-0.12990767640293605,0.6542540013368511,-0.05800865800865801,-0.07427597955706984,-0.08073115003808073,-0.20937846702037943,-0.11422464747633103,0.15346334668491368,Medical Instruments & Supplies,Healthcare,UTMD
2016Q3,2016,Q3,2016-11-04,2016-09-30,2935000.0,9655000.0,3939000.0,0.776866,5775000.0,0.5981356809943035,82816000.0,72672000.0,41903000.0,5528000.0,10144000.0,4529000.0,79340000.0,225885470.2,194329470.2,19.238889496310772,7.580137481910275,0.0,0.0,0.03997089766866035,19.238889496310772,0.0403869440774989,23.3956986224754,19.24067037478705,3.108287513760458,0.3332197614991482,0.8567012585559726,0.004329627749558546,0.11658375193199381,6.627351664254704,0.0354400115919629,69.93358210526316,0.5981356809943035,-0.09666744186046516,0.26362352855703564,-0.13772065874283848,0.7338687538726828,-0.07629558541266794,-0.09941699907947223,-0.08713789107763616,0.14264688480676424,-0.03667958156411454,0.27446291715445414,Medical Instruments & Supplies,Healthcare,UTMD
2016Q2,2016,Q2,2016-08-08,2016-06-30,3259000.0,10490000.0,4315000.0,0.86,6252000.0,0.595996186844614,81043000.0,71071000.0,39224000.0,5184000.0,9972000.0,4103000.0,77382000.0,236754000.0,207359000.0,18.911921234699307,7.566358024691358,0.0,0.0,0.045185364410603945,18.911921234699307,0.04585555289780642,22.569494756911343,18.161552623504143,3.331232148133557,0.2994783675974225,1.0329027540823787,0.0041224224300328615,0.12943745912663648,6.638888888888889,0.04021322014239354,66.71005917159763,0.595996186844614,0.011764705882352951,0.5904805033486583,-0.02219712270499557,0.718749748434432,0.004660131769243131,0.013055641902393535,0.0006957328385899814,0.24243078453908268,0.052355235711772044,0.35469654607344175,Medical Instruments & Supplies,Healthcare,UTMD
2016Q1,2016,Q1,2016-05-06,2016-03-31,3217000.0,10301000.0,4312000.0,0.85,6223000.0,0.6041161052325017,83214000.0,71659000.0,38270000.0,6334000.0,11555000.0,4492000.0,75101000.0,234712620.0,207196620.0,19.093791633359977,6.041995579412694,0.0,0.0,0.04386570789842482,19.093791633359977,0.044893174618680136,22.785420832928843,18.240023313646255,3.275410206673272,0.0,0.9078361531611754,0.0,0.12378926622924027,5.20397852857594,0.03865936020381186,57.51350649350649,0.6041161052325017,-0.002347417840375589,1.3232426035219729,0.46307885238989727,0.8008131561585831,0.055640373197625104,0.0021806853582554517,0.1329479768786127,0.17744628000220164,-0.00601343311957977,0.4144307361931939,Medical Instruments & Supplies,Healthcare,UTMD
2015Q4,2015,Q4,2016-03-10,2015-12-31,3210000.0,9582000.0,3806000.0,0.852,5895000.0,0.6152160300563556,79175000.0,69648000.0,32873000.0,4066000.0,9527000.0,4196000.0,72861000.0,220624322.66,197346322.66,18.480255806986825,8.084849975405804,0.0,0.0,0.04584797945645936,18.480255806986825,0.04608890420399724,23.02487191191818,17.182579646417445,3.167705069205146,0.6018691588785047,0.878693994280267,0.008756967394648364,0.12102305020524155,6.860796851942942,0.040543100726239345,57.06785376616658,0.6152160300563556,0.05360525912258912,1.0438247130043152,0.4827309746635041,0.7706659154609256,-0.03026813620661293,0.05349524122087299,-0.0485,0.4164918050098173,-0.028606054746997716,0.3620520996033779,Medical Instruments & Supplies,Healthcare,UTMD
2015Q3,2015,Q3,2015-11-06,2015-09-30,3047000.0,9945000.0,4000000.0,0.808652,6079000.0,0.6112619406737054,80155000.0,68353000.0,32306000.0,5741000.0,11802000.0,4449000.0,70625000.0,202894782.85999998,181272782.85999998,18.14820498632904,5.627242640654938,0.0,0.0,0.04320563538177969,18.14820498632904,0.0445774143051512,20.40168756762192,16.647094097472923,2.9683376422395504,0.3140794223826715,0.8689593167003821,0.00471673044772345,0.12407211028632026,4.732276606862916,0.03801384816917223,49.82681307956778,0.6112619406737054,0.05019740259740262,0.9342163955304218,0.5393148296410935,0.6492976274719565,-0.003279226102639777,0.04420836189170665,0.008318628686664987,0.10780382060908206,-0.062028488000138535,0.3882203198329297,Medical Instruments & Supplies,Healthcare,UTMD
2015Q2,2015,Q2,2015-08-07,2015-06-30,2918000.0,10397000.0,3967000.0,0.77,6099000.0,0.586611522554583,79930000.0,68193000.0,29976000.0,5333000.0,11737000.0,4473000.0,68534000.0,223910650.0,204741650.0,18.160585885486018,5.62085130320645,0.0,0.0,0.043259220812285594,18.160585885486018,0.042790315721555,21.536082523804943,19.183571795750513,3.283484375229129,0.3279643591501028,0.9608763693270735,0.004274026268960409,0.13007631677718004,4.657978623663979,0.03650694357562868,65.01470673635308,0.586611522554583,0.09065155807365448,0.9234082799847874,0.6019221874551799,0.6914910565924411,-0.0021269633507853404,0.09411323584551931,0.02321382512251741,0.19267105195294248,0.01777367500024904,0.4692579034867826,Medical Instruments & Supplies,Healthcare,UTMD
2015Q1,2015,Q1,2015-05-06,2015-03-31,2667000.0,10233000.0,3877000.0,0.706,6112000.0,0.5972832991302648,75375000.0,63841000.0,26789000.0,5359000.0,11534000.0,4850000.0,66573000.0,226128333.2,210026333.2,16.8997940502221,4.998880388132114,0.0,0.0,0.044168049981447,16.8997940502221,0.04177566140881252,22.097951060295124,21.196881627296587,3.5420549991384846,0.0,0.8496907216494846,0.0,0.13576119402985073,3.950363873857063,0.03538308457711443,104.0627396226415,0.5972832991302648,-0.11255805768372625,0.6787729332890746,0.5282518091099407,0.5811985208296341,-0.043206011271133375,-0.111,-0.09732246798603027,-0.0763018033465076,-0.11792005040671628,0.3848495057098684,Medical Instruments & Supplies,Healthcare,UTMD
2014Q4,2014,Q4,2015-03-12,2014-12-31,3000000.0,10243000.0,4295000.0,0.795545,6388000.0,0.6236454163819194,81076000.0,64556000.0,29675000.0,8971000.0,16520000.0,4872000.0,64863000.0,226319082.2,211912082.2,17.128859671559766,3.307880949726898,0.06003009521930041,0.075391907800979,0.044138243444867095,17.128859671559766,0.04647128074849743,22.094999726642584,18.859923516666665,3.5057792025528225,0.6303333333333333,0.791256157635468,0.008355459829626332,0.12633825053036657,2.6791884962657453,0.037002318811978886,52.0273752183908,0.6236454163819194,0.061103004532274026,0.8683103875648797,0.5200810641216093,0.6375263807544169,0.030987734021949646,0.06307583274273565,0.07321339330334832,0.5632961089361921,0.0011393942204213808,0.5335576451044383,Medical Instruments & Supplies,Healthcare,UTMD
2014Q3,2014,Q3,2014-11-04,2014-09-30,2822000.0,10717000.0,4002000.0,0.749734,6196000.0,0.5781468694597368,82285000.0,64222000.0,28578000.0,9157000.0,18063000.0,4871000.0,62818000.0,183467642.92,171212642.92,17.068212520533972,3.120891121546358,0.07283222944643616,0.0933169318924979,0.04129492973945694,17.068212520533972,0.04394132851670767,17.119309780722215,16.25333477321049,2.856772491046682,0.3316796598157335,0.9281461712174092,0.0051017170390537875,0.13024245002126755,2.506497761275527,0.03429543659233153,36.833495868299536,0.5781468694597368,-0.0013240481239542676,0.6913311195154085,0.5545198170883114,0.6670447048669776,-0.02409828319420381,-0.004234297812279464,-0.014771048744460856,0.21971379449403383,-0.03913967389279494,0.5382405714990608,Medical Instruments & Supplies,Healthcare,UTMD
2014Q2,2014,Q2,2014-08-08,2014-06-30,2834000.0,10491000.0,4062000.0,0.750728,6349000.0,0.6051853970069584,84292000.0,64967000.0,27417000.0,8849000.0,19325000.0,5301000.0,60932000.0,194115784.4,185414784.4,17.21602645724878,3.098316193920217,0.08586817254306459,0.11141040836116797,0.040567658559096206,17.21602645724878,0.04362214662828821,18.503077342484033,17.123834191954835,2.987913623839795,0.33098094565984476,0.7813620071684588,0.004832167579258434,0.12446020974706971,2.422533619618036,0.03362122146822949,53.03709956284153,0.6051853970069584,0.04445480157211908,0.8045971476962684,0.5935292995067963,0.7188916102576759,0.04942148760330579,0.041146216017634095,0.05698672911787666,0.37733860281289305,-0.026155548484718096,0.5646237510838141,Medical Instruments & Supplies,Healthcare,UTMD
2014Q1,2014,Q1,2014-05-07,2014-03-31,2722000.0,9827000.0,3843000.0,0.718775,6050000.0,0.6156507581153964,82894000.0,62938000.0,26332000.0,8546000.0,19956000.0,5292000.0,59034000.0,218933623.62,212031623.62,16.624694187300275,3.0812075824947343,0.09814944386807248,0.12927007531221202,0.03891582330819218,16.624694187300275,0.04324891162731577,22.278785348529563,20.107790560249814,3.478560227843274,0.0,0.713718820861678,0.0,0.11854899027673897,2.3594664170372104,0.03283711728231235,173.2069807120253,0.6156507581153964,-0.21573066809239597,0.6285890368304934,0.45232724239146394,0.6938474016558768,0.009342676009342675,-0.21510957324106114,0.07979769598201743,0.9487266059732118,0.3836574740852288,0.5679425325505768,Medical Instruments & Supplies,Healthcare,UTMD
2013Q4,2013,Q4,2014-03-12,2013-12-31,3468000.0,10085000.0,3559000.0,0.91649,5994000.0,0.594348041646009,80711000.0,60581000.0,24286000.0,7611000.0,20130000.0,4704000.0,57250000.0,216173232.51999998,210895232.51999998,16.01868057221019,3.190907896465642,0.11295858061478609,0.15049272874333536,0.05079941735101217,16.01868057221019,0.05724567108499364,21.435124692117004,15.583422182814301,3.568333842623925,0.5337370242214533,0.8696853741496599,0.00856257723688685,0.12495198919602037,2.468138220995927,0.04296812082615752,68.97678127632417,0.594348041646009,0.3478210356496304,1.0968309638705607,0.45762377776793334,0.6596759609065034,0.007564296520423601,0.34889148191365227,-0.028922237380627557,1.2004356738321131,0.5551528151469798,0.5348127209984415,Medical Instruments & Supplies,Healthcare,UTMD
2013Q3,2013,Q3,2013-11-06,2013-09-30,2571000.0,10032000.0,3665000.0,0.679979,5949000.0,0.5930023923444976,80599000.0,57075000.0,24531000.0,9229000.0,23524000.0,4660000.0,54717000.0,224735626.07999998,220837626.07999998,15.09568402293433,2.6580344566041822,0.12372361939974441,0.1747174770039422,0.039289614282528244,15.09568402293433,0.04504599211563732,22.40187660287081,21.852939136522753,3.937549296189225,0.35511474134577986,0.8761802575107296,0.004062551256003336,0.12446804550924949,2.046267201213566,0.03189865879229271,57.55073651216389,0.5930023923444976,-0.02581805157593117,0.443692442459397,0.4277316632432055,0.4552961020088882,-0.01636904761904762,-0.02317629179331307,-0.013458950201884253,0.6257938025597001,0.5468242441697063,0.3718864131657601,Medical Instruments & Supplies,Healthcare,UTMD
2013Q2,2013,Q2,2013-08-08,2013-06-30,2632000.0,10002000.0,3715000.0,0.698,6048000.0,0.6046790641871626,76429000.0,52641000.0,22289000.0,8607000.0,23788000.0,4367000.0,53062000.0,211163344.0,210321344.0,13.96026386094738,2.589636342511909,0.13794502086904187,0.20028114967420832,0.04268300675772147,13.96026386094738,0.049999050170019564,21.112111977604478,20.0573085106383,4.0113854979958585,0.34612462006079026,0.9054270666361346,0.0043141957441249846,0.13086655588847165,1.9878006273963054,0.034437190071831374,93.47646923417442,0.6046790641871626,-0.04117454744262852,0.4112925096336825,0.4449912266968641,0.3674496518835493,-0.03709600382104761,-0.0376599634369287,-0.044741578812033944,0.7276330997553275,0.5346157824741077,0.30026980502513684,Medical Instruments & Supplies,Healthcare,UTMD
2013Q1,2013,Q1,2013-05-08,2013-03-31,2735000.0,10374000.0,3889000.0,0.727974,6281000.0,0.6054559475612107,76362000.0,50715000.0,21597000.0,9024000.0,25647000.0,4406000.0,51343000.0,180066683.24,180690683.24,13.49927652502031,2.393284574468085,0.1505198920929258,0.22663906142167012,0.04514885579770635,13.49927652502031,0.053928817903973185,17.35749790244843,16.459477444241315,3.550560647540175,0.0,0.9289605083976396,0.0,0.13585291113381,1.804078014184397,0.03581624368141222,67.51656664416949,0.6054559475612107,0.21329000000000006,0.49642310910909,0.5578140852413374,0.34401495486165684,0.04318219564856336,0.2107127047366091,0.08966096945923228,0.731085849891074,0.5578675136621694,0.2630352778383,Medical Instruments & Supplies,Healthcare,UTMD
2012Q4,2012,Q4,2013-03-07,2012-12-31,2259000.0,9833000.0,3569000.0,0.6,6021000.0,0.612325841553951,76935000.0,50973000.0,18535000.0,7823000.0,25962000.0,4353000.0,49519000.0,135435091.39999998,139568091.39999998,13.567950750465547,2.3692956666240574,0.16902580100084486,0.255115453279187,0.03793492933572973,13.567950750465547,0.04431757989523866,13.773527041594628,14.988389929172198,2.6569966727483174,0.7937140327578575,0.8757178957041121,0.013238814117269463,0.12780918957561577,1.6941071200306788,0.029362448820432832,45.069913943427615,0.612325841553951,-0.17808219178082194,0.19552337995685898,0.43776139881472637,0.35962836286214084,-0.07040296433534043,-0.16979051819184124,-0.09873737373737373,0.4113223852732152,0.4638879665335158,0.29710195031569464,Medical Instruments & Supplies,Healthcare,UTMD
2012Q3,2012,Q3,2012-11-09,2012-09-30,2721000.0,10489000.0,3960000.0,0.73,6477000.0,0.6175040518638574,78803000.0,48710000.0,20057000.0,11415000.0,30093000.0,4707000.0,48167000.0,125864280.0,131441280.0,13.073000536768653,1.7570740254051687,0.188634950446049,0.30517347567234654,0.04403413279128223,13.073000536768653,0.05586121946212277,11.999645342740013,11.564156560088202,2.583951549989735,0.32488055861815507,0.85234756745273,0.00702343826222976,0.1331040696420187,1.2619360490582567,0.03452914229153713,32.27289230769231,0.6175040518638574,0.12828438948995358,0.4157409996964242,0.5541068020621537,0.34083811788114105,0.06687530884533026,0.13327780091628488,0.11486486486486487,0.6468464426197634,0.536420352356083,0.27683413218137887,Medical Instruments & Supplies,Healthcare,UTMD
2012Q2,2012,Q2,2012-08-08,2012-06-30,2401000.0,10025000.0,3552000.0,0.647,6071000.0,0.6055860349127182,76880000.0,45548000.0,18652000.0,10750000.0,31332000.0,4834000.0,46332000.0,123558050.0,132205050.0,12.360379918588874,1.7350697674418605,0.2154006243496358,0.363572494950382,0.04003349004959104,12.360379918588874,0.05271362079564416,12.324992518703242,12.865269679300292,2.712699789233336,0.36568096626405666,0.8179561439801407,0.007105971646525661,0.13039802289282,1.216093023255814,0.031230489073881373,40.7647806004619,0.6055860349127182,-0.14868421052631578,0.29163228966229066,0.4845544469129498,0.3057557244395077,-0.09912449918385517,-0.13911796342775187,-0.13681652490886997,0.5656510724905452,0.559372770636042,0.23409158288753745,Medical Instruments & Supplies,Healthcare,UTMD
2012Q1,2012,Q1,2012-05-09,2012-03-31,2789000.0,11206000.0,4115000.0,0.76,6739000.0,0.6013742637872568,79967000.0,44530000.0,19992000.0,11802000.0,35437000.0,4835000.0,44816000.0,113483900.0,124851900.0,12.203343381748423,1.6939501779359432,0.2441882276439031,0.43851336177857625,0.04550785269670825,12.203343381748423,0.06263193352795868,10.127065857576298,10.172454284689854,2.548481922299574,0.0,0.9238883143743537,0.0,0.14013280478197257,1.211997966446365,0.03487688671577026,33.654774614472124,0.6013742637872568,0.49019607843137253,0.549475897900885,0.7002986342045546,0.30720492151533085,0.1398849797023004,0.5010764262648009,0.41263302437349814,0.7312401277420261,0.7182231079813785,0.24336732127556548,Medical Instruments & Supplies,Healthcare,UTMD
2011Q4,2011,Q4,2012-03-12,2011-12-31,1858000.0,9906000.0,2913000.0,0.51,5912000.0,0.5968100141328487,76389000.0,40757000.0,17016000.0,9631000.0,35632000.0,5005000.0,42904000.0,98523000.0,113661000.0,11.169361468895588,1.7667947253660057,0.28370576915524487,0.5317368795544324,0.03196760723721971,11.169361468895588,0.04558726108398557,9.945790430042399,13.256593110871906,2.4173270849179285,0.930032292787944,0.798001998001998,0.017539051795012334,0.12967835683148096,1.1766171737098952,0.024322873712183692,28.52431962941517,0.5968100141328487,-0.16938110749185664,-0.03058901717497888,0.45461552376734893,0.21884129998387117,-0.09297330469469162,-0.16942333482342423,-0.17688612602430065,0.16430262163016482,0.48389680104474614,0.1572439218721264,Medical Instruments & Supplies,Healthcare,UTMD
2011Q3,2011,Q3,2011-11-07,2011-09-30,2237000.0,10784000.0,3539000.0,0.614,6518000.0,0.6044139465875371,79059000.0,40367000.0,17743000.0,10494000.0,38692000.0,4963000.0,41920000.0,96364071.6,113330071.6,11.095931830676196,1.6907756813417192,0.30364664364588473,0.5946936854361236,0.03756333318564364,11.095931830676196,0.055416553125077414,8.9358375,10.7693419311578,2.38719923700052,0.38176128743853377,0.8595607495466452,0.008862224123788476,0.13640445743052657,1.1554221459881837,0.028295323745557117,28.56924743551734,0.6044139465875371,0.1286764705882352,0.20615846433757834,0.6635625524006269,0.24360783211794762,0.04121405750798722,0.12865792129162462,0.09464893287967832,0.30547638178204434,0.5950319083887533,0.06970087058039522,Medical Instruments & Supplies,Healthcare,UTMD
2011Q2,2011,Q2,2011-08-08,2011-06-30,1982000.0,10377000.0,3233000.0,0.544,6260000.0,0.6032572034306639,80767000.0,39997000.0,17064000.0,9964000.0,40770000.0,5021000.0,40538000.0,95455100.0,115351100.0,11.003301237964237,1.7125652348454437,0.32393180383077247,0.6541240593044478,0.03280934082768881,11.003301237964237,0.049553716528739654,9.198718319360124,12.040249747729566,2.3865564917368802,0.429364278506559,0.8199561840270863,0.008915186302251006,0.12848069137147597,1.1355881172219993,0.024539725382891526,61.863318211276734,0.6032572034306639,0.4782608695652175,0.04496072865595621,0.5446079610170556,0.2811751751256087,0.6873315363881402,0.48353293413173654,0.49814643188137164,0.1024550481861059,0.5551642547613824,0.07780630776723231,Medical Instruments & Supplies,Healthcare,UTMD
2011Q1,2011,Q1,2011-05-10,2011-03-31,1336000.0,6793000.0,2158000.0,0.368,3710000.0,0.546150448991609,81903000.0,38393000.0,17623000.0,11024000.0,43510000.0,4596000.0,39409000.0,104646900.0,125548900.0,10.6028721347694,1.5986030478955007,0.34076895840201216,0.7269554345844295,0.02030043072636301,10.6028721347694,0.03479801005391608,15.405108199617253,19.582129491017962,2.7256765556221185,0.0,0.6708006962576153,0.0,0.08293957486294763,1.1042271407837445,0.016311978804195208,38.206243154435924,0.546150448991609,-0.12380952380952379,-0.28382839895414713,0.043631245163970836,0.23653763025964752,0.1293759512937595,-0.11464546056991386,-0.01054562127464466,-0.24159542337130593,0.05834779301037449,0.05564314407542481,Medical Instruments & Supplies,Healthcare,UTMD
2010Q4,2010,Q4,2011-03-03,2010-12-31,1509000.0,6209000.0,2181000.0,0.42,3285000.0,0.5290707038170398,41238000.0,37792000.0,25142000.0,1903000.0,3446000.0,3097000.0,38924000.0,97332480.0,94638480.0,10.436895885114609,13.211770888071467,0.027256413987099277,0.029741744284504656,0.037880983792375894,10.436895885114609,0.03992908552074513,15.676031567080045,16.125328031809143,2.5754784081287045,2.8648111332007953,0.9441394898288666,0.044414772951434096,0.15056501285222368,11.40304781923279,0.03659246326203987,62.55300771208226,0.5290707038170398,0.009615384615384625,-0.1341011990169507,-0.033437139121460166,0.25533714392588913,-0.015287769784172662,-0.001984126984126984,-0.033673017279574655,-0.17143135630391348,-0.058067349106220204,0.045869042910115856,Medical Instruments & Supplies,Healthcare,UTMD
2010Q3,2010,Q3,2010-11-04,2010-09-30,1512000.0,6201000.0,2257000.0,0.416,3336000.0,0.5379777455249153,44210000.0,39778000.0,27961000.0,2654000.0,4432000.0,3270000.0,40889000.0,105738750.0,103155750.0,11.00359612724758,10.535418236623963,0.02868129382492649,0.03187691688873247,0.03632174597576136,11.00359612724758,0.038010960832621045,17.05188679245283,17.483258928571427,2.658221881442003,0.5648148148148148,0.8761467889908257,0.0080765093213226,0.14026238407600092,9.12471740768651,0.03420040714770414,91.1540948275862,0.5379777455249153,0.0399999999999999,-0.09241213594372244,-0.048850282798959956,0.2735825929032529,0.021120293847566574,0.03067484662576687,0.02824601366742597,-0.18914797119867946,-0.05301509550233671,0.12858873367947699,Medical Instruments & Supplies,Healthcare,UTMD
2010Q2,2010,Q2,2010-08-05,2010-06-30,1467000.0,6276000.0,2195000.0,0.4,3267000.0,0.5205544933078394,43085000.0,38984000.0,27738000.0,2400000.0,4101000.0,3166000.0,40227000.0,90484520.0,88305520.0,10.736436243459103,11.5575,0.02908204711616572,0.03214139134003694,0.0361951435033721,10.736436243459103,0.03763082290170326,14.417546207775652,15.419993183367417,2.321068130515083,0.5814587593728698,0.9504106127605811,0.009427026854980277,0.14566554485319716,10.050416666666667,0.03404897296042706,117.51236363636363,0.5205544933078394,-0.045346062052505874,-0.1414287584521031,-0.013790218204179,0.2832521411705216,-0.01685224195004514,-0.03929273084479371,-0.04106596767147226,-0.1990819330048345,-0.05679536309260989,0.13420163274212923,Medical Instruments & Supplies,Healthcare,UTMD
2010Q1,2010,Q1,2010-05-10,2010-03-31,1527000.0,6436000.0,2289000.0,0.419,3323000.0,0.5163144810441268,43942000.0,38808000.0,28660000.0,3264000.0,5134000.0,3370000.0,39613000.0,102140030.0,101474030.0,10.687964748003305,8.780637254901961,0.03490965363433617,0.039527932385075244,0.03753976937393261,10.687964748003305,0.03934755720470006,15.870110316967061,16.722336280288147,2.6319323335394764,0.0,0.9237388724035608,0.0,0.14646579582176505,7.598651960784314,0.0347503527376997,47.795989705194195,0.5163144810441268,-0.0023809523809523833,-0.1251632470743509,0.09143403838761988,0.21318840537124945,-0.03792704111175449,-0.012928248222365869,-0.036616161616161616,-0.1474439072323034,-0.01861766195050597,0.1448797007931566,Medical Instruments & Supplies,Healthcare,UTMD
2009Q4,2009,Q4,2010-03-09,2009-12-31,1547000.0,6492000.0,2376000.0,0.42,3454000.0,0.5320394331484904,41754000.0,37981000.0,26233000.0,1761000.0,3773000.0,3407000.0,38939000.0,106460920.0,107717920.0,10.460203800605894,14.896649630891538,0.03992431862815539,0.043890366235749455,0.03901836158192091,10.460203800605894,0.04073089176167031,16.398786198398028,17.204414996767937,2.803004660224849,1.0853264382676147,0.8916935720575286,0.01577104537514799,0.15548210949849117,12.726859738784782,0.0370503424821574,53.551770623742456,0.5320394331484904,-0.0519187358916479,0.24918743335396082,0.1493080353785487,0.18497095354376036,-0.012860817376393255,-0.042105263157894736,-0.003355704697986577,-0.18885190196602794,-0.04197681382894975,0.14145543896408214,Medical Instruments & Supplies,Healthcare,UTMD
2009Q3,2009,Q3,2009-11-05,2009-09-30,1615000.0,6673000.0,2384000.0,0.443,3499000.0,0.5243518657275589,42178000.0,37289000.0,26464000.0,2995000.0,4889000.0,3862000.0,38194000.0,106783440.0,107296440.0,10.238605161998901,8.836060100166945,0.04094551662003888,0.04631392635897986,0.04036055891075886,10.238605161998901,0.043310359623481454,16.002313801888207,16.52994427244582,2.863671323982944,0.5126934984520124,0.8218539616778872,0.007754011296133558,0.15821044146237376,7.396327212020033,0.038290103845606716,41.925182567726736,0.5243518657275589,0.06490384615384621,0.08663088538167057,0.2163623295436301,0.15793281887291225,0.049175412293853075,0.07380319148936171,0.07727067329417081,-0.13017143696865463,0.028260456398281848,0.14752052948122085,Medical Instruments & Supplies,Healthcare,UTMD
2009Q2,2009,Q2,2009-08-04,2009-06-30,1504000.0,6305000.0,2213000.0,0.416,3335000.0,0.5289452815226011,40495000.0,36197000.0,24961000.0,2365000.0,4298000.0,4158000.0,37303000.0,96529940.0,97497940.0,10.015771997786386,10.554334038054968,0.04370909988887517,0.048899080034256984,0.03826466175679201,10.015771997786386,0.04155040472967373,15.310061855670103,16.0455352393617,2.666793933198884,0.5518617021276596,0.7142857142857143,0.00859836854762367,0.15569823434991975,8.546723044397464,0.03714038770218545,-1787.5914814814814,0.5289452815226011,-0.05454545454545459,0.015419845630202027,0.14790721985177346,0.10139410546295981,-0.047142857142857146,-0.05527638190954774,-0.10004066693777959,-0.20244540348593087,-0.056052566420742495,0.1661916879098577,Medical Instruments & Supplies,Healthcare,UTMD
2009Q1,2009,Q1,2009-05-11,2009-03-31,1592000.0,6445000.0,2459000.0,0.44,3500000.0,0.5430566330488751,40783000.0,35392000.0,25564000.0,3478000.0,5391000.0,3703000.0,36713000.0,82938000.0,83834000.0,9.81475318912923,7.350201265094882,0.042934556065027094,0.04947445750452079,0.04270507200455413,9.81475318912923,0.04498191681735986,12.868580294802172,13.024183417085426,2.3434109403254975,0.0,0.79530110721037,0.0,0.1580315327464875,6.112708453133985,0.039035872790133146,36.520475561426686,0.5430566330488751,0.0,-0.6147337904351576,0.21998821660258555,0.1328671029292677,0.02609205511580182,0.009511731135066582,0.11216644052464948,-0.1430479870375395,-0.005714324973892429,0.14462491821166576,Medical Instruments & Supplies,Healthcare,UTMD
2008Q4,2008,Q4,2009-03-06,2008-12-31,1577000.0,6597000.0,2211000.0,0.44,3411000.0,0.5170532060027285,38821000.0,34804000.0,23280000.0,1768000.0,4017000.0,3275000.0,35892000.0,79151700.0,81147700.0,9.65169162506933,13.167420814479637,0.053914118647123976,0.06013676588897828,0.03904936838915211,9.65169162506933,0.04531088380645903,11.998135516143702,12.54782815472416,2.2742127341684863,1.0805326569435638,0.972824427480916,0.021528280504398516,0.16993379871718914,11.052601809954751,0.04062234357693001,45.22954285714286,0.5170532060027285,-0.06382978723404249,-0.8707059065950276,0.2406968512957954,0.19311943991057412,-0.1336042672085344,-0.13351648351648351,-0.2479591836734694,-0.09131701866208494,0.031235204198963796,0.16089373047673228,Medical Instruments & Supplies,Healthcare,UTMD
2008Q3,2008,Q3,2008-11-07,2008-09-30,1820000.0,7181000.0,2940000.0,0.47,3937000.0,0.5482523325442139,45900000.0,40081000.0,30205000.0,3144000.0,5819000.0,3615000.0,41017000.0,106453200.0,108164200.0,10.37292960662526,9.607188295165395,0.056514161220043574,0.06471894413812031,0.04595379280165861,10.37292960662526,0.045408048701379704,14.824286311098733,14.622692307692308,2.655951697811931,0.4785714285714286,0.8973720608575381,0.008181999225950934,0.1564488017429194,8.298027989821882,0.03965141612200436,38.38918139199423,0.5482523325442139,-0.04081632653061228,0.15893356384677082,0.2586573509682709,1.1286028801979504,0.00408059168579444,-0.0505998956703182,0.08969607116382505,0.022067222397744637,0.030488767798034177,0.20058773801190385,Medical Instruments & Supplies,Healthcare,UTMD
2008Q2,2008,Q2,2008-08-11,2008-06-30,1917000.0,7115000.0,2698000.0,0.49,3921000.0,0.5510892480674631,45984000.0,39570000.0,29762000.0,3020000.0,6414000.0,3758000.0,40502000.0,110388480.0,113239480.0,10.208978328173375,9.854966887417218,0.07326461377870563,0.08514025777103866,0.041736478751779535,10.208978328173375,0.04844579226686884,15.514895291637385,14.395993740219092,2.7897012888551935,0.4559207094418362,0.8499201703033529,0.007917492839832563,0.1547277313848295,8.3682119205298,0.0416884133611691,84.84894696387394,0.5510892480674631,0.020833333333333353,0.20670480036268574,0.20283729835424463,1.2967895224813306,0.045321247667288726,0.013749338974087784,0.06220472440944882,0.05101960456176449,0.04737874390687285,0.22020873609464173,Medical Instruments & Supplies,Healthcare,UTMD
2008Q1,2008,Q1,2008-05-09,2008-03-31,1891000.0,6890000.0,2540000.0,0.48,3751000.0,0.5444121915820029,46930000.0,39041000.0,30606000.0,3741000.0,7889000.0,3642000.0,39835000.0,115094070.0,118246070.0,10.043992796501158,8.181234963913392,0.08813125932239506,0.10593990932609308,0.04055523984896598,10.043992796501158,0.048436259317128146,16.704509433962265,15.216032522474881,2.9480307881457954,0.46536224219989425,0.8618890719384953,0.007645919550850882,0.14681440443213298,7.002405773857258,0.040294054975495416,69.71173228346457,0.5444121915820029,-0.040000000000000036,0.2091593097855583,0.14545941758262596,1.531649026581087,-0.03150012909888975,-0.03273657289002557,-0.0334855403348554,0.012024951189017622,0.09147147135068384,0.14009129817011895,Medical Instruments & Supplies,Healthcare,UTMD
2007Q4,2007,Q4,2008-03-07,2007-12-31,1955000.0,7076000.0,2628000.0,0.5,3873000.0,0.5473431317128321,45986000.0,38789000.0,29931000.0,3165000.0,7197000.0,3153000.0,39539000.0,115521640.0,118382640.0,9.979161306920505,9.456872037914692,0.08941851867959814,0.10600943566475031,0.040838208899559456,9.979161306920505,0.05040088684936451,16.32583945732052,14.772588235294117,2.9782061924772485,0.4404092071611253,1.0158579130986363,0.0074531490377041055,0.1538729178445614,8.302369668246445,0.04251293872048015,57.876573146292586,0.5473431317128321,-0.01960784313725492,0.25218371372217524,0.18084628156004104,1.8207220994755577,-0.025169896803423106,-0.0326571004453241,-0.033823529411764704,0.47467311610255286,0.17019291533207978,0.1304766632504463,Medical Instruments & Supplies,Healthcare,UTMD
2007Q3,2007,Q3,2007-11-06,2007-09-30,2021000.0,7097000.0,2720000.0,0.51,3973000.0,0.5598140059179936,46147000.0,38200000.0,30231000.0,3596000.0,7947000.0,3419000.0,38919000.0,123417000.0,126795000.0,9.74987238386932,8.406840934371523,0.09708106702494203,0.11727748691099477,0.04174991911462028,9.74987238386932,0.05290575916230367,17.390023953783288,15.266823354774862,3.230811518324608,0.4280059376546264,0.9137174612459783,0.0070087589230008835,0.15379114568661018,7.287263626251391,0.04379482956638568,53.846858638743456,0.5598140059179936,0.020000000000000018,0.35571691800877103,0.2797339390408441,1.1764600102737603,-0.008237643534697954,0.0181360201511335,0.001104158998895841,0.26401242064423625,0.20251956716894232,0.10265969186967407,Medical Instruments & Supplies,Healthcare,UTMD
2007Q2,2007,Q2,2007-08-08,2007-06-30,1985000.0,7211000.0,2717000.0,0.5,4006000.0,0.5555401469976425,44859000.0,37249000.0,29095000.0,3255000.0,7610000.0,3231000.0,37926000.0,124936250.0,128809250.0,9.466073697585768,8.938556067588326,0.0998907688535188,0.12029853150420146,0.0426398657280788,9.466073697585768,0.05329002120862305,17.32578699209541,15.735044080604533,3.354083331096137,0.43727959697733,0.9919529557412565,0.0069475432470559985,0.16074812189304263,7.743778801843318,0.044249760360239865,132.76965993623804,0.5555401469976425,0.041666666666666706,0.4178218174181999,0.3520288138126916,1.178899419195623,0.017526035052070104,0.02109053497942387,0.00966183574879227,0.23084037389215156,0.2057592536101424,0.0409459974431509,Medical Instruments & Supplies,Healthcare,UTMD
2007Q1,2007,Q1,2007-05-09,2007-03-31,1944000.0,7118000.0,2691000.0,0.48,3937000.0,0.5531048047204271,45595000.0,36791000.0,29808000.0,4270000.0,8804000.0,3204000.0,37479000.0,134309280.0,138339280.0,9.335447855874143,6.980796252927401,0.102291917973462,0.12677013400016307,0.04219068978736959,9.335447855874143,0.05283900954037672,18.868963191907838,17.272283950617282,3.6506015058030497,0.426440329218107,0.9928214731585518,0.0061723210786328395,0.1561136089483496,6.071194379391101,0.04263625397521658,71.2516074270557,0.5531048047204271,-0.07692307692307698,0.4469808175257951,0.35278716777161107,1.4091787837718373,-0.03787878787878788,-0.06086956521739131,-0.06302228412256268,-0.569539401829154,0.23284927898105262,0.077543323121473,Medical Instruments & Supplies,Healthcare,UTMD
