Quarters,Year,Quarter,FillingDate,Date,NetIncome,Revenue,OperatingIncome,EPSDiluted,GrossProfit,GrossProfitRatio,TotalAssets,CommonStockEquity,CurrentAssets,CurrentLiability,TotalLiability,Inventory,RetainedEarnings,MarketCap,EnterpriseValue,bookValuePerShare,currentRatio,debtToAssets,debtToEquity,roic,shareholdersEquityPerShare,roe,priceToSalesRatio,peRatio,pbRatio,payoutRatio,inventoryTurnover,dividendYield,assetTurnover,quickRatio,returnOnAssets,priceToFreeCashFlowsRatio,grossProfitMargin,epsdilutedGrowth,fiveYNetIncomeGrowthPerShare,fiveYRevenueGrowthPerShare,fiveYShareholdersEquityGrowthPerShare,grossProfitGrowth,netIncomeGrowth,operatingIncomeGrowth,threeYNetIncomeGrowthPerShare,threeYRevenueGrowthPerShare,threeYShareholdersEquityGrowthPerShare,Industry,Sector,Symbol
2023Q1,2023,Q1,2023-05-04,2023-03-31,16142000.0,651436000.0,21057000.0,0.7,73560000.0,0.112919765,2445937000.0,1189913000.0,1006524000.0,662744000.0,1256024000.0,368372000.0,1258112000.0,2344653710.0,2671439710.0,52.28777958430373,1.51872216119648,0.29070249969643536,0.5975562919305866,0.008737008099320452,52.28777958430373,0.01356569766024911,3.599208072627242,36.3129369037294,1.9704412927667823,0.505513567092058,1.5687294365478375,0.003480258071883886,0.2663339243815356,0.9011488598916022,0.006599515850162944,-14.277863971841965,0.11291976495004881,0.48936170212765956,-0.46709211118773936,0.3232386393849331,0.558137124575286,0.08559622195985832,0.4899390806719586,2.6524366318763244,-0.40712727625201434,0.4645988600715153,0.38884645130520695,Specialty Chemicals,Basic Materials,SCL
2022Q4,2022,Q4,2023-02-28,2022-12-31,10834000.0,627176000.0,-12743000.0,0.47,67760000.0,0.1080398485,2433172000.0,1166065000.0,1044802000.0,670649000.0,1267107000.0,402531000.0,1250130000.0,2415045100.0,2828435100.0,51.40246859158034,1.5578969028508207,0.2413064099044375,0.503522530905224,-0.008220239532709936,51.40246859158034,0.00929107725555608,3.8506656823602943,55.72838056119623,2.0711067564844154,0.7490308288720694,1.3897463797819298,0.0033601856959110206,0.2577606515281287,0.9105567890207843,0.004452623982192792,-232.66330443159922,0.10803984846358917,-0.7251461988304093,0.10945095798054875,0.339754757143547,0.5947283613629529,-0.4280698200479422,-0.724913670526102,-1.4092558692231107,-0.5014598884572369,0.42929749808812345,0.32601068864208627,Specialty Chemicals,Basic Materials,SCL
2022Q3,2022,Q3,2022-11-03,2022-09-30,39384000.0,719185000.0,31137000.0,1.71,118476000.0,0.1647364725,2336770000.0,1130239000.0,1072747000.0,603245000.0,1206531000.0,397602000.0,1247411000.0,2131273510.0,2530507510.0,49.67428470970861,1.7782940596275145,0.24175250452547747,0.49982348866036297,0.013926061878674355,49.67428470970861,0.03484572731962001,2.963456565417799,13.528803003757872,1.8856839217192116,0.18974710542352224,1.5108299254027897,0.003506354282984543,0.3077688433179132,1.0640519192036404,0.016854033559143604,-54.50966802220005,0.16473647253488324,-0.243362831858407,0.8156693992599929,0.48842719219931413,0.5526149922057064,-0.09982220736395823,-0.24444614971415415,-0.4481310150475887,0.5394497566419458,0.6116286161532715,0.3389585048167845,Specialty Chemicals,Basic Materials,SCL
2022Q2,2022,Q2,2022-08-04,2022-06-30,52126000.0,751633000.0,56421000.0,2.26,131614000.0,0.1751040734,2288799000.0,1125711000.0,1087367000.0,638228000.0,1163088000.0,340712000.0,1215500000.0,2309969200.0,2641376200.0,49.39061951561951,1.7037281347731532,0.22981135521293045,0.4672531404596739,0.024805999234945263,49.39061951561951,0.04630495748908912,3.0732674057685068,11.078776426351531,2.0520090858133218,0.1433449717991022,1.819774472281575,0.003234675163634216,0.3283962462409325,1.1176805154270888,0.022774389537919233,-228.8684434756762,0.17510407339752246,0.17098445595854914,0.88272763490646,0.5288647101648389,0.6027105593228933,0.20504674095166592,0.16329308844205406,0.4529137589163855,0.7472495525146263,0.6095638117956158,0.3294714701403031,Specialty Chemicals,Basic Materials,SCL
2022Q1,2022,Q1,2022-05-05,2022-03-31,44809000.0,675276000.0,38833000.0,1.93,109219000.0,0.1617397923,2272596000.0,1116738000.0,1081871000.0,611062000.0,1155858000.0,308423000.0,1170846000.0,2262353760.0,2563426760.0,48.774371069182386,1.7704766455776992,0.23634381121853598,0.48096688748838134,0.01714908435556081,48.774371069182386,0.04012489948403296,3.3502653137383827,12.622206253208061,2.025859028706823,0.16766720971233456,1.8353268076635012,0.0033208776332132955,0.2971386027256934,1.2118492067908002,0.019717098859630133,-27.855324681720802,0.1617397923219543,1.643835616438356,0.40440526850132363,0.4423834717500284,0.6591311950771068,0.3118926645286056,1.626861296752257,0.7512852890772977,0.8094094039192772,0.39269194119899065,0.3550342924167672,Specialty Chemicals,Basic Materials,SCL
2021Q4,2021,Q4,2022-02-25,2021-12-31,17058000.0,610027000.0,22174000.0,0.73,83253000.0,0.1364742872,2065612000.0,1074193000.0,913368000.0,500476000.0,991419000.0,0.0,0.0,2842263720.0,3005939720.0,46.97363127514431,1.8249986013315325,0.15630331349740417,0.30056237566247407,0.012175377997036203,46.97363127514431,0.015879827926638883,4.659242492545412,41.65587583538515,2.645952561597404,0.44032125688826357,0.0,0.002642611924835743,0.2953250658884631,0.3180691981233865,0.008258085255120517,-12.996770405596964,0.13647428720368115,-0.5408805031446541,0.6644248447580372,0.4497418003186568,0.6921059604884289,-0.09405197179420215,-0.5379739978331528,-0.4485862780692811,-0.3636619146208378,0.31402468442112236,0.377685255703542,Specialty Chemicals,Basic Materials,SCL
2021Q3,2021,Q3,2021-11-04,2021-09-30,36920000.0,602688000.0,40213000.0,1.59,91896000.0,0.15247690347244344,1955939000.0,1057296000.0,839213000.0,491065000.0,896922000.0,290934000.0,1124066000.0,2586100120.0,2819577120.0,46.17416368241768,1.7089652082718174,0.17318791639207562,0.3203880464884006,0.025956567029066856,46.17416368241768,0.03491926574961033,4.290943440055219,17.51151218851571,2.4459565911532817,0.18548212351029253,1.7556971684299532,0.0026480026612426743,0.3081323088296721,1.0565688859926894,0.018875844287577475,-53.91527582037276,0.15247690347244344,-0.14054054054054055,0.8011760384051012,0.349591435163812,0.6505652661979976,-0.17715636500389503,-0.14691067054854662,-0.29023774643909844,0.6718643258088473,0.19096019972001477,0.364827315086141,Specialty Chemicals,Basic Materials,SCL
2021Q2,2021,Q2,2021-08-05,2021-06-30,43278000.0,595511000.0,56657000.0,1.85,111681000.0,0.18753809753304304,1887305000.0,1048801000.0,815855000.0,464501000.0,836789000.0,266088000.0,1093994000.0,2760437040.0,2930445040.0,45.695407807598464,1.7564117192428004,0.15739957240615587,0.2832386696809023,0.030206688147797107,45.695407807598464,0.041264262715233875,4.635408984888608,15.945960072092054,2.631993142645745,0.158579416793752,1.8183082288566188,0.0024862005184512377,0.3155351148860412,1.1168608894275793,0.022931110763761024,-3274.5397864768684,0.18753809753304304,0.06321839080459776,0.5401387847109537,0.2990001854750897,0.6804885595700343,0.024784364103505232,0.06567186230331684,0.050877323144266795,0.31942433094003847,0.14985072300456898,0.3829758032673808,Specialty Chemicals,Basic Materials,SCL
2021Q1,2021,Q1,2021-05-06,2021-03-31,40611000.0,537740000.0,53914000.0,1.74,108980000.0,0.20266299698739168,1827939000.0,1002282000.0,797653000.0,464089000.0,823993000.0,235062000.0,1057579000.0,2920225140.0,3078338140.0,43.626795507965525,1.7187500673362222,0.16893616253058774,0.3081019114380983,0.030043756584456398,43.626795507965525,0.04051853669925231,5.43055219994793,17.97681133190515,2.913576358749334,0.1689443746768117,1.8240294050080403,0.0023494763831805104,0.2941783068253372,1.1449118595786585,0.02221682452204368,-59.1977526859923,0.20266299698739168,0.3384615384615384,0.4531346556201155,0.19332277020545338,0.6673160560137119,0.0017280682403117875,0.33808896210873146,0.2115505617977528,0.3280575120530192,0.08197482175974116,0.30004621056085706,Specialty Chemicals,Basic Materials,SCL
2020Q4,2020,Q4,2021-02-26,2020-12-31,30350000.0,494734000.0,44500000.0,1.3,108792000.0,0.21989998665949784,1752336000.0,986693000.0,905651000.0,416554000.0,763971000.0,218783000.0,1023829000.0,2737439440.0,2586170440.0,43.008150989451664,2.1741502902384804,0.11337380502369408,0.2013483423922132,0.025088278724837498,43.008150989451664,0.030759314193979283,5.533154058544592,22.54892454695222,2.774357819504141,0.22596375617792422,1.7640401676547082,0.002505260901771767,0.28232827494270507,0.9136630544899341,0.0173197377671862,51.994139299891735,0.21989998665949784,-0.09090909090909084,1.33563186253074,0.1688208340172509,0.7548138535151433,0.12090833221715075,-0.08496140858658949,0.049652081613397805,2.0731621937833418,0.04499723847885325,0.3343000838658763,Specialty Chemicals,Basic Materials,SCL
2020Q3,2020,Q3,2020-10-29,2020-09-30,33168000.0,464480000.0,42395000.0,1.43,97057000.0,0.20895840509817432,1617651000.0,938193000.0,833036000.0,361166000.0,678415000.0,202315000.0,1000337000.0,2496863000.0,2394391000.0,40.95660715065264,2.306518332290415,0.12853205048554972,0.2216175136672305,0.027706131146748747,40.95660715065264,0.035353067012864094,5.375609283499828,18.819818801254222,2.6613532610028003,0.18620356970574048,1.8160937152460273,0.002473503752508648,0.2871323913501738,1.6779209560146857,0.020503804590730635,47.158671098855436,0.20895840509817432,-0.0714285714285715,0.3212351560086344,0.03810843655628319,0.6879126184744948,-0.014599725874409868,-0.07110650572716834,-0.0499294086009457,0.5188213282497768,-0.045173542861157,0.2801360435000765,Specialty Chemicals,Basic Materials,SCL
2020Q2,2020,Q2,2020-07-30,2020-06-30,35707000.0,460549000.0,44623000.0,1.54,98495000.0,0.21386432279735706,1543408000.0,897429000.0,796376000.0,319172000.0,645147000.0,208191000.0,973345000.0,2225823300.0,2160832300.0,39.149718623216856,2.4951311518554258,0.13469283559499498,0.23164618036635767,0.029524176769730914,39.149718623216856,0.03978810580001315,4.832978249871349,15.58394222421374,2.480222167993234,0.17276724451788164,1.7390473171270613,0.002771558730650362,0.2983974425427366,1.7531487724487111,0.023135165814872023,51.16129499379396,0.21386432279735706,0.30508474576271194,1.0944222265851686,0.009943337864719256,0.6172791509996889,0.24254122040141796,0.2963151207115629,0.11546345365463453,0.2823230325801104,-0.06857038475917268,0.27039644465497753,Specialty Chemicals,Basic Materials,SCL
2020Q1,2020,Q1,2020-04-30,2020-03-31,27545000.0,449987000.0,40004000.0,1.18,79269000.0,0.17615842235442358,1506300000.0,866778000.0,768544000.0,310158000.0,638828000.0,198194000.0,943807000.0,2036614579.9999998,2004412579.9999998,37.64835164835165,2.4779112581329517,0.1474719511385514,0.25627900108216867,0.027776139380141906,37.64835164835165,0.03177860997856429,4.52594092718234,18.484430749682335,2.349638061879743,0.22515883100381195,1.8704804383583762,0.0030452497300692016,0.29873663944765316,1.7568690796303819,0.018286529907720905,-51.329853063487654,0.17615842235442358,0.24210526315789474,0.2778605666935832,-0.03567210768439666,0.6165738060804772,-0.0646063438119513,0.24988655957890915,0.40409252044505284,-0.14144587781064122,-0.04413382705700195,0.2806634569293263,Specialty Chemicals,Basic Materials,SCL
2019Q4,2019,Q4,2020-02-27,2019-12-31,22038000.0,444990000.0,28491000.0,0.95,84744000.0,0.19044023461201376,1579367000.0,891783000.0,818789000.0,339114000.0,686871000.0,203647000.0,922464000.0,2356632200.0,2263352200.0,38.76474679417518,2.414494830646921,0.14062785913597028,0.2490549831068769,0.0196853773266801,38.76474679417518,0.024712289873209066,5.295921706105755,26.733734912423994,2.6426072261974043,0.2806969779471821,1.7689727813324037,0.0026249323080623273,0.2817521196783268,1.7463861710221342,0.013953691573902709,46.175879771141936,0.19044023461201376,-0.14414414414414425,2.486079874410739,-0.0331621995535764,0.6433972267834197,0.09485543009224567,-0.1487504345474912,0.018772795537438318,1.1375397734848525,0.0512301324464405,0.3964017114843977,Specialty Chemicals,Basic Materials,SCL
2019Q3,2019,Q3,2019-10-30,2019-09-30,25889000.0,451582000.0,27966000.0,1.11,77402000.0,0.17140187164235954,1518370000.0,854209000.0,798028000.0,292963000.0,663463000.0,203303000.0,906612000.0,2234806500.0,2180731500.0,37.099196525515744,2.72398903615815,0.1527427438634852,0.27150264162517607,0.023643842809686268,37.099196525515744,0.03030757109793973,4.948838749108689,21.580656842674497,2.616229166398387,0.21731237204990536,1.8405040751981032,0.0025174439039800534,0.2974123566719574,1.9422623334687315,0.017050521282691307,79.38639835174594,0.17140187164235954,-0.1461538461538461,0.8940633330089927,-0.09301687909828908,0.4677800413617844,-0.16735334932604698,-0.14325898471109935,-0.318982101546329,0.25605210620781604,0.005644085871262026,0.3261668497135513,Specialty Chemicals,Basic Materials,SCL
2019Q2,2019,Q2,2019-07-31,2019-06-30,30218000.0,473003000.0,41065000.0,1.3,92959000.0,0.19652940890438328,1528968000.0,857658000.0,806807000.0,299466000.0,670571000.0,216278000.0,886349000.0,2134762420.0,2092133420.0,37.150567443472234,2.6941522576853467,0.15215295545753738,0.27124681399812045,0.028017608181365297,37.150567443472234,0.035233158205251976,4.5132111635655585,17.661347706664902,2.4890602314675547,0.1867099080018532,1.757201379705749,0.0026429170511630047,0.3093609545785131,1.884317418337975,0.019763657578183453,38.83221923090916,0.19652940890438328,0.21495327102803735,0.22347205773790946,-0.07483641955342438,0.4456588212535445,0.09868926473543004,0.2094940762087736,0.38089313336471853,0.06912931012491867,0.025782213248074056,0.3662445870525463,Specialty Chemicals,Basic Materials,SCL
2019Q1,2019,Q1,2019-05-07,2019-03-31,24984000.0,489170000.0,29738000.0,1.07,84609000.0,0.17296440910113048,1526000000.0,831447000.0,808136000.0,295448000.0,693779000.0,215028000.0,861773000.0,2037793780.0,2040196780.0,35.99493484566432,2.73529013565839,0.17815334207077327,0.3269745395677656,0.021096872114971018,35.99493484566432,0.030048818505569206,4.165819203957724,20.3909880323407,2.4509003941321574,0.22586455331412103,1.8814340457986867,0.0027691712750246987,0.3205570117955439,1.923827543256343,0.01637221494102228,-95.6486167566299,0.17296440910113048,-0.0775862068965516,0.8921029869288004,0.010104396013945376,0.456301246000987,0.07743734718826406,-0.072812291249165,-0.2449409673733655,-0.11086524650078686,0.07966453856457203,0.3756438469652403,Specialty Chemicals,Basic Materials,SCL
2018Q4,2018,Q4,2019-02-27,2018-12-31,26946000.0,466659000.0,39385000.0,1.16,78528000.0,0.1682770502658258,1484666000.0,783766000.0,802530000.0,338582000.0,700140000.0,200165000.0,813448000.0,1701038000.0,1676924000.0,34.096054291556094,2.3702677637913414,0.18595428197318453,0.3522479923854824,0.029005197697646853,34.096054291556094,0.03438015938430603,3.645141313035857,15.781915683218289,2.1703391063148953,0.20901061382023306,1.9390552793944995,0.0033109195679344025,0.31431918020618776,1.713673497114436,0.018149536663465048,33.2240473446747,0.1682770502658258,0.22105263157894733,1.5043848543910612,-0.026185270380619765,0.40468439050741056,-0.06653194650817236,0.21553590761457958,0.42214920199321154,1.069612224143876,0.10033470784686335,0.39118346277434146,Specialty Chemicals,Basic Materials,SCL
2018Q3,2018,Q3,2018-11-01,2018-09-30,22168000.0,507997000.0,27694000.0,0.95,84125000.0,0.16560137166164368,1492231000.0,777651000.0,815032000.0,326883000.0,713817000.0,195169000.0,792134000.0,1981393200.0,1993642200.0,33.83150613416863,2.4933447135519438,0.19181815684032835,0.36807899687649087,0.022859952465917405,33.83150613416863,0.02850636082252836,3.9004033488386742,22.345195777697583,2.5479208539563376,0.2284824972933959,2.171820319825382,0.0025562821150289603,0.3404278560088887,1.8264853173765536,0.01485560881659743,85.25788296041308,0.16560137166164368,-0.326241134751773,0.07304077283527916,0.05512554077246364,0.44553233117618524,-0.057739695340501794,-0.32671222475322703,-0.38023945395546604,-0.11998076961872471,0.1314664034870564,0.3942714027997934,Specialty Chemicals,Basic Materials,SCL
2018Q2,2018,Q2,2018-08-01,2018-06-30,32925000.0,519866000.0,44685000.0,1.41,89280000.0,0.1717365628835123,1458785000.0,761240000.0,780553000.0,305713000.0,696751000.0,188461000.0,775031000.0,1797272390.0,1827352390.0,33.04136464256261,2.5532214855109205,0.19661293473678437,0.3767747359571226,0.03303074755366629,33.04136464256261,0.04325179969523409,3.4571839474018304,13.646715186028853,2.360979966896117,0.15392558845861806,2.28474856866938,0.0028198285514195206,0.3563691702341332,1.8610788550045303,0.02257015255846475,49.316002359784875,0.1717365628835123,0.07633587786259531,0.4175988359473613,0.07290621302223996,0.4705113486719274,-0.0032376911912470694,0.0716726882140416,0.12684402975665113,0.9215181358580076,0.13428035266780441,0.3649423811006685,Specialty Chemicals,Basic Materials,SCL
2018Q1,2018,Q1,2018-05-01,2018-03-31,30723000.0,499335000.0,39655000.0,1.31,89570000.0,0.17937857350275868,1480633000.0,774583000.0,782010000.0,299554000.0,705207000.0,187737000.0,747174000.0,1919960760.0000002,1966192760.0000002,33.55788059960142,2.6105810638482545,0.19641126464154182,0.3754445940589969,0.030354641640335356,33.55788059960142,0.0396639223943722,3.8450354171047496,15.623154965335416,2.4787024244012588,0.16573902288188003,2.182654458098297,0.002652137536394233,0.33724427322638356,1.9023514958905572,0.02074990899162723,-72.72854123262246,0.17937857350275868,2.1190476190476195,0.5708951890203783,0.06443983724534716,0.5290058592688184,0.11130411047283464,2.108356940509915,0.28620544257403263,0.4216503276660424,0.06734604763135456,0.4409340220680561,Specialty Chemicals,Basic Materials,SCL
2017Q4,2017,Q4,2018-02-27,2017-12-31,9884000.0,473823000.0,30831000.0,0.42,80599000.0,0.17010360408844652,1470861000.0,740096000.0,788736000.0,320253000.0,729947000.0,172748000.0,721741000.0,1813230170.0,1805135170.0,32.232742476372984,2.462852806999466,0.19770664937067473,0.39292064813213423,0.010362429020652967,32.232742476372984,0.013355024213075061,3.826809103821469,45.86276229259409,2.4499932035843996,0.5125455281262646,2.2762868455785306,0.002793908949794278,0.3221398894932968,1.8498968003422294,0.0067198735978450715,33.91180253978941,0.17010360408844652,-0.5531914893617021,-0.3928152964940292,0.05179758906629674,0.46545806843215226,0.06609613502288299,-0.5486551897346911,0.01722260714639216,0.566496145624295,0.0314565720829421,0.36647866884184027,Specialty Chemicals,Basic Materials,SCL
2017Q3,2017,Q3,2017-10-27,2017-09-30,21899000.0,487814000.0,30309000.0,0.94,75602000.0,0.15498120185152536,1442831000.0,734933000.0,765659000.0,289970000.0,706560000.0,163716000.0,716923000.0,1921753860.0,1962079860.0,31.99394889208132,2.6404766010276925,0.21099213975857187,0.41422279309814636,0.021740605746512532,31.99394889208132,0.029797274037225163,3.9395217439433883,21.938831225170098,2.6148694642913024,0.2107858806338189,2.5178479806494174,0.0024019725398131894,0.33809503677145836,1.9940855950615581,0.0151777997561738,43.49335430575987,0.15498120185152536,-0.21008403361344538,-0.002747326988166837,0.01909376608876342,0.45305630922909584,-0.15966031611942288,-0.21458288501542214,-0.22206822206822208,0.6059175410752183,-0.017943262744784687,0.2657977537558843,Specialty Chemicals,Basic Materials,SCL
2017Q2,2017,Q2,2017-07-28,2017-06-30,27882000.0,495101000.0,38961000.0,1.19,89966000.0,0.1817124182742511,1406739000.0,707341000.0,733429000.0,274392000.0,698040000.0,178372000.0,699640000.0,2000124420.0,2080747420.0,30.816930248769225,2.672924137729963,0.21641612267805185,0.4304020267452332,0.028983078368210465,30.816930248769225,0.03941804589299928,4.039831105168441,17.933832042177748,2.8276664579036135,0.16566243454558496,2.2712925795528447,0.0023093563349424035,0.35194943767109604,1.9316853261028017,0.019820307818294653,50.363207433147004,0.1817124182742511,-0.13138686131386873,0.1963164949571497,-0.032111019259894555,0.46727749690073,-0.02314925405546266,-0.1263121611882305,-0.15410668924640136,0.13543295682432568,-0.02600288359228499,0.19919479361590428,Specialty Chemicals,Basic Materials,SCL
2017Q1,2017,Q1,2017-04-27,2017-03-31,31913000.0,468269000.0,46059000.0,1.37,92098000.0,0.19667755072404963,1370432000.0,673233000.0,699602000.0,271610000.0,695875000.0,189777000.0,676377000.0,1804827810.0,1923764810.0,29.39753722544867,2.575759360848275,0.2311285784336618,0.4704849584022174,0.03349228779961768,29.39753722544867,0.047402608012382046,3.854254306819371,14.13865673863316,2.680836812812206,0.14432989690721648,1.9821738145296848,0.0025520440091179666,0.341694443795825,1.7867530650565149,0.023286817587446877,-105.43450227830354,0.19667755072404963,2.8055555555555562,0.31354031229101437,-0.07612997716197975,0.4271117094612307,0.3401920838183935,2.114982918496828,3.637434554973822,1.4377499960436086,-0.0246946948223945,0.18938040239120116,Specialty Chemicals,Basic Materials,SCL
2016Q4,2016,Q4,2017-02-24,2016-12-31,10245000.0,420636000.0,9932000.0,0.36,68720000.0,0.16337165625386318,1353890000.0,634604000.0,685541000.0,297265000.0,717974000.0,173663000.0,649070000.0,1862632800.0,1953902800.0,27.760454943132107,2.3061611693270314,0.23414974628662594,0.4995445978909682,0.015246705162380218,27.760454943132107,0.016143925975884172,4.428134539126465,45.45224011713031,2.935110399556259,0.44870668618838455,2.026430500452025,0.00246801194524224,0.3106869834329229,1.6455048525726204,0.007567084475105067,30.45757174392936,0.16337165625386318,-0.5955056179775281,-0.28512960749016314,-0.12912660654568361,0.45454706828706865,-0.17596978236105282,-0.49845792333676014,-0.6543948778620642,-0.04253083681441223,-0.11734862546455936,0.1436712705393307,Specialty Chemicals,Basic Materials,SCL
2016Q3,2016,Q3,2016-10-28,2016-09-30,20427000.0,445030000.0,28738000.0,0.89,83395000.0,0.1873918612228389,1331090000.0,638356000.0,696332000.0,244723000.0,691358000.0,184012000.0,643422000.0,1658028540.0,1777175540.0,27.97475787720759,2.8453884596053496,0.24502250035685041,0.5109171058155637,0.022428797549550485,27.97475787720759,0.03199938592258865,3.7256556636631237,20.292119988250843,2.5973415147660552,0.20830273657414206,1.9652794382975023,0.002566300818923177,0.33433501866891047,1.9946224915516728,0.015346069762375196,125.77019949935523,0.1873918612228389,-0.2644628099173553,-0.03379559347261554,-0.19190733939516572,0.46023503235443636,-0.1026137672036242,-0.26692984030145345,-0.33036629695218567,-0.003995972636753523,-0.06889411711809243,0.19528869947317734,Specialty Chemicals,Basic Materials,SCL
2016Q2,2016,Q2,2016-07-29,2016-06-30,27865000.0,454603000.0,42916000.0,1.21,92931000.0,0.204422320134271,1304475000.0,618884000.0,679339000.0,242258000.0,684216000.0,180651000.0,627250000.0,1354902800.0,1485848800.0,27.191739894551844,2.804196352648829,0.24634968090611165,0.5192523962487315,0.032454526050412755,27.191739894551844,0.04502459265387375,2.9804088402408255,12.155955499730846,2.1892677787759904,0.15216221065853222,2.0020481480866423,0.0031293757751478554,0.34849498840529713,1.962655516020111,0.021361083960980472,24.110306783400954,0.204422320134271,0.0,0.21391216679610245,-0.13361252235809418,0.4165110202363154,-0.006074931282687515,0.00762999927677732,-0.037908848387024456,0.2144453566321009,-0.05028344217786531,0.21017284054804347,Specialty Chemicals,Basic Materials,SCL
2016Q1,2016,Q1,2016-04-29,2016-03-31,27654000.0,445897000.0,44607000.0,1.21,93499000.0,0.2096874390273987,1259957000.0,594829000.0,639126000.0,221349000.0,663714000.0,177787000.0,603625000.0,1256907570.0,1439088570.0,26.165882197686184,2.887413089736118,0.2602072927885634,0.5511668059223743,0.03304043133411267,26.165882197686184,0.04649067210912716,2.818829393335232,11.362800770232155,2.1130569794008025,0.15321472481377016,1.9821359266988026,0.0033709718209430466,0.3538985854279154,1.9756312429692477,0.0219483680792281,-58.602553618052966,0.2096874390273987,1.1607142857142854,0.3386934736143523,-0.04173354811542044,0.4449583643696645,0.2518443144238107,1.1483840894965818,1.2057558225782525,0.4356819227714119,-0.03488215264742191,0.19220244182152052,Specialty Chemicals,Basic Materials,SCL
2015Q4,2015,Q4,2016-02-24,2015-12-31,12872000.0,419291000.0,20223000.0,0.56,74689000.0,0.17813165558049182,1239661000.0,556984000.0,619573000.0,243244000.0,681277000.0,170424000.0,580208000.0,1129254940.0,1285734940.0,24.508668485435184,2.5471255200539376,0.26831770943830613,0.5971859155738765,0.019434552713555035,24.508668485435184,0.02311017910747885,2.69324869839801,21.932390848353013,2.0274459230426727,0.3288533250466128,2.022027413979252,0.0037484892472553627,0.3382303710449873,1.7502795546858299,0.010383483871800436,36.77037348181433,0.17813165558049182,-0.4862385321100917,0.3772098204876697,0.055787162108950406,0.4478369101072554,-0.037488079589680146,-0.4833012202954399,-0.4787080476362324,-0.20108253985016084,-0.059628692418761654,0.11428389951109531,Specialty Chemicals,Basic Materials,SCL
2015Q3,2015,Q3,2015-10-28,2015-09-30,24912000.0,444011000.0,38794000.0,1.09,77598000.0,0.17476594048345648,1248034000.0,551584000.0,645379000.0,249965000.0,695028000.0,179853000.0,571569000.0,945878520.0,1126874520.0,24.264648953017772,2.5818774628447985,0.2735927066089546,0.6190407988629112,0.032710601834863046,24.264648953017772,0.045164471775831064,2.130304249219051,9.492197736030828,1.7148403869582873,0.16080603725112397,2.0372915658899213,0.004235216167082429,0.3557683524647566,1.7119076670733904,0.019960994652389277,105.49615436091902,0.17476594048345648,0.4729729729729731,0.16120954111435615,0.08503984601955249,0.44460624416856126,-0.02407183821309991,0.4728627172756297,0.3566707466340269,0.14638837949190506,-0.0626627663341811,0.10201780253322137,Specialty Chemicals,Basic Materials,SCL
2015Q2,2015,Q2,2015-07-29,2015-06-30,16914000.0,452414000.0,28595000.0,0.74,79512000.0,0.17575052938237987,1161560000.0,550519000.0,564384000.0,233973000.0,609598000.0,178582000.0,550663000.0,1230569620.0,1408674620.0,24.207149766951016,2.41217576387019,0.224241537243018,0.4731353504602021,0.02473825053100066,24.207149766951016,0.030723735238929083,2.720007824691544,18.188625103464584,2.23529000815594,0.2373181979425328,2.0881275828470955,0.003261904027827373,0.389488274389614,1.482483021545221,0.01456145184062812,65.84107116104869,0.17575052938237987,-0.20430107526881724,-0.11341803907759074,0.10294121359242421,0.5545160108981079,0.040161167944323804,-0.20479548660084626,-0.18713400420717494,-0.26754778656056316,-0.10735540586599665,0.15256794983892102,Specialty Chemicals,Basic Materials,SCL
2015Q1,2015,Q1,2015-04-29,2015-03-31,21270000.0,460451000.0,35178000.0,0.93,76442000.0,0.1660154935052807,1158349000.0,529079000.0,578931000.0,244803000.0,627871000.0,172168000.0,537763000.0,946431879.9999999,1132859880.0,23.288977902984417,2.3648852342495803,0.24494862947177404,0.5362828613496283,0.03016902992395181,23.288977902984417,0.04020193581676838,2.0554453785527667,11.124023037141512,1.788829040653664,0.19026798307475318,2.230431903721946,0.0042760605232359675,0.39750627833235064,1.5065910139990115,0.018362341574085186,170.31345690120565,0.1660154935052807,2.444444444444444,-0.08467474477892885,0.21465553290964198,0.547582433030476,0.533409560490261,2.4092001923385156,2.9069302532207906,-0.11747378456372004,-0.08423668954924239,0.13056997978597398,Specialty Chemicals,Basic Materials,SCL
2014Q4,2014,Q4,2015-02-27,2014-12-31,6239000.0,454231000.0,9004000.0,0.27,49851000.0,0.10974812375201164,1162014000.0,535546000.0,575556000.0,249513000.0,625070000.0,183233000.0,520540000.0,909976320.0,1098692320.0,23.588178294573645,2.3067174856620696,0.23573812363706462,0.5114985454097314,0.011517317962111298,23.588178294573645,0.011649792921616444,2.0033338103299863,36.4632280814233,1.6991562256090045,0.6420900785382273,2.2069168763268627,0.004402312359073256,0.3908997654073015,1.4253806414896217,0.005369126361644524,-387.7189262888794,0.10974812375201164,-0.5423728813559322,-0.36690341800844717,0.3001120701029962,0.6469364992785609,-0.23422786832363016,-0.5375435475502187,-0.5953803981485642,-0.5616669864356458,-0.053110715859114754,0.2359349173091643,Specialty Chemicals,Basic Materials,SCL
2014Q3,2014,Q3,2014-10-29,2014-09-30,13491000.0,491429000.0,22253000.0,0.59,65099000.0,0.13246877982373853,1178508000.0,574416000.0,609015000.0,272313000.0,602665000.0,196829000.0,518307000.0,1008579880.0,1185034880.0,25.275719440288658,2.2364521708475174,0.22499804837981582,0.46162014985655,0.019601007292673285,25.275719440288658,0.023486462772624717,2.0523409892375093,18.689865095248685,1.7558352831397455,0.2808539026017345,2.1659917999888227,0.00375676738663476,0.41699250238437074,1.385189102246312,0.011447525175900376,155.19001077088782,0.13246877982373853,-0.4433962264150944,-0.39983259476958954,0.30980751968627235,0.7920317760359659,-0.09065638575758846,-0.44602307723894385,-0.39716638673673943,-0.3592595037896591,-0.1040036068529094,0.31934979229052507,Specialty Chemicals,Basic Materials,SCL
2014Q2,2014,Q2,2014-07-30,2014-06-30,24353000.0,504111000.0,36914000.0,1.06,71589000.0,0.1420103905687438,1207939000.0,584964000.0,641726000.0,284037000.0,621562000.0,203943000.0,508605000.0,1203252180.0,1378126180.0,25.69801871458068,2.25930424557364,0.22461564698217376,0.46382683378806217,0.0316355643875867,25.69801871458068,0.04163162177501521,2.3868794372667925,12.352196649283455,2.056967915974316,0.15570976881698353,2.120798458392786,0.0031514590731927866,0.41733150432265204,1.4198467101117107,0.020160786264869335,220.98295316804408,0.1420103905687438,0.8596491228070178,0.06919465002976115,0.349452798501311,1.0317084711409663,0.1359006092916984,0.8707174681210631,0.6389468543266883,0.06077541308015832,-0.039386241385611226,0.33869795932904023,Specialty Chemicals,Basic Materials,SCL
2014Q1,2014,Q1,2014-04-30,2014-03-31,13018000.0,477442000.0,22523000.0,0.57,63024000.0,0.13200346848413,1174533000.0,562873000.0,613485000.0,269162000.0,610238000.0,185637000.0,488044000.0,1470224880.0,1643143880.0,24.716682035744082,2.2792407546384705,0.22957124235760085,0.47904056510083093,0.01945502100724197,24.716682035744082,0.023127774826648285,3.079379024048994,28.234461514825625,2.612001073066216,0.29190351820556154,2.2324105647042347,0.0025846386166448222,0.40649517723214246,1.460083518475862,0.011083554059358059,-49.90410644580972,0.13200346848413,0.23913043478260854,-0.2626506412494287,0.2884548098945706,1.220397191599516,0.03424848614142475,0.2223474178403756,0.61977705861201,-0.37092277751480945,0.024256810165976757,0.3649291920366451,Specialty Chemicals,Basic Materials,SCL
2013Q4,2013,Q4,2014-02-26,2013-12-31,10650000.0,474329000.0,13905000.0,0.46,60937000.0,0.12846990169270697,1167202000.0,552286000.0,608550000.0,268993000.0,613461000.0,172368000.0,478826000.0,1493279390.0,1630555390.0,24.273106843053665,2.2623265289431322,0.23185618256308677,0.49000517847636915,0.017269409818468993,24.273106843053665,0.019283487178744348,3.148193321513127,35.05350680751174,2.7038153963707208,0.3564319248826291,2.3983105912930474,0.0025420561118170925,0.4063812433494802,1.4835627692913942,0.009124384639505415,34.87340938813639,0.12846990169270697,-0.4831460674157303,4.499824199006724,0.11568937284921679,1.2800935169660679,-0.18030427355026163,-0.4779923536908146,-0.5526781405822744,0.13811991583271235,0.1929571644718128,0.43392122796205324,Specialty Chemicals,Basic Materials,SCL
2013Q3,2013,Q3,2013-10-30,2013-09-30,20402000.0,475466000.0,31085000.0,0.89,74341000.0,0.1563539769405173,1153404000.0,531275000.0,608900000.0,265898000.0,620578000.0,178402000.0,471972000.0,1310471000.0,1484188000.0,23.404185022026432,2.2899758554032,0.23998963069314827,0.5210201872853042,0.027833741894053594,23.404185022026432,0.03840195755493859,2.7561823558361693,16.058119302029212,2.4666528633946636,0.17503185962160572,2.248433313527875,0.002724974455749116,0.4122284992942629,1.4901578800893576,0.01768851157096733,88.42584345479082,0.1563539769405173,-0.101010101010101,0.018038123866286532,-0.06840971276367382,0.8732219945638607,0.008601625354443946,-0.10289332512531879,-0.13337422286654213,-0.047672043269396044,0.16354508044331506,0.39337815634422363,Specialty Chemicals,Basic Materials,SCL
2013Q2,2013,Q2,2013-07-31,2013-06-30,22742000.0,474445000.0,35869000.0,0.99,73707000.0,0.15535415063916788,1123727000.0,506885000.0,595969000.0,260803000.0,615043000.0,171792000.0,455141000.0,1271199650.0,1449768650.0,22.46930271731903,2.2851309225737433,0.2540154325739259,0.5631336496443966,0.03184950901371676,22.46930271731903,0.04486619252887736,2.6793403871892423,13.974140906692462,2.5078659853812995,0.15675842054348782,2.3326930241221944,0.002804437524821534,0.42220663915701945,1.4968424442970365,0.02023801154550883,41.41929718810075,0.15535415063916788,0.19277108433734944,0.9676827168938684,-0.046885825292431474,0.8484692941822028,0.013851444291609354,0.1948092886413786,0.2677246059235174,0.20173865386852133,0.16603346456671006,0.4429162939073361,Specialty Chemicals,Basic Materials,SCL
2013Q1,2013,Q1,2013-05-02,2013-03-31,19034000.0,456546000.0,28294000.0,0.83,72700000.0,0.15923915662386703,1007126000.0,493029000.0,543029000.0,252184000.0,512237000.0,177379000.0,435964000.0,1377267840.0,1516413840.0,21.947516025641026,2.1533047298797703,0.1925439319409885,0.3933156061813808,0.030959975456963947,21.947516025641026,0.0386062483139937,3.01671209472868,18.089574445728697,2.7934824117851083,0.18608805295786487,2.1639878452353436,0.0025717583008400165,0.4533156725176393,1.3333518383402594,0.018899323421299817,-44.59775403147464,0.15923915662386703,0.2205882352941175,0.8207456638775948,0.001438146092046703,0.882036722392565,0.03679406731317741,0.23285186864434226,0.14997561372134613,-0.1716363649840174,0.2179718730179742,0.4584405718202132,Specialty Chemicals,Basic Materials,SCL
2012Q4,2012,Q4,2013-02-27,2012-12-31,15439000.0,427259000.0,24604000.0,0.68,70120000.0,0.16411591095799036,985478000.0,478985000.0,523078000.0,247167000.0,504598000.0,162013000.0,420472000.0,1209494580.0,1315021580.0,21.994994719199155,2.1162938418154527,0.18508987516717776,0.38080941991920414,0.02712358484332498,21.994994719199155,0.03223274215267701,2.830822943460524,19.585053759958548,2.5251199515642453,0.22818835416801606,2.204384833315845,0.0029127869262547666,0.43355508697302225,1.3461869909818058,0.015666509044341935,140.1500092699884,0.16411591095799036,-0.23595505617977525,7.2870604729943524,0.07720200423110897,1.0063863836723304,-0.01590108486660211,-0.23682649530400396,-0.2740255525065652,0.6333470684805064,0.27496882774045595,0.5356997540086232,Specialty Chemicals,Basic Materials,SCL
2012Q3,2012,Q3,2012-11-02,2012-09-30,20230000.0,440978000.0,33891000.0,0.89,71253000.0,0.1615794892262199,968648000.0,465953000.0,527136000.0,243543000.0,500890000.0,155193000.0,421016000.0,1020114210.0,1128610210.0,22.018382005481524,2.16444734605388,0.1942408387773474,0.40379823716125873,0.03482009373589113,22.018382005481524,0.04341639607428217,2.3132995523586213,12.606453410776075,2.189307097496958,0.15254572417202175,2.382356162971268,0.0030251514680890487,0.45525103030202924,1.416912003219144,0.02088477961034349,48.091373279275885,0.1615794892262199,-0.058201058201058135,4.777262316691231,0.14844780472414515,1.032663890082419,-0.029197776445582864,-0.05577596266044341,-0.02670802102179719,-0.033525414647167885,0.2622050512115577,0.561088708233849,Specialty Chemicals,Basic Materials,SCL
2012Q2,2012,Q2,2012-08-03,2012-06-30,21425000.0,470231000.0,34821000.0,0.945,73396000.0,0.15608498801652804,943297000.0,443159000.0,510797000.0,235513000.0,498430000.0,137852000.0,403872000.0,993599000.0000001,1119419000.0,21.002796208530807,2.1688696589997156,0.20708536123829505,0.44079664409388053,0.03722039058937317,21.002796208530807,0.04834607894683398,2.1130019075730866,11.59392065344224,2.2420824128585903,0.14357059509918318,2.8787032469605083,0.0030958163202660224,0.4984972919451668,1.4763813462526485,0.022712888941658883,78.80077722261878,0.15608498801652804,-0.0406091370558376,2.988730444108946,0.23363769552039962,1.00119836270804,-0.044123775786622216,-0.03932382745942068,-0.01635593220338983,0.014780660486943688,0.3579688999698684,0.6604999571546032,Specialty Chemicals,Basic Materials,SCL
2012Q1,2012,Q1,2012-05-07,2012-03-31,22302000.0,465269000.0,35400000.0,0.985,76784000.0,0.16503141193589085,944769000.0,433039000.0,514715000.0,247614000.0,510087000.0,135783000.0,385523000.0,922865800.0,1059209800.0,20.599324517172487,2.0786991042509713,0.21273983375830494,0.46413833396068255,0.03816192977158639,20.599324517172487,0.051501135001697305,1.9835101844309422,10.34510133620303,2.1311378420881257,0.13774549367769706,2.8610724464770994,0.003328761343198545,0.4924685293442101,1.424753850751573,0.023605770299406522,-55.45735232257677,0.16503141193589085,0.5711867364746946,2.4667757359773663,0.31407270555361233,1.0480961662964439,0.27756147881934046,0.6922376508081038,0.6758189736792274,0.36841890542506084,0.36018788412631586,0.8505186999060697,Specialty Chemicals,Basic Materials,SCL
2011Q4,2011,Q4,2012-02-27,2011-12-31,13179000.0,444170000.0,21124000.0,0.6269146608315098,60102000.0,0.1353130558119639,901118000.0,401211000.0,479742000.0,233226000.0,495653000.0,111175000.0,366293000.0,842561760.0,957916760.0,19.08529159927695,2.056983355200535,0.22134060134188863,0.49712993910934644,0.026183482812356135,19.08529159927695,0.032848052520992696,1.8969353175585923,15.98303664921466,2.1000465091934166,0.23120115335002656,3.454625590285586,0.003616352111683778,0.4929099185678235,1.4787502251035476,0.014625165627587065,19.749701373587737,0.1353130558119639,-0.2674821548696251,3.1003392927515376,0.3626149709618482,0.9618834372183844,-0.06207865168539326,-0.31248369763680944,-0.36760171242104,6.36624726477024,0.1307783265646443,0.7927762575383528,Specialty Chemicals,Basic Materials,SCL
2011Q3,2011,Q3,2011-10-28,2011-09-30,19169000.0,499335000.0,33403000.0,0.8558353424412894,64080000.0,0.1283306798041395,891995000.0,396373000.0,489105000.0,249257000.0,491668000.0,137211000.0,356161000.0,694977100.0000001,849188100.0000001,19.1577090381827,1.9622518123864123,0.20922202478713445,0.4708317670477051,0.0390323574942936,19.1577090381827,0.04836101348981893,1.3918053010503972,9.063815274662216,1.7533411710686653,0.14752986592936512,3.172158208889958,0.004069198826839042,0.5597957387653518,1.2994981083780996,0.0214900307737151,52.37599668400031,0.1283306798041395,-0.08466808295049262,1.7890414424248182,0.4615678247798948,0.941275554841465,-0.07911187755981892,-0.08137250203670868,-0.019807500440166676,0.04943639723651655,0.07340313700183633,0.5333429428114939,Specialty Chemicals,Basic Materials,SCL
2011Q2,2011,Q2,2011-07-29,2011-06-30,20867000.0,476989000.0,34078000.0,0.935,69585000.0,0.14588386734285277,910925000.0,397171000.0,504592000.0,262534000.0,509938000.0,159490000.0,339820000.0,733460500.0,898626500.0,19.19627839536008,1.9220062925183024,0.20941899717320306,0.4803094888599621,0.03885968613231791,19.19627839536008,0.0525390826621279,1.5376885001540916,8.787325681698375,1.8467121214791613,0.13509368859922366,2.554417204840429,0.0038434244243555037,0.5236314735022093,1.219445862250223,0.02290748415072591,-53.16086830470392,0.14588386734285277,0.11309523809523819,4.981185907761683,0.44055954851411583,0.9955547158634971,0.12622600589130223,0.11225414423538191,0.14160329637198082,0.9685469873524853,0.04478462186279194,0.5792092715474405,Specialty Chemicals,Basic Materials,SCL
2011Q1,2011,Q1,2011-05-05,2011-03-31,18761000.0,422598000.0,29851000.0,0.84,61786000.0,0.14620514058277606,858118000.0,373866000.0,462085000.0,239999000.0,480603000.0,119239000.0,321772000.0,748417500.0,881360500.0,18.108398721301945,1.9253621890091208,0.21638748983240066,0.49666458035766825,0.0369926897847742,18.108398721301945,0.050181080922041585,1.7709915806511152,9.973049144501893,2.0018335446389885,0.15025851500453066,3.025956272696014,0.003766614222676514,0.49247073246336753,1.3356180650752711,0.021862960571856084,-15.617083655029944,0.14620514058277606,1.0424732069249794,4.391395638171418,0.2785376703564462,0.9401396133019365,0.22302500049486332,1.209515958073254,1.2395528546777703,0.9526588327467521,0.008598209727919788,0.5528259023663898,Specialty Chemicals,Basic Materials,SCL
2010Q4,2010,Q4,2011-02-28,2010-12-31,8491000.0,360788000.0,13329000.0,0.4112661048144919,50519000.0,0.1400240584498376,811431000.0,349491000.0,427826000.0,205627000.0,458360000.0,96552000.0,305830000.0,787335210.0,867709210.0,16.92778262133101,2.0805925291912053,0.23609154690910256,0.5481457319358725,0.01739333476918201,16.92778262133101,0.02429533235476736,2.182265513265408,23.181463019667884,2.2528053941303208,0.33023201036391475,3.213491175739498,0.0035613801648728505,0.44463176782745545,1.5097385071026665,0.010464229244384303,726.3239944649447,0.1400240584498376,-0.5245478557057898,18.38271924321065,0.17058378934305052,0.8354986850394882,-0.13537798011261531,-0.5584503380135205,-0.5719790629716451,3.807312006276859,-0.04055486408404856,0.5441546129382417,Specialty Chemicals,Basic Materials,SCL
2010Q3,2010,Q3,2010-11-04,2010-09-30,19230000.0,366800000.0,31141000.0,0.865,58429000.0,0.159293893129771,802446000.0,342250000.0,453006000.0,216870000.0,456862000.0,100559000.0,300143000.0,602212680.0,668751680.0,16.796721633294073,2.0888366302393138,0.22120366977964873,0.5186384222059898,0.0368204537166102,16.796721633294073,0.05618699780861943,1.6418011995637949,7.829078003120125,1.759569554419284,0.13499739989599585,3.0665678855199436,0.004310769411231926,0.45710240938331054,1.524240328307281,0.023964229368705185,95.18139402560455,0.159293893129771,0.130718954248366,3.080402687751595,0.22026173484172096,0.7463882270094658,-0.07953936797000535,0.12812390003519888,0.04598280263334677,4.703523912467643,-0.007886307365790036,0.5506175488854406,Specialty Chemicals,Basic Materials,SCL
2010Q2,2010,Q2,2010-07-30,2010-06-30,17046000.0,366504000.0,29772000.0,0.765,63478000.0,0.17319865540348808,727014000.0,316426000.0,436078000.0,185134000.0,409402000.0,86757000.0,283509000.0,695248800.0000001,727140800.0000001,15.572145669291338,2.3554722525305993,0.2059575193875221,0.4732038454488569,0.04131341223907074,15.572145669291338,0.05387041519976234,1.8969746578482094,10.196656107004577,2.1971923925341157,0.1524697876334624,3.4928132600251276,0.0037382301127308667,0.5041223415229968,1.7789330971080406,0.023446591124792644,552.2230341540907,0.17319865540348808,-0.18617021276595738,1.4431624364705746,0.16570932943556552,0.6532969434952413,-0.0011644008056394763,-0.1749273959341723,-0.11537661565889169,2.2953010227743063,-0.0015786821135630787,0.483752549319091,Specialty Chemicals,Basic Materials,SCL
2010Q1,2010,Q1,2010-04-29,2010-03-31,20660000.0,337030000.0,33655000.0,0.94,63552000.0,0.18856481618846987,656735000.0,303952000.0,374278000.0,172720000.0,351620000.0,85620000.0,269062000.0,564433110.0,592093110.0,15.048618675116348,2.1669638721630387,0.15696894485599214,0.33915552455650894,0.05410228041869312,15.048618675116348,0.06797125861978207,1.6747266118743138,6.830023112294289,1.8569810693793758,0.12444336882865441,3.1940901658491008,0.0045550127277260545,0.5131902517758304,1.556658175081056,0.031458655317593856,-34.64480174318684,0.18856481618846987,1.165634766738907,4.67184015118392,0.13585995443618692,0.6120927417323818,0.27565788153114273,1.356564389186723,1.4250612480184464,2.342550041732966,-0.009283258992672065,0.49621499437368105,Specialty Chemicals,Basic Materials,SCL
2009Q4,2009,Q4,2010-02-26,2009-12-31,8767000.0,310815000.0,13878000.0,0.43405287652242797,49819000.0,0.16028505702749224,634203000.0,289285000.0,349592000.0,163295000.0,343776000.0,74693000.0,250973000.0,654516190.0,660082190.0,14.322457669076146,2.1408616307909,0.1641177982444107,0.35979743159859656,0.02420502696744948,14.322457669076146,0.030305753841367508,2.1058063156540063,18.664200695791035,2.2625306877300932,0.2931447473480096,3.4942497958309344,0.00392656444449449,0.4900875587154271,1.56547965338804,0.013823649525467397,18.818210804749718,0.16028505702749224,-0.5177190260861911,11.991253149559792,0.1563240195018747,0.531329274976621,-0.2772627700163932,-0.5514453824507547,-0.5876147743143256,2.454198423885488,-0.0075890039913997145,0.4722852063882773,Specialty Chemicals,Basic Materials,SCL
2009Q3,2009,Q3,2009-10-29,2009-09-30,19545000.0,326225000.0,33653000.0,0.9,68931000.0,0.21129895011111963,637511000.0,278705000.0,359372000.0,171443000.0,357695000.0,82193000.0,244776000.0,593590400.0,630927400.0,14.104504048582996,2.0961602398464794,0.17296329004519137,0.39563696381478625,0.055690412330106055,14.104504048582996,0.07012791302631816,1.8195736071729633,7.592611921207469,2.1298161138120952,0.1204911742133538,3.130363899602156,0.003967382221814908,0.5117166605752685,1.4900929171794708,0.030658294523545477,22.535702353834473,0.21129895011111963,-0.016393442622950834,8.395326948233375,0.2423330267995646,0.5170274532526619,0.04984921867860733,-0.001991421568627451,0.07903680902911377,1.9775888896938933,-0.00018935632901782298,0.42922772593032255,Specialty Chemicals,Basic Materials,SCL
2009Q2,2009,Q2,2009-07-31,2009-06-30,19584000.0,321199000.0,31188000.0,0.915,65658000.0,0.20441533130551465,600075000.0,247556000.0,325221000.0,163656000.0,351450000.0,77959000.0,227586000.0,432149759.99999994,497871759.99999994,12.64847741671776,1.9872231998826808,0.20255301420655752,0.4909878976877959,0.05396402594174532,12.64847741671776,0.0791093732327231,1.3454268537573277,5.5166176470588235,1.7456646576936126,0.11836192810457516,3.2778896599494605,0.005363881261903281,0.5352647585718452,1.381984161900572,0.03263592050993626,6.853754143339729,0.20441533130551465,0.27972027972027985,3.720409504049467,0.24541610819586732,0.3669745176322594,0.34835198685696683,0.29199102784008446,0.1917918147426344,4.9340878219307545,0.02546848911117906,0.3148761565952801,Specialty Chemicals,Basic Materials,SCL
2009Q1,2009,Q1,2009-05-01,2009-03-31,15158000.0,318143000.0,26169000.0,0.715,48695000.0,0.15306010190386085,561611000.0,217646000.0,290215000.0,156465000.0,343965000.0,90797000.0,210320000.0,266884800.0,392197800.0,11.131648936170214,1.8548237625027961,0.23518235931988513,0.606861600948329,0.04878184605145021,11.131648936170214,0.06964520367936924,0.8388831437435367,4.401715265866209,1.2262334249193645,0.15265866209262435,2.9675870348139255,0.008670407606577819,0.5664828502290732,1.147144728853098,0.02699021208630173,-733.2,0.15306010190386085,7.40125,2.440795760519508,0.3145959642199824,0.2010875076000679,0.5762470462564335,8.109375,2.54065755648762,3.599724883638165,0.016373182714485984,0.19264841661722742,Specialty Chemicals,Basic Materials,SCL
2008Q4,2008,Q4,2009-02-27,2008-12-31,1664000.0,365333000.0,7391000.0,0.0851063829787234,30893000.0,0.08456120854124867,611897000.0,208144000.0,328423000.0,212135000.0,402664000.0,103243000.0,197481000.0,459374240.0,594105240.0,10.645662847790508,1.5481792254932,0.23368148560950616,0.6869715197171189,0.011659856499619583,10.645662847790508,0.007994465370128373,1.2574123881499892,69.0165625,2.207002075486202,1.3876201923076923,3.2393479461077264,0.005026402873613461,0.5970498302818938,0.9272491573761992,0.002719411927170749,39.37718498199897,0.08456120854124867,-0.8929479459387127,1.4431478212394315,0.6603907958582259,0.17487413042495403,-0.2779478789295314,-0.9021176470588236,-0.7435817374410214,4.597136607675482,0.2516533294075605,0.15432130690704712,Specialty Chemicals,Basic Materials,SCL
2008Q3,2008,Q3,2008-10-30,2008-09-30,17000000.0,432947000.0,28824000.0,0.795,42785000.0,0.09882271964004832,654578000.0,240586000.0,376747000.0,219452000.0,412994000.0,105813000.0,198126000.0,525399960.0,669417960.0,12.494079767345243,1.716762663361464,0.22856863505953454,0.6218815724938276,0.051539135264136914,12.494079767345243,0.07066080320550655,1.2135433667400397,7.72647,2.183834304573001,0.13011764705882353,3.6872785007513253,0.004210125939103612,0.6614139185857147,1.1075724987696627,0.0259709308898252,184.86979591836734,0.09882271964004832,0.7096774193548387,11.087721802677477,1.0379929306255034,0.3628984945173406,-0.14431711365772684,0.7416248335211556,0.6389378518223688,2.817029503283052,0.5240922515845493,0.2990340787549138,Specialty Chemicals,Basic Materials,SCL
2008Q2,2008,Q2,2008-07-30,2008-06-30,9761000.0,420399000.0,17587000.0,0.465,50001000.0,0.11893700984065138,669830000.0,231589000.0,390045000.0,225080000.0,437289000.0,116497000.0,183338000.0,434576120.0,594605120.0,12.155626705857653,1.7329171850008886,0.2487571473358912,0.7194858132294711,0.029679527532887825,12.155626705857653,0.04214794312337805,1.0337230107588267,11.130420038930438,1.8764972429605895,0.22333777276918348,3.179463848854477,0.005016382400395126,0.6276204410074198,1.113821752265861,0.014572354179418658,-99.74205187055313,0.11893700984065138,0.09411764705882361,0.9126443197476344,0.9563563738187633,0.30224200927878425,0.09034410571765014,0.11592546015776838,0.042007346842042895,0.4921321981325547,0.4261209455798215,0.29056463417851913,Specialty Chemicals,Basic Materials,SCL
2008Q1,2008,Q1,2008-05-02,2008-03-31,8747000.0,381451000.0,16878000.0,0.425,45858000.0,0.1202198971820758,625911000.0,219191000.0,347240000.0,207456000.0,406042000.0,106120000.0,175757000.0,359285540.0,512901540.0,11.66157693126197,1.6738007095480487,0.25070497243218287,0.7159007440998946,0.030613442972573943,11.66157693126197,0.03990583554981728,0.941891723969789,10.26882188178804,1.6391436692199952,0.2471704584428947,3.1623916321145873,0.006017497948845924,0.6094332900364429,1.0755485500539874,0.013974830287373124,-11.665493684859898,0.1202198971820758,3.9678482587064674,2.613087128343034,0.9270222300151387,0.2996571531180017,0.3711466586933772,4.439676616915423,1.889573703133025,1.5804516347760325,0.3814587367072341,0.2492537643423181,Specialty Chemicals,Basic Materials,SCL
2007Q4,2007,Q4,2008-03-05,2007-12-31,1608000.0,342343000.0,5841000.0,0.08555011704618004,33445000.0,0.0976944175870399,573185000.0,206051000.0,293932000.0,200978000.0,366458000.0,86344000.0,168338000.0,305716940.0,427940940.0,10.962492019578633,1.4625083342455394,0.22324903826862183,0.6210258625291797,0.007678760732803995,10.962492019578633,0.007803893210904096,0.8930135565792202,47.530618781094525,1.4836954928634174,1.3364427860696517,3.5775271008987306,0.007029378221566656,0.5972644085242984,0.9454567166555543,0.0028053769725306836,22.797683818046234,0.0976944175870399,-0.4480637609923868,-0.37383095211852396,0.7465966791071013,0.22608407932930916,-0.04081105885052197,-0.47893713545042127,-0.28794343532853833,1.560524967432091,0.3686170967392088,0.1720882926764608,Specialty Chemicals,Basic Materials,SCL
2007Q3,2007,Q3,2007-11-02,2007-09-30,3086000.0,338398000.0,8203000.0,0.155,34868000.0,0.10303843403329807,583379000.0,202022000.0,305704000.0,199889000.0,380654000.0,94090000.0,168879000.0,298027000.0,430569000.0,10.832278820375334,1.5293687996838246,0.23836819631834535,0.6883359238102781,0.01635717183570332,10.832278820375334,0.015275564047479977,0.8806996495251154,24.14347051198963,1.4752205205373674,0.6798444588464031,3.225953873950473,0.007039630637492576,0.5800654463050607,0.9638399311617948,0.005289871592909583,-213.94615936826992,0.10303843403329807,-0.3404255319148936,-0.4826865207686221,0.6650252621728332,0.15349609170467426,-0.08898991482468517,-0.348532826683555,-0.2201730202490731,0.5717383457410082,0.36538988995673455,0.16507920414597377,Specialty Chemicals,Basic Materials,SCL
2007Q2,2007,Q2,2007-08-03,2007-06-30,4737000.0,336156000.0,10519000.0,0.235,38274000.0,0.11385785171170527,578759000.0,195293000.0,301631000.0,196012000.0,382784000.0,91107000.0,167891000.0,281725120.0,409754120.0,10.495109630266551,1.5388394588086445,0.2393327792742748,0.7092727337897415,0.019661750698913127,10.495109630266551,0.02425586170523265,0.8380785111674341,14.86833016677222,1.4425766412518628,0.44184082752797127,3.269584115380816,0.0074292274682499024,0.5808220692896352,0.970588535395792,0.008184753930392443,21.95831021044427,0.11385785171170527,-0.16071428571428584,-0.45108500130436546,0.6953734547225872,0.16763169004032963,0.0995432215806257,-0.16704765254088272,-0.0012343334599316368,0.20092855142991667,0.3709343906989344,0.13425094196469559,Specialty Chemicals,Basic Materials,SCL
2007Q1,2007,Q1,2007-05-04,2007-03-31,5687000.0,313004000.0,10532000.0,0.28,34809000.0,0.1112094414128893,564508000.0,186914000.0,284406000.0,176596000.0,376837000.0,86342000.0,165247000.0,243915000.0,388459000.0,10.05779164873009,1.610489478810392,0.2638226561891063,0.7967835475138298,0.02206829349458689,10.05779164873009,0.03042575730014873,0.7792711914224738,10.722481097239317,1.3049584300801438,0.3676806752241955,3.222012462069445,0.008572658508086833,0.5544722129712953,1.0170275657432784,0.010074259355049,-13.869051003582191,0.1112094414128893,1.9380782404903554,0.23690073455864186,0.7200049489409608,0.15128261838958693,0.4317620927936821,2.025238867856499,2.2300864284045785,0.35816399068971533,0.3607295056783448,0.0852199860598696,Specialty Chemicals,Basic Materials,SCL
