Quarters,Year,Quarter,FillingDate,Date,NetIncome,Revenue,OperatingIncome,EPSDiluted,GrossProfit,GrossProfitRatio,TotalAssets,CommonStockEquity,CurrentAssets,CurrentLiability,TotalLiability,Inventory,RetainedEarnings,MarketCap,EnterpriseValue,bookValuePerShare,currentRatio,debtToAssets,debtToEquity,roic,shareholdersEquityPerShare,roe,priceToSalesRatio,peRatio,pbRatio,payoutRatio,inventoryTurnover,dividendYield,assetTurnover,quickRatio,returnOnAssets,priceToFreeCashFlowsRatio,grossProfitMargin,epsdilutedGrowth,fiveYNetIncomeGrowthPerShare,fiveYRevenueGrowthPerShare,fiveYShareholdersEquityGrowthPerShare,grossProfitGrowth,netIncomeGrowth,operatingIncomeGrowth,threeYNetIncomeGrowthPerShare,threeYRevenueGrowthPerShare,threeYShareholdersEquityGrowthPerShare,Industry,Sector,Symbol
2023Q1,2023,Q1,2023-05-05,2023-03-31,11320000.0,34906000.0,20672000.0,1.39,34906000.0,1.0,3266970000.0,345100000.0,652254000.0,27787000.0,2921870000.0,0.0,215290000.0,267130917.72,495949917.72,42.67066162647554,23.473350847518624,0.17447022776456472,1.6516632860040568,0.018069567944072207,42.67066162647554,0.03280208635178209,7.65286534463989,5.8995344019434635,0.7740681475514344,0.18303886925795054,0.0,0.007756496393921048,0.010684518070260822,23.473350847518624,0.0034649843738999747,27.817444311152766,1.0,0.05303030303030291,0.689990822411116,0.49664502636517094,0.35832848460934635,-0.04683105322082958,0.050482553823311065,0.19844628674126036,5.526919956624004,0.553438885662584,0.21688049731030068,Banks—Regional,Financial Services,HBCP
2022Q4,2022,Q4,2023-03-09,2022-12-31,10776000.0,36621000.0,17249000.0,1.32,36621000.0,1.0,3228280000.0,329954000.0,647847000.0,184380000.0,2898326000.0,0.0,206296000.0,323071482.02,626086482.02,40.88277472656142,3.513651155222909,0.12104433320529817,1.1843014480806415,0.019164931934472215,40.88277472656142,0.03265909793486365,8.822027853417438,7.4951624447847065,0.9791409772877433,0.18439123979213065,0.0,0.006150341675397375,0.011343811565291734,3.513651155222909,0.003338000421276965,23.544052034688818,1.0,0.03125000000000003,2.0942555275788,0.5016671066819529,0.10555564699608369,0.033003300330033,0.0327774583093732,0.09392440385591071,0.8096075982038672,0.6409584339976109,0.15712369504589813,Banks—Regional,Financial Services,HBCP
2022Q3,2022,Q3,2022-11-04,2022-09-30,10434000.0,35451000.0,15768000.0,1.28,35451000.0,1.0,3167666000.0,316656000.0,712946000.0,28273000.0,2851010000.0,0.0,197553000.0,315390110.0,248798110.0,39.146495240449994,25.216496303894175,0.02661675820619977,0.2662605477237128,0.03148513609758261,39.146495240449994,0.03295058359860543,8.896508137993287,7.5567881445275065,0.996002317972816,0.18305539582135327,0.0,0.006055992053777463,0.011191520823218105,25.216496303894175,0.003293907880439415,19.263994014170535,1.0,0.24271844660194175,1.2096780080610972,0.6826272759816266,0.4239093221333723,0.0766544173474656,0.23318756648150338,0.28665850673194615,0.7043008909199046,0.5319462385552662,0.1269093126766185,Banks—Regional,Financial Services,HBCP
2022Q2,2022,Q2,2022-08-05,2022-06-30,8461000.0,32927000.0,12255000.0,1.03,32927000.0,1.0,3362216000.0,329124000.0,986975000.0,27944000.0,3033092000.0,0.0,191114000.0,277442770.0,-81211230.0,40.48763685570181,35.3197466361294,0.025532565427087373,0.26083178376538935,0.023637537835923907,40.48763685570181,0.025707636027758534,8.425995991131899,8.197694421463185,0.8429733778150484,0.22668715281881574,0.0,0.0069131374373172525,0.009793243503689233,35.3197466361294,0.0025164950734872476,16.119147687659773,1.0,0.9433962264150942,0.6178078490054767,0.5636720020183489,0.4941118481605731,0.22418857121612076,0.9225176096341741,0.7489653203938919,0.44817330264530025,0.49216055121110946,0.18237449998748737,Banks—Regional,Financial Services,HBCP
2022Q1,2022,Q1,2022-05-02,2022-03-31,4401000.0,26897000.0,7007000.0,0.53,26897000.0,1.0,3332228000.0,337504000.0,1022636000.0,22335000.0,2994724000.0,0.0,188386000.0,337333300.0,-179824700.0,40.81064087061669,45.78625475710768,0.009366105800683507,0.09247297809803735,0.015368635858047314,40.81064087061669,0.013039845453683512,12.541670074729524,19.162309702340377,0.9994942282165544,0.4458077709611452,0.0,0.005816206108320761,0.008071776601120932,45.78625475710768,0.0013207379567064439,284.1898062342039,1.0,-0.5691056910569106,-0.26259023352746114,0.2002831972145312,0.5324564473162592,-0.04566420664206642,-0.5701308849384645,-0.49781409015982225,-0.38461919430255487,0.19234209262869384,0.20526179884558346,Banks—Regional,Financial Services,HBCP
2021Q4,2021,Q4,2022-03-10,2021-12-31,10238000.0,28184000.0,13953000.0,1.23,28184000.0,1.0,2938244000.0,351903000.0,2503019000.0,18907000.0,2586341000.0,0.0,188515000.0,343639372.71999997,-226567627.28000003,42.508206828506516,132.38583593378115,0.010749617798930246,0.08975484721642044,0.0290678111685655,42.508206828506516,0.02909324444520223,12.192711209196705,8.391272043367845,0.9765173150555693,0.19154131666341082,0.0,0.005706563786559575,0.0095921237310448,51.31337599830751,0.0034843940802737963,30.35951698206555,1.0,-0.3128491620111732,0.9919641951900341,0.28808368942841206,0.6302263751088355,-0.13325337515760988,-0.32014077960023907,0.0,0.3941559869705221,0.19708283077225935,0.2749211437419332,Banks—Regional,Financial Services,HBCP
2021Q3,2021,Q3,2021-11-05,2021-09-30,15059000.0,32517000.0,0.0,1.79,32517000.0,1.0,2763466000.0,344149000.0,2350671000.0,48061000.0,2419317000.0,0.0,180327000.0,323139527.68,-58934472.31999999,41.19484674490937,48.91015584361541,0.011568443396806764,0.09289290394567469,0.0,41.19484674490937,0.04375720981319138,9.937556591321464,5.364558199083604,0.9389523946895095,0.1320140779600239,0.0,0.006152141195083646,0.011766745094746959,15.816379184786001,0.005449316184820078,28.59641837876106,1.0,0.33582089552238803,1.840933473212357,0.4815252322480632,0.5960597553742198,0.18657860166399065,0.32142857142857145,0.0,0.9850117782634445,0.3188704926703914,0.2675495854536366,Banks—Regional,Financial Services,HBCP
2021Q2,2021,Q2,2021-08-05,2021-06-30,11396000.0,27404000.0,0.0,1.34,27404000.0,1.0,2764756000.0,337812000.0,2370701000.0,50641000.0,2426944000.0,0.0,171644000.0,321982891.46999997,-38528108.53000003,39.98353844586027,46.81386623486898,0.011950783360267597,0.09780884042011533,0.0,39.98353844586027,0.033734740032917716,11.749485165304334,7.06350674512987,0.9531422550708678,0.17576342576342577,0.0,0.006220827419914716,0.009911905426735668,14.20888213107956,0.004121882726721635,16.220800577833753,1.0,-0.04964539007092188,1.2891123681691035,0.16364021826997874,0.570249418482236,-0.060058309037900874,-0.04460093896713615,0.0,0.5694845331630635,0.09992929075116816,0.2502076297395404,Banks—Regional,Financial Services,HBCP
2021Q1,2021,Q1,2021-05-07,2021-03-31,11928000.0,29155000.0,0.0,1.41,29155000.0,1.0,2707517000.0,328610000.0,2322475000.0,45003000.0,2378907000.0,0.0,163507000.0,304140295.2,54736295.19999999,38.950414288938326,51.607115081216804,0.012426514773499113,0.10238580688353976,0.0,38.950414288938326,0.03629834758528347,10.43184,6.374503169014084,0.9255357268494567,0.16054661301140175,0.0,0.006296436316472675,0.010768168768654085,13.370264204608581,0.004405512504630627,28.22909738258771,1.0,0.03676470588235281,1.863599737794117,0.281896043996037,0.562144376177455,-0.0032137850866696296,0.029607250755287008,0.0,0.7070743552072405,0.1983361383089027,0.23990243411582673,Banks—Regional,Financial Services,HBCP
2020Q4,2020,Q4,2021-03-09,2020-12-31,11585000.0,29249000.0,0.0,1.36,29249000.0,1.0,2591850000.0,321842000.0,2225555000.0,0.0,2270008000.0,0.0,154282000.0,237489132.14999998,83551132.14999998,37.931662381545316,0.0,0.013258097497926192,0.10676978144555403,0.0,37.931662381545316,0.03599592346555142,8.119564161167903,5.124927323047043,0.7379059667476588,0.1661631419939577,0.0,0.008105634066590277,0.011284989486274283,0.0,0.004469780272778131,7.826559852030055,1.0,0.3465346534653466,1.329213925958685,0.2796602996084226,0.5536828079195101,0.08065469592847115,0.31917558642678207,0.0,2.1642211032222973,0.14084510378939136,0.025751403282833544,Banks—Regional,Financial Services,HBCP
2020Q3,2020,Q3,2020-11-06,2020-09-30,8782000.0,27066000.0,0.0,1.01,27066000.0,1.0,2579200000.0,313324000.0,2215545000.0,0.0,2265876000.0,0.0,145373000.0,208349729.7,59148729.69999999,36.317659787201535,0.0,0.014339330024813897,0.1180375585655743,0.0,36.317659787201535,0.028028494465792596,7.697839714032365,5.931158326690959,0.6649657533415889,0.22432247779549078,0.0,0.009455255847159375,0.010493951612903226,0.0,0.0034049317617866003,43.688347599077375,1.0,2.4827586206896552,1.3674064807582207,0.34505558525987806,0.5090415738128676,0.06057993730407524,2.5226634576815083,0.0,0.7437757061327505,0.20448817605753128,0.32101364404212557,Banks—Regional,Financial Services,HBCP
2020Q2,2020,Q2,2020-08-07,2020-06-30,2493000.0,25520000.0,0.0,0.29,25520000.0,1.0,2636896000.0,309326000.0,2265897000.0,55327000.0,2327570000.0,0.0,140582000.0,232771277.5,38647277.5,35.5476439742442,40.954633361649826,0.015389306214579566,0.13118845489871528,0.0,35.5476439742442,0.008059458306123637,9.121131563479624,23.34248671279583,0.7525111936920919,0.7946249498596069,0.0,0.008510500184027216,0.009678045702219579,9.713250311782675,0.0009454297780420616,49.31594862288136,1.0,0.38095238095238093,-0.3246052346927981,0.3262956171327034,0.49766620166535375,0.03399376038248045,0.30866141732283464,0.0,-0.5546934928750221,0.13215447176064532,0.31181170749491066,Banks—Regional,Financial Services,HBCP
2020Q1,2020,Q1,2020-05-11,2020-03-31,1905000.0,24681000.0,0.0,0.21,24681000.0,1.0,2248601000.0,311497000.0,1865688000.0,0.0,1937104000.0,0.0,141798000.0,216929233.62,212236233.62,35.06561385509218,0.0,0.02662010734674582,0.19216236432453604,0.0,35.06561385509218,0.0061156287219459576,8.789321081803816,28.46840336220473,0.6964087410793683,1.064041994750656,0.0,0.009344061038590784,0.010976158064503218,0.0,0.0008471934327166092,30.770104059574468,1.0,-0.7123287671232877,-0.5004670086562856,0.26488886056562555,0.48364341397334076,-0.0030698388334612432,-0.7116257947320618,0.0,-0.7028432609080622,0.025358468661166648,0.3167283062694612,Banks—Regional,Financial Services,HBCP
2019Q4,2019,Q4,2020-03-13,2019-12-31,6606000.0,24757000.0,0.0,0.73,24757000.0,1.0,2200465000.0,316329000.0,1825098000.0,0.0,1884136000.0,0.0,150158000.0,350876025.57,356739025.57,35.33137805542888,0.0,0.02097692987618526,0.14592086087586026,0.0,35.33137805542888,0.020883320846334038,14.172800645070081,13.278687010672117,1.109212325047656,0.30881017257039056,0.0,0.005814019343972018,0.011250803807377077,0.0,0.0030020927394891535,29.067684994615192,1.0,-0.02666666666666669,0.735940403317667,0.21667665207827183,0.5148141446405143,-0.04468454562994405,-0.03646441073512252,0.0,0.1884385332719911,0.046191579271565815,0.3549888050388347,Banks—Regional,Financial Services,HBCP
2019Q3,2019,Q3,2019-11-08,2019-09-30,6856000.0,25915000.0,0.0,0.75,25915000.0,1.0,2218040000.0,314677000.0,1844517000.0,66418000.0,1903363000.0,0.0,147841000.0,353194814.0,344848814.0,34.73792859823814,27.771342106055588,0.02407170294494238,0.16967239423281652,0.0,34.73792859823814,0.021787420116500412,13.62897217827513,12.879040767211203,1.122404287571065,0.2882147024504084,0.0,0.005594646132035222,0.011683738796414853,5.475172393025987,0.00309101729454834,48.79729400386847,1.0,0.056338028169014134,0.7305955485436461,0.22399229112903152,0.5119607679271986,0.042773217447287945,0.041945288753799395,0.0,0.1928292412744182,0.0889108673718392,0.34589188215787015,Banks—Regional,Financial Services,HBCP
2019Q2,2019,Q2,2019-08-09,2019-06-30,6580000.0,24852000.0,0.0,0.71,24852000.0,1.0,2220386000.0,313494000.0,1837652000.0,0.0,1906892000.0,0.0,146348000.0,343406825.74,331541825.74,34.24265057824765,0.0,0.027091685860026138,0.191882460270372,0.0,34.24265057824765,0.020989237433571298,13.818076039755352,13.047371798632218,1.0954175382622953,0.3021276595744681,0.0,0.005789052083388563,0.011192648485443522,0.0,0.0029634486976588756,34.65605265314361,1.0,-0.1647058823529412,0.7057068000487454,0.15497305251198804,0.5106743617858817,-0.0014063567324305863,-0.16603295310519645,0.0,0.21975484890309388,-0.026136480801377558,0.3447909876858546,Banks—Regional,Financial Services,HBCP
2019Q1,2019,Q1,2019-05-10,2019-03-31,7890000.0,24887000.0,0.0,0.85,24887000.0,1.0,2202675000.0,308935000.0,1813580000.0,70653000.0,1893740000.0,0.0,143998000.0,317507752.79999995,276455752.79999995,33.86039523504826,25.66883217980836,0.028795895899304255,0.20531179697994723,0.0,33.86039523504826,0.02553935293832036,12.757976164262464,10.060448441064638,1.0277493738164984,0.2400506970849176,0.0,0.005965208670646357,0.011298534736173062,5.898985181096344,0.003582008239980932,29.182697867647054,1.0,-0.022988505747126457,2.9157694321813166,0.3147007321752795,0.5222950967457457,-0.040371712809439346,-0.024601310421560142,0.0,0.7515207655205759,0.011826182262810282,0.3580041947486636,Banks—Regional,Financial Services,HBCP
2018Q4,2018,Q4,2019-03-13,2018-12-31,8089000.0,25934000.0,0.0,0.87,25934000.0,1.0,2153658000.0,304040000.0,1769476000.0,0.0,1849618000.0,0.0,141447000.0,322808175.0,326488175.0,33.34183218872942,0.0,0.029826927023696426,0.21127812129982898,0.0,33.34183218872942,0.02660505196684647,12.44729602066785,9.97676396958833,1.0617292954874358,0.2343923847199901,0.0,0.0058734572010141935,0.01204183765481799,0.0,0.003755935250629394,25.34412930831436,1.0,-0.02247191011235957,2.370941171687369,0.5283292551898,0.522879083893031,-0.03415142825220662,-0.02093923989348826,0.0,0.5132397984619719,0.05572975020338038,0.3656831312874249,Banks—Regional,Financial Services,HBCP
2018Q3,2018,Q3,2018-11-07,2018-09-30,8262000.0,26851000.0,0.0,0.89,26851000.0,1.0,2140530000.0,295688000.0,1758389000.0,13994000.0,1844842000.0,0.0,135848000.0,386127862.64,382796862.64,32.49959387597951,125.65306559954266,0.027832826449524183,0.20148602581098995,0.0,32.49959387597951,0.027941614133816725,14.380390400357529,11.68384963205035,1.3058624720651497,0.217781529895909,0.0,0.0046598838729168795,0.012544089547915704,26.2396026868658,0.0038597917338229317,28.335726956354165,1.0,0.059523809523809576,1.3708278633331947,0.5850134382652546,0.5023424258289619,0.006385531376133172,0.06253416069189467,0.0,1.111954854851237,0.26530918241004653,0.350396434633989,Banks—Regional,Financial Services,HBCP
2018Q2,2018,Q2,2018-08-07,2018-06-30,7775750.0,26680630.0,0.0,0.84,26680630.0,1.0,2159975927.0,289360880.0,1770620801.0,15674278.0,1870615047.0,0.0,129645221.0,421172902.15,409228414.15,31.98151850520234,112.9634679823849,0.03239561150905364,0.24182170374931125,0.0,31.98151850520234,0.026872153554412744,15.785718034019435,13.541230818570556,1.4555281354894967,0.20593614763849147,0.0,0.003802020480960803,0.012352281183548579,24.577451988538165,0.003599924380083149,-130.5090808030853,1.0,0.03703703703703693,3.5970852347013516,0.6176635055478996,0.5398487030463073,0.026671748084405818,0.041830379040957336,0.0,1.026014590040013,0.33358472481709406,0.3474209255015751,Banks—Regional,Financial Services,HBCP
2018Q1,2018,Q1,2018-05-08,2018-03-31,7463547.0,25987498.0,0.0,0.81,25987498.0,1.0,2206854032.0,283089227.0,1818031965.0,17281955.0,1923764805.0,0.0,123571082.0,389027965.95,333353212.95,31.4140961556494,105.19828138656767,0.032121719412387485,0.25040849046509284,0.0,31.4140961556494,0.026364645094742515,14.969812251645003,13.0309344186484,1.3742238448021196,0.18883528166969404,0.0,0.003622826951677662,0.011775811912874173,24.52414023760622,0.003381984894232461,20.495367771364844,1.0,0.5,1.9663924440217548,0.6535090182074159,0.4637834553818781,0.14455833433860688,1.3018332512962476,0.0,0.9292482580122737,0.3128881648150096,0.3291458994517566,Banks—Regional,Financial Services,HBCP
2017Q4,2017,Q4,2018-03-14,2017-12-31,3242436.0,22705263.0,0.0,0.54,22705263.0,1.0,2228120838.0,277870726.0,1866455588.0,15839611.0,1950250112.0,0.0,117312630.0,324763940.09999996,243750706.09999996,36.97939116646405,117.83468596545711,0.03223595137886323,0.2584856491863774,0.0,36.97939116646405,0.011668865039061366,14.303465240636058,25.040119535127292,1.1687591016694576,0.32151259115060404,0.0,0.003209974603950804,0.010190319399544165,26.74841610693596,0.0014552334616243106,135.27417517534903,1.0,-0.03571428571428574,0.2583638168364266,0.687543145080097,0.7705454527574387,0.24416756290809305,-0.20723863480497687,0.0,0.015226737376406223,0.32953289366993577,0.585471835015133,Banks—Regional,Financial Services,HBCP
2017Q3,2017,Q3,2017-11-07,2017-09-30,4090053.0,18249361.0,0.0,0.56,18249361.0,1.0,1587361632.0,192624926.0,0.0,0.0,1394736706.0,0.0,115129834.0,293012373.66,304999898.66,27.492266980736353,0.0,0.040825025434405866,0.33642623696582236,0.0,27.492266980736353,0.021233248909852922,16.05603471047562,17.91005970216034,1.521155022585187,0.2533871810463092,0.0,0.003536939368992517,0.011496662532410258,0.0,0.0025766359206041336,38.02281086228201,1.0,-0.09677419354838701,0.3293194942086649,0.39232257167561224,0.3628951567594479,0.01040689098374334,-0.0882215579528008,0.0,0.3347897406070419,0.1143824976460426,0.19659492588058153,Banks—Regional,Financial Services,HBCP
2017Q2,2017,Q2,2017-08-08,2017-06-30,4485797.0,18061398.0,0.0,0.62,18061398.0,1.0,1574180504.0,188938865.0,0.0,0.0,1385241639.0,0.0,112110694.0,296466235.40000004,310865884.40000004,27.09812983917291,0.0,0.04287504312783688,0.3572216706181653,0.0,27.09812983917291,0.023742055399771773,16.41435703925023,16.522495077240457,1.5691119738651973,0.2305795380397285,0.0,0.003488872851252187,0.011473524131512177,0.0,0.002849607772807228,46.572133904871755,1.0,-0.10144927536231878,1.5593177530389424,0.5218624427014,0.3589225637581703,-0.03903222392710746,-0.1038623761187494,0.0,0.5268556469729282,0.10215264099231625,0.19548134589756383,Banks—Regional,Financial Services,HBCP
2017Q1,2017,Q1,2017-05-08,2017-03-31,5005701.0,18795009.0,0.0,0.69,18795009.0,1.0,1583497020.0,184719696.0,0.0,48447269.0,1398777324.0,0.0,108694266.0,234100158.75,298266150.75,26.630865067706836,0.0,0.07463463177215199,0.6398003004509059,0.0,26.630865067706836,0.027098902328206515,12.455442758766436,11.691677087285077,1.2673264617650735,0.1912071855670165,0.0,0.00408853204162981,0.011869304938761425,6.014993951465045,0.0031611685634874136,36.79261048187914,1.0,0.14999999999999997,1.4352617505548166,0.61684697114766,0.34448835778738696,0.03101609810594836,0.16899529991915094,0.0,2.267775201334959,0.3060026382275269,0.1972699973893231,Banks—Regional,Financial Services,HBCP
2016Q4,2016,Q4,2017-03-14,2016-12-31,4282054.0,18229598.0,0.0,0.6,18229598.0,1.0,1556732033.0,179843024.0,0.0,50283383.0,1376889009.0,0.0,104647375.0,266298382.35,353632814.35,26.075033184068456,0.0,0.07614230997198218,0.6590924149496062,0.0,26.075033184068456,0.023809953284593347,14.608022752339355,15.547350777804297,1.4807267828748254,0.20499671419370236,0.0,0.003296328698107842,0.011710170802401675,5.253655566492016,0.002750668650241618,26.773757893178995,1.0,-0.016393442622950834,1.002726948404722,0.5436407646537795,0.336847060009216,0.009748917043946094,-0.017902075383895218,0.0,1.3592882982442498,0.42035546771539556,0.19097002297484642,Banks—Regional,Financial Services,HBCP
2016Q3,2016,Q3,2016-11-08,2016-09-30,4360109.0,18053595.0,0.0,0.61,18053595.0,1.0,1549541889.0,177361618.0,0.0,71720553.0,1372180271.0,0.0,101257222.0,192408356.0,305155766.0,25.810341126764786,0.0,0.08959389286958476,0.7827482155693911,0.0,25.810341126764786,0.024583159813077484,10.657620047419918,11.032313412348179,1.0848364948948537,0.16791231595356906,0.0,0.003805011462184106,0.011650924139682939,3.4144428445776205,0.002813805183939755,19.915812354409468,1.0,0.0701754385964913,3.929123514082122,0.7107779257343496,0.39139743020186746,-0.04981829090822967,0.08555098053177722,0.0,0.656540456623276,0.41099686236330735,0.19312169400726586,Banks—Regional,Financial Services,HBCP
2016Q2,2016,Q2,2016-08-08,2016-06-30,4016494.0,19000150.0,0.0,0.57,19000150.0,1.0,1545048887.0,173567427.0,0.0,63985892.0,1371481460.0,0.0,97659115.0,187246755.23,293041905.23,25.463176725457643,0.0,0.08742701162180119,0.7782509041860717,0.0,25.463176725457643,0.023140828146285767,9.855014577779649,11.654863372757434,1.0788127615096812,0.18067175003871536,0.0,0.003875458344304256,0.012297442598656103,3.9653818063519375,0.0025995902354900694,-58.48315803594379,1.0,0.21276595744680848,2.343333569578173,1.2099073778479745,0.36903361903318477,0.03884091638386269,0.19906868660211519,0.0,2.1519003932807657,0.5290941687944707,0.22600306329284464,Banks—Regional,Financial Services,HBCP
2016Q1,2016,Q1,2016-05-09,2016-03-31,3349678.0,18289759.0,0.0,0.47,18289759.0,1.0,1544121204.0,169163768.0,0.0,46405578.0,1374957436.0,0.0,94542265.0,181891855.17999998,272288614.17999995,24.933940090895717,0.0,0.07318765697100031,0.6680544796093688,0.0,24.933940090895717,0.019801391513104626,9.945011040331366,13.575323895311728,1.0752412134730884,0.19464766464119834,0.0,0.003584586013237231,0.011844769019828835,5.368556749794173,0.0021693102790912777,-5956.831674471917,1.0,-0.16071428571428584,3.459209862682576,1.3817428630958397,0.34988470239493663,0.004306053261319595,-0.15473901383131308,0.0,0.7683520506852836,0.5457256622470281,0.16183158037390874,Banks—Regional,Financial Services,HBCP
2015Q4,2015,Q4,2016-03-14,2015-12-31,3962892.0,18211340.0,0.0,0.56,18211340.0,1.0,1551911600.0,165046354.0,0.0,57435508.0,1386865246.0,0.0,91864543.0,175632775.86,270844188.86,24.41403238048213,0.0,0.0806441533138872,0.7582875596270366,0.0,24.41403238048213,0.02401078184374797,9.644143476537147,11.079836131037636,1.0641421128272848,0.14603148407778965,0.0,0.0032949829390688306,0.011734779223249572,4.4751483002466,0.0025535552411619323,25.922708048472913,1.0,0.3658536585365856,1.872085550181886,1.1726542379894296,0.33223440853435243,0.1578949911660575,0.36679302575110995,0.0,0.7094785929232873,0.5044815683405198,0.168925519085791,Banks—Regional,Financial Services,HBCP
2015Q3,2015,Q3,2015-11-09,2015-09-30,2899409.0,15727972.0,0.0,0.41,15727972.0,1.0,1557910482.0,162286106.0,0.0,97501626.0,1395624376.0,0.0,88646324.0,173906586.41,298049938.40999997,24.06670592609213,0.0,0.09849379522950023,0.9455185029826275,0.0,24.06670592609213,0.017866033460683318,11.05715259475284,14.995002982504365,1.0716049001138765,0.19957239561579618,0.0,0.003327315037026837,0.010095555670059353,2.828113471666616,0.0018610883189371851,8.58311284485508,1.0,0.0,2.531155227623723,0.9942413172500691,0.3632334789197326,0.062437929209677986,0.020977260314588478,0.0,-0.020854653169937714,0.24681544258802476,0.19307720126564626,Banks—Regional,Financial Services,HBCP
2015Q2,2015,Q2,2015-08-07,2015-06-30,2839837.0,14803662.0,0.0,0.41,14803662.0,1.0,1234806633.0,158902314.0,0.0,0.0,1075904319.0,0.0,86489766.0,168975515.23999998,152221753.23999998,23.735358342677717,0.0,0.015387024569052506,0.11957031664120385,0.0,23.735358342677717,0.017871589963126655,11.414440240529673,14.875458982328913,1.0633924137819668,0.17759962983790972,0.0,0.002984775630266041,0.011988647942418365,0.0,0.0022998232469002293,35.18469440580161,1.0,0.0,1.2036612302020513,0.9065510271173519,0.36256154912794186,0.015980996521400396,-0.0027835874040124113,0.0,0.6874292010692986,0.29909452135102294,0.19028561019452822,Banks—Regional,Financial Services,HBCP
2015Q1,2015,Q1,2015-05-11,2015-03-31,2847764.0,14570806.0,0.0,0.41,14570806.0,1.0,1233855857.0,156782479.0,0.0,11295919.0,1077073378.0,0.0,95449296.0,141095480.88,130393622.88,23.634798985278458,0.0,0.020261686045552403,0.15945659336079257,0.0,23.634798985278458,0.018163789845420164,9.683436927236558,12.386514549660715,0.8999441887891056,0.17571083839812568,0.0,0.003546414079878077,0.011809163864106048,21.56743209649432,0.00230802000399306,40.34289438515288,1.0,0.024999999999999883,2.913868663250344,1.467722952710562,0.3710647233612424,-0.02990458304449569,0.013803898840472497,0.0,0.4486619566079216,0.31066672027933234,0.1932286838434386,Banks—Regional,Financial Services,HBCP
2014Q4,2014,Q4,2015-03-13,2014-12-31,2808989.0,15019972.0,0.0,0.4,15019972.0,1.0,1221414610.0,154143756.0,0.0,36827369.0,1067270854.0,0.0,93101915.0,151606606.08,164502699.08,23.32390292263444,0.0,0.03888933340988938,0.3081539027763149,0.0,23.32390292263444,0.018223177330647114,10.093667689926454,13.492986807709109,0.9835403652678608,0.0,0.0,0.0,0.012297193661372692,6.578458075568744,0.002299783363488668,27.943734181881457,1.0,-0.02439024390243891,150.48406252495587,1.6591105333605818,0.3542124062121414,-0.02297680528301234,-0.023475613041744583,0.0,0.37108271260787673,0.3273403139959422,0.19579871020509879,Banks—Regional,Financial Services,HBCP
2014Q3,2014,Q3,2014-11-07,2014-09-30,2876517.0,15373199.0,0.0,0.41,15373199.0,1.0,1259746085.0,151118000.0,0.0,88200548.0,1108628085.0,0.0,90791742.0,149372254.38,183981439.38,22.97541664778883,0.0,0.07541271700002941,0.6286536018210934,0.0,22.97541664778883,0.019034906496909698,9.716406740067567,12.982041682701684,0.9884477982768434,0.0,0.0,0.0,0.012203410816712322,3.1459779705677113,0.002283410152451476,14.778346391613047,1.0,0.024999999999999883,1.4296382458541803,1.7669733717458496,0.4415172895781211,0.001265422108055546,0.04500867353889469,0.0,2.3974446926079023,0.5219741892929978,0.23857083192133785,Banks—Regional,Financial Services,HBCP
2014Q2,2014,Q2,2014-08-08,2014-06-30,2752625.0,15353770.0,0.0,0.4,15353770.0,1.0,1259009295.0,148075740.0,0.0,96482508.0,1110933555.0,0.0,87915225.0,143848292.4,184282303.4,22.667128962039733,0.0,0.08143808342574628,0.6924247280479571,0.0,22.667128962039733,0.01858930436545514,9.368923228627237,13.064646691794197,0.9714507751235955,0.0,0.0,0.0,0.012195120449845448,2.8798795114239777,0.002186342079388699,15.320504542101588,1.0,0.904761904761905,1.340923205332683,1.6392719300386398,0.38991835904701827,0.14010516242806384,0.9202717069794957,0.0,1.3908255116746464,0.8633752288966847,0.21870346071029917,Banks—Regional,Financial Services,HBCP
2014Q1,2014,Q1,2014-05-09,2014-03-31,1433456.0,13466977.0,0.0,0.21,13466977.0,1.0,1239172263.0,144375247.0,0.0,76533842.0,1094797016.0,0.0,85162600.0,136242311.79999998,153560537.79999998,22.242990407991595,0.0,0.06561012252095574,0.5631314625560433,0.0,22.242990407991595,0.009928682580885905,10.116770215023013,23.76116040534205,0.943668077672622,0.0,0.0,0.0,0.010867719849859164,3.7151879556758693,0.0011567850917915518,-416.8471172439113,1.0,-0.16000000000000003,0.054032871419800454,1.5003957548404234,0.41509090268966237,0.11653227548207173,-0.1595837364054759,0.0,0.9946012674070621,0.8330481829964197,0.20420087550577493,Banks—Regional,Financial Services,HBCP
2013Q4,2013,Q4,2014-03-14,2013-12-31,1705650.0,12061431.0,0.0,0.25,12061431.0,1.0,984240958.0,141909529.0,0.0,91019013.0,842331429.0,0.0,83729144.0,122179649.15,183600749.15,21.893945843353244,0.0,0.09855310248123204,0.6835340845927267,0.0,21.893945843353244,0.012019277436964786,10.129780550085641,17.908077441151466,0.8609686045113997,0.0,0.0,0.0,0.012254550983642361,2.320343761583088,0.0017329597860527158,46.91424097815975,1.0,-0.32432432432432434,3.7088914621712954,1.3644182833033434,0.41852340589649734,-0.0006352587409597635,-0.31299886778636726,0.0,0.28929991292231727,0.5008125429530185,0.19471734683293,Banks—Regional,Financial Services,HBCP
2013Q3,2013,Q3,2013-11-08,2013-09-30,2482747.0,12069098.0,0.0,0.37,12069098.0,1.0,961896362.0,140220679.0,0.0,45865371.0,821675683.0,0.0,82023494.0,117063312.66,128825278.66,21.632614054713187,0.0,0.05291630367970973,0.36299924064695194,0.0,21.632614054713187,0.017705997558320197,9.699425148424513,11.78768040601801,0.8348505619488548,0.0,0.0,0.0,0.012547191648490713,4.69374847093246,0.002581096153475212,12.563520143777724,1.0,1.0555555555555556,1.4553014342210806,1.9673432177788708,2.7714335842837556,-0.004711275427115505,0.996433714943257,0.0,2.145584941678726,0.5919939791928347,0.22535688126568204,Banks—Regional,Financial Services,HBCP
2013Q2,2013,Q2,2013-08-08,2013-06-30,1243591.0,12126228.0,0.0,0.18,12126228.0,1.0,971763846.0,138159134.0,0.0,46368422.0,833604712.0,0.0,79540747.0,123063794.5,120321910.5,20.76926027987866,0.0,0.05402547153416119,0.3799965914667647,0.0,20.76926027987866,0.009001149355785627,10.14856346920081,24.739603796585854,0.8907394751041215,0.0,0.0,0.0,0.012478574964395207,4.941738862711351,0.0012797255270597914,32.191938844003396,1.0,-0.3333333333333334,0.5124188751543721,2.107440187677991,2.6526390483479987,0.04260598102038821,-0.3320971634869979,0.0,-0.02880856543767676,0.5717405493343845,0.1922885280526289,Banks—Regional,Financial Services,HBCP
2013Q1,2013,Q1,2013-05-09,2013-03-31,1861934.0,11630691.0,0.0,0.27,11630691.0,1.0,977025371.0,143117956.0,0.0,23725771.0,833907415.0,0.0,78297156.0,123372430.0,120918027.0,21.460890297775606,0.0,0.05050654513658479,0.34479374481843494,0.0,21.460890297775606,0.013009786137527006,10.607489271273735,16.56509172720408,0.8620332028777716,0.0,0.0,0.0,0.01190418523942302,9.891332214240792,0.00190571714437086,29.485943247189965,1.0,-0.1818181818181818,1.4449999783105414,2.2099675398276197,2.728216941997578,-0.04173305340088755,-0.19896455400060833,0.0,1.5454569626759662,0.9593750157881755,0.2449553574597078,Banks—Regional,Financial Services,HBCP
2012Q4,2012,Q4,2013-03-15,2012-12-31,2324409.0,12137214.0,0.0,0.33,12137214.0,1.0,962926264.0,141573860.0,0.0,13666264.0,821352404.0,0.0,76435222.0,123706712.5,126895151.5,20.88587508943785,0.0,0.04803774362519621,0.32673266802219,0.0,20.88587508943785,0.016418348697987042,10.192348301677798,13.305179133706675,0.8737962820255095,0.0,0.0,0.0,0.012604510286781419,16.406485781337167,0.0024139013410480617,-31.478456112583448,1.0,-0.21428571428571422,6.482819263377571,2.3737135260572226,2.774360663872314,-0.0665753023271374,-0.23848043953307801,0.0,121.21479074976102,1.0949834274247838,0.21265772947742925,Banks—Regional,Financial Services,HBCP
2012Q3,2012,Q3,2012-11-08,2012-09-30,3052330.0,13002885.0,0.0,0.42,13002885.0,1.0,974310298.0,140210959.0,0.0,9717129.0,834099339.0,0.0,74110812.0,127199365.5,114313005.5,20.171960289377388,0.0,0.04458573730481087,0.30982131004467345,0.0,20.171960289377388,0.021769553690878043,9.782395637583505,10.418218664102506,0.9071998822859488,0.0,0.0,0.0,0.013345732901203514,8.546448853359877,0.0031328109805116725,24.57282110723134,1.0,0.75,2.984051604979987,2.658680226620584,0.0,0.09566496067351254,0.7415265237422797,0.0,1.4396363839403554,1.2146209216556663,0.26562359967558163,Banks—Regional,Financial Services,HBCP
2012Q2,2012,Q2,2012-08-08,2012-06-30,1752675.0,11867574.0,0.0,0.24,11867574.0,1.0,988515502.0,139031298.0,0.0,30626937.0,849484204.0,0.0,71058483.0,119433272.1,118587392.1,19.940893294340214,0.0,0.055512174456521575,0.3946927475279703,0.0,19.940893294340214,0.012606334150746402,10.063832094074154,17.03585549231888,0.8590387475200008,0.0,0.0,0.0,0.012005450573095818,2.729828843152027,0.0017730374449909233,218.2837009067033,1.0,-0.17241379310344826,1.3639151360392894,2.376238672562289,0.0,0.01846012364076005,-0.14937559968492425,0.0,0.3965643034938104,0.9113951736830641,0.22274919474878915,Banks—Regional,Financial Services,HBCP
2012Q1,2012,Q1,2012-05-09,2012-03-31,2060457.0,11652468.0,0.0,0.29,11652468.0,1.0,979554116.0,137721092.0,0.0,65869490.0,841833024.0,0.0,69305807.0,121260320.00000001,183553614.0,19.80743448870991,0.0,0.10295299499308112,0.7322627822323686,0.0,19.80743448870991,0.014961085263541186,10.406406608454107,14.712794297575734,0.8804774798038925,0.0,0.0,0.0,0.011895685812217035,1.4153756010559668,0.0021034641847189174,18.982924336354742,1.0,-0.03333333333333337,1.6956126007508396,2.4005807691040917,0.0,-0.011510704216892919,-0.034576064389802326,0.0,0.4143623279233914,1.0196861612182064,0.2601417271898977,Banks—Regional,Financial Services,HBCP
2011Q4,2011,Q4,2012-03-15,2011-12-31,2134251.0,11788158.0,0.0,0.3,11788158.0,1.0,963789138.0,134284834.0,0.0,57781813.0,829504304.0,0.0,67245350.0,106712555.5,163480001.5,19.504873791538053,0.0,0.09714049506127553,0.6971967809857068,0.0,19.504873791538053,0.01589346269735866,9.052521649268698,12.50000064425412,0.7946731758256483,0.0,0.0,0.0,0.012231055046399578,1.6197632289592574,0.002214437697885738,19.116121431666652,1.0,1.3076923076923075,5.764641344402573,2.226128902182507,2.524795014684574,0.07007479893248125,1.311298799327268,0.0,4.191176876610816,1.1755802992216153,0.2637338285347781,Banks—Regional,Financial Services,HBCP
2011Q3,2011,Q3,2011-11-09,2011-09-30,923399.0,11016200.0,0.0,0.13,11016200.0,1.0,972173403.0,133066949.0,0.0,78520202.0,839106454.0,0.0,65111098.0,103871454.64,178094873.64,18.549941638903384,0.0,0.11670565317862332,0.8526394634628618,0.0,18.549941638903384,0.006939356518950472,9.428973206731904,28.122040049859272,0.7805954477847087,0.0,0.0,0.0,0.011331517572899493,0.9056922573887418,0.0009498295233653909,-108.86874790639955,1.0,-0.23529411764705885,0.1678554003377312,2.0034661874983684,0.0,0.21446907354868014,-0.2714496148556902,0.0,-0.17484190700995894,1.447373155135725,2.2339999551844003,Banks—Regional,Financial Services,HBCP
2011Q2,2011,Q2,2011-08-09,2011-06-30,1267447.0,9070795.0,0.0,0.17,9070795.0,1.0,717400147.0,133756996.0,0.0,34240456.0,583643151.0,0.0,64187699.0,106361930.03999999,129000862.03999999,18.599380155061354,0.0,0.07318091614497536,0.39250283401998654,0.0,18.599380155061354,0.009475743608954854,11.725756126116838,20.979561677924206,0.7951877899530577,0.0,0.0,0.0,0.012643982633585939,2.377875808663296,0.001766722526194297,21.951205073699068,1.0,0.5454545454545455,0.6573347238510873,1.501880003973468,0.0,0.1165622007272405,0.5949069063929814,0.0,0.4258205315737517,1.1501211853879265,2.2710275336702006,Banks—Regional,Financial Services,HBCP
2011Q1,2011,Q1,2011-05-09,2011-03-31,794684.0,8123860.0,0.0,0.11,8123860.0,1.0,700475078.0,132574499.0,0.0,11281323.0,567900579.0,0.0,62920252.0,109957415.64,99633492.64,18.471162793873027,0.0,0.02997965332322644,0.15840150374620687,0.0,18.471162793873027,0.00599424479062146,13.53511946783918,34.59155325890543,0.8294009516867946,0.0,0.0,0.0,0.01159764316411554,7.151801433218426,0.0011344928962626134,23.26159899961773,1.0,-0.46105525826989985,0.007151634964179475,1.2966989760949459,0.0,-0.08712396730804692,-0.4575243306635648,0.0,-0.030406538666491015,1.0832346254381762,2.2088371503231836,Banks—Regional,Financial Services,HBCP
2010Q4,2010,Q4,2011-03-15,2010-12-31,1464921.0,8899193.0,0.0,0.2041025572434052,8899193.0,1.0,700423092.0,131529942.0,0.0,0.0,568893150.0,0.0,62125568.0,99191350.14,67353712.14,18.325628150785448,0.0,0.01856021046205027,0.09883681086090648,0.0,18.325628150785448,0.011137547677166923,11.146106185133865,16.927764387977238,0.7541351317557792,0.0,0.0,0.0,0.012705453463261887,0.0,0.0020914801592520882,29.968995138375472,1.0,0.7008546436950435,3.453808607702467,1.3361700762433462,2.3116893468377726,0.017028776981705993,0.6080485799561577,0.0,3.453808607702467,1.3361700762433462,2.3116893468377726,Banks—Regional,Financial Services,HBCP
2010Q3,2010,Q3,2010-11-09,2010-09-30,910993.0,8750188.0,0.0,0.12,8750188.0,1.0,698480951.0,132078906.0,0.0,0.0,566402045.0,0.0,60660647.0,100102095.36,85943318.36,17.65413357157522,0.0,0.022906852330179008,0.12113970719896787,0.0,17.65413357157522,0.006897339080019333,11.43999367327879,27.470599488689817,0.7578961576195975,0.0,0.0,0.0,0.012527454023581524,0.0,0.001304248882801673,-14.739656925100993,1.0,-0.368421052631579,0.10472786923392625,1.2874358115959048,0.0,-0.009906717112438575,-0.37892232992499286,0.0,0.10472786923392625,1.2874358115959048,0.0,Banks—Regional,Financial Services,HBCP
2010Q2,2010,Q2,2010-08-09,2010-06-30,1466794.0,8837741.0,0.0,0.19,8837741.0,1.0,709317942.0,132737806.0,0.0,23349392.0,576580136.0,0.0,59749653.0,98374200.0,99030556.0,17.419659580052492,0.0,0.041934496843729914,0.2240875595005691,0.0,17.419659580052492,0.011050310715547008,11.131147654134693,16.76687387594986,0.7411166642305358,0.0,0.0,0.0,0.012459491684477932,1.924979031573927,0.002067893554002332,348.25807593592356,1.0,0.7272727272727273,0.8101418560767887,1.3005170592946054,0.0,0.2881958418245049,0.7349987875776985,0.0,0.8101418560767887,1.3005170592946054,0.0,Banks—Regional,Financial Services,HBCP
2010Q1,2010,Q1,2010-05-10,2010-03-31,845415.0,6860557.0,0.0,0.11,6860557.0,1.0,696740091.0,132865361.0,0.0,7181109.0,563874730.0,0.0,58282859.0,107906064.0,103672342.0,17.238281010787308,0.0,0.027642192904900602,0.14495444000637608,0.0,17.238281010787308,0.006362945117049733,15.728469860391803,31.909199623853375,0.812145943742252,0.0,0.0,0.0,0.009846651697842374,5.8415687604797535,0.001213386470680356,-53.627406388409575,1.0,38.20435401831129,-0.0022579293149621545,0.806129832682799,0.0,0.041438288633806136,38.09252751317858,0.0,-0.0022579293149621545,0.806129832682799,0.0,Banks—Regional,Financial Services,HBCP
2009Q4,2009,Q4,2010-03-15,2009-12-31,21626.0,6587579.0,0.0,0.0028058108022548205,6587579.0,1.0,524635749.0,132749304.0,0.0,0.0,391886445.0,0.0,57437444.0,93955351.44,81490556.44,17.223223488162816,0.0,0.03197228178211699,0.12635698639896448,0.0,17.223223488162816,0.0001629085754001392,14.262500903594477,1086.138807916397,0.7077653035378626,0.0,0.0,0.0,0.012556481354075626,0.0,4.122098053977637e-05,-52.78313431376845,1.0,-0.9834952305749717,-0.9387732105298213,0.6103771905271306,2.112469885050582,-0.06256031026853785,-0.9855579900857265,0.0,-0.9387732105298213,0.6103771905271306,2.112469885050582,Banks—Regional,Financial Services,HBCP
2009Q3,2009,Q3,2009-11-13,2009-09-30,1497437.0,7027203.0,0.0,0.17,7027203.0,1.0,533409568.0,132592687.0,0.0,0.0,400816881.0,0.0,57415818.0,101243373.98,71817183.98,15.938356628738658,0.0,0.03726784668399499,0.1499255083351618,0.0,15.938356628738658,0.011293511232636834,14.407350119243745,16.90277687475333,0.7635668019911234,0.0,0.0,0.0,0.013174122515927573,0.0,0.002807293100524211,20.403611661512866,1.0,-0.055555555555555455,0.6330513970058047,0.6520571041500544,0.0,-0.011554088316152894,0.04205340826691051,0.0,0.6330513970058047,0.6520571041500544,0.0,Banks—Regional,Financial Services,HBCP
2009Q2,2009,Q2,2009-08-14,2009-06-30,1437006.0,7109345.0,0.0,0.18,7109345.0,1.0,527443224.0,130194704.0,0.0,0.0,397248520.0,0.0,55918381.0,95321401.97999999,77102365.97999999,16.30824487963537,0.0,0.04340391147009977,0.17583740579801158,0.0,16.30824487963537,0.011037361396819951,13.407902131630971,16.583334025745195,0.7321450032253232,0.0,0.0,0.0,0.013478882041719053,0.0,0.0027244752318592684,-30.702211602508186,1.0,-0.14285714285714285,0.6926647273780662,0.7663739654927665,0.0,0.04154751007654541,-0.1662435046172627,0.0,0.6926647273780662,0.7663739654927665,0.0,Banks—Regional,Financial Services,HBCP
2009Q1,2009,Q1,2009-05-14,2009-03-31,1723532.0,6825752.0,0.0,0.21,6825752.0,1.0,532895396.0,129299707.0,0.0,5546421.0,403595689.0,0.0,53778603.0,81026100.0,53924616.0,15.718418064672989,0.0,0.045425464700393096,0.18721636391643176,0.0,15.718418064672989,0.013329744049613353,11.87064809855383,11.752914944428069,0.6266533921844076,0.0,0.0,0.0,0.012808802724202931,10.987611831124973,0.003234278271002364,30.94686378179482,1.0,3.1617650923479874,0.9058854633866116,0.6837174182809553,0.0,0.05432569591345133,3.1568495439227027,0.0,0.9058854633866116,0.6837174182809553,0.0,Banks—Regional,Financial Services,HBCP
2008Q4,2008,Q4,2009-03-27,2008-12-31,-799097.0,6474045.0,0.0,-0.09714283977631899,6474045.0,1.0,528396988.0,126962726.0,0.0,24368362.0,401434262.0,0.0,52055071.0,80203500.0,102789047.0,15.434321176756626,0.0,0.08406708593880176,0.3498727256376017,0.0,15.434321176756626,-0.006293949611636411,12.38846810610677,-25.091916250467715,0.6317090261593784,0.0,0.0,0.0,0.012252236759532778,1.2834217170608349,-0.0015123042298643837,-14.618080135661529,1.0,-1.6227105113866604,-3.1197951746212667,0.4828820169665813,1.7891909950462892,0.15611889619806676,-1.5739917754592634,0.0,-3.1197951746212667,0.4828820169665813,1.7891909950462892,Banks—Regional,Financial Services,HBCP
2008Q3,2008,Q3,2008-11-14,2008-09-30,1392175.0,5599809.0,0.0,0.156,5599809.0,1.0,503045079.0,51188427.0,0.0,0.0,451856652.0,0.0,52854168.0,102539046.51,57201456.510000005,5.735912769314086,0.0,0.031495034265110064,0.30951179648477967,0.0,5.735912769314086,0.027197065461691174,18.31116856128486,18.41346212042308,2.0031685386620692,0.0,0.0,0.0,0.011131823436443953,0.0,0.00276749551504906,16.739959197806645,1.0,0.2620542359717818,0.4153110903946817,0.2272203693971644,0.0,0.06932416789420356,0.2616749166692344,0.0,0.4153110903946817,0.2272203693971644,0.0,Banks—Regional,Financial Services,HBCP
2008Q2,2008,Q2,2008-09-26,2008-06-30,1103434.0,5236774.0,0.0,0.123608,5236774.0,1.0,448092950.0,50759078.0,0.0,0.0,397333872.0,0.0,51461993.0,102569793.75,163156996.75,5.686097094447945,0.0,0.1734323336263157,1.5310326558729062,0.0,5.686097094447945,0.02173865333014914,19.586446493585555,23.238769548065402,2.0207182200984817,0.0,0.0,0.0,0.01168680292783004,0.0,0.0024625114052787486,44.941612919479994,1.0,0.0824481360503708,0.16237260380996296,0.16359953149435014,0.0,0.08003069671689085,0.08277465949680103,0.0,0.16237260380996296,0.16359953149435014,0.0,Banks—Regional,Financial Services,HBCP
2008Q1,2008,Q1,2008-03-31,2008-03-31,1019080.0,4848727.0,0.0,0.114193,4848727.0,1.0,430052819.0,51370738.0,0.0,0.0,378682081.0,0.0,50358559.0,102539046.51,133141014.51,5.756341605560342,0.0,0.10868544498484034,0.9098658851270542,0.0,5.756341605560342,0.019837752768901238,21.14762215113369,25.154807892903403,1.9960594397144926,0.0,0.0,0.0,0.011274724372868255,0.0,0.00236966241116536,186.43801980036002,1.0,1.4918539640482684,0.038736001353614415,0.10246774321537165,0.0,0.023712665320219053,1.491851380925018,0.0,0.038736001353614415,0.10246774321537165,0.0,Banks—Regional,Financial Services,HBCP
2007Q4,2007,Q4,2007-12-31,2007-12-31,408965.0,4736414.0,0.0,0.045826521797642565,4736414.0,1.0,422350845.0,49383120.0,0.0,0.0,372967725.0,0.0,49339479.0,102539046.51,121292836.51,5.53361931978433,0.0,0.07994981518268302,0.6837735647322405,0.0,5.53361931978433,0.008281473507546709,21.649088637521974,62.68204278483489,2.076398706886078,0.0,0.0,0.0,0.011214406354508419,0.0,0.0009683063378267895,-194.41151105448466,1.0,-0.5842381191072412,0.0,0.0,0.0,0.03800392811574485,-0.5842385475365804,0.0,0.0,0.0,0.0,Banks—Regional,Financial Services,HBCP
2007Q3,2007,Q3,2007-09-30,2007-09-30,983653.0,4563002.0,0.0,0.110223,4563002.0,1.0,,,,,,,,102539046.51,,,0.0,0.0,0.0,0.0,,0.0,22.471839045873747,26.060777151597158,0.0,0.0,0.0,0.0,0.0,0.0,0.0,158.62162575529285,1.0,0.03650520495387476,0.0,0.0,0.0,0.014192915722228173,0.03650435717221104,0.0,0.0,0.0,0.0,Banks—Regional,Financial Services,HBCP
2007Q2,2007,Q2,2007-06-30,2007-06-30,949010.0,4499146.0,0.0,0.106341,4499146.0,1.0,,,,,,,,102539046.51,,,0.0,0.0,0.0,0.0,,0.0,22.79077996357531,27.01210906892446,0.0,0.0,0.0,0.0,0.0,0.0,0.0,3538.7578171590285,1.0,-0.032683246311423206,0.0,0.0,0.0,0.02298259667258366,-0.03268550786533575,0.0,0.0,0.0,0.0,Banks—Regional,Financial Services,HBCP
2007Q1,2007,Q1,2007-03-31,2007-03-31,981077.0,4398067.0,0.0,0.109934,4398067.0,1.0,,,,,,,,102539046.51,,,0.0,0.0,0.0,0.0,,0.0,23.314571267331765,26.12920456549282,0.0,0.0,0.0,0.0,0.0,0.0,0.0,68.925055243401,1.0,0.0,0.0,0.0,0.0,0.0,0.0,0.0,0.0,0.0,0.0,Banks—Regional,Financial Services,HBCP
