Quarters,Year,Quarter,FillingDate,Date,NetIncome,Revenue,OperatingIncome,EPSDiluted,GrossProfit,GrossProfitRatio,TotalAssets,CommonStockEquity,CurrentAssets,CurrentLiability,TotalLiability,Inventory,RetainedEarnings,MarketCap,EnterpriseValue,bookValuePerShare,currentRatio,debtToAssets,debtToEquity,roic,shareholdersEquityPerShare,roe,priceToSalesRatio,peRatio,pbRatio,payoutRatio,inventoryTurnover,dividendYield,assetTurnover,quickRatio,returnOnAssets,priceToFreeCashFlowsRatio,grossProfitMargin,epsdilutedGrowth,fiveYNetIncomeGrowthPerShare,fiveYRevenueGrowthPerShare,fiveYShareholdersEquityGrowthPerShare,grossProfitGrowth,netIncomeGrowth,operatingIncomeGrowth,threeYNetIncomeGrowthPerShare,threeYRevenueGrowthPerShare,threeYShareholdersEquityGrowthPerShare,Industry,Sector,Symbol
2023Q1,2023,Q1,2023-05-04,2023-03-31,94492000.0,139954000.0,45824000.0,4.17,84436000.0,0.603312517,1784932000.0,884305000.0,148758000.0,136446000.0,900627000.0,79979000.0,317260000.0,512754000.00000006,1226770000.0,39.4075311942959,1.0902334989666242,0.40123825445451144,0.8098823369764957,0.02215793259500456,39.4075311942959,0.10685453548266718,3.6637323692070254,1.3566069085213563,0.5798384041705068,0.0,0.6941572162692707,0.0,0.07840858923477197,0.48449203347844566,0.05293871139068603,-40.43801261829653,0.6033125169698615,-0.4549019607843138,4.770677256577953,0.3716913319081732,1.2431089939812736,-0.4131743185577471,-0.4549377018920166,-0.5702482439111312,9.500098742125733,0.38168629948935195,0.19149287875139417,Oil & Gas E&P,Energy,SBOW
2022Q4,2022,Q4,2023-03-02,2022-12-31,173360000.0,198978000.0,106629000.0,7.65,143886000.0,0.7231251696,1716362000.0,791579000.0,145726000.0,195839000.0,924783000.0,52549000.0,222768000.0,630926800.0,1330993800.0,35.48090542357687,0.744111234228116,0.40833984905282217,0.8853936246413814,0.07008384893016521,35.48090542357687,0.21900530458741327,3.1708369769522258,0.9098505999077066,0.7970484310473118,0.0,1.0483929285048241,0.0,0.11593008934012755,0.4621449251681228,0.10100433358464007,-10.021551217497658,0.7231251696167416,0.21621621621621626,2.586482730842959,0.7629688728771701,1.1278492733530734,-0.24674114481357778,0.21621147599638,-0.3162309305323099,13.669194007613589,0.5060417998868678,0.05759382439807537,Oil & Gas E&P,Energy,SBOW
2022Q3,2022,Q3,2022-11-03,2022-09-30,142541000.0,242181000.0,155943000.0,6.29,191018000.0,0.7887406527,1589913000.0,616985000.0,144288000.0,286217000.0,972928000.0,33205000.0,49407000.0,599639040.0,1238024040.0,27.657566792182177,0.5041209991020799,0.40273209917775377,1.037803188083989,0.117661605472046,27.657566792182177,0.2310283070090845,2.475995391876324,1.0516957226341894,0.97188592915549,0.0,1.5408221653365457,0.0,0.15232342901781418,0.3655093862349197,0.08965333323269889,234.14253807106599,0.788740652652355,0.2707070707070707,4.718675075571226,1.5537710366909248,0.9197902907541005,0.27861039526088555,0.6053722266020948,0.26296224306331695,1.7180002873620859,0.7731426370937704,-0.16240981752780279,Oil & Gas E&P,Energy,SBOW
2022Q2,2022,Q2,2022-08-04,2022-06-30,88790000.0,182605000.0,123474000.0,4.95,149395000.0,0.8181320336,1452355000.0,473257000.0,136796000.0,273060000.0,979098000.0,10094000.0,-93134000.0,498597160.0,1146340160.0,26.91866219213924,0.5009741448765839,0.4524727081188828,1.3885711146375015,0.10256990466982106,26.91866219213924,0.1876147632259005,2.7304682785246843,1.4038663137740734,1.0535441842381623,0.0,3.2900733108777493,0.0,0.12573027944269824,0.4376364169047096,0.061135190776359774,-1.7939473182385683,0.81813203362449,2.2890625,2.57202374152025,1.606039242153403,1.0374167980147557,0.462506118453255,2.3818379892615362,0.5486711234306212,-0.08318998454011722,0.6331310824454129,-0.11897268725028831,Oil & Gas E&P,Energy,SBOW
2022Q1,2022,Q1,2022-05-05,2022-03-31,-64255000.0,129656000.0,79729000.0,-3.84,102150000.0,0.7878540137,831790000.0,225782000.0,51583000.0,221569000.0,606008000.0,1679000.0,0.0,535008000.0,895791000.0,13.504515820324182,0.23280783864168725,0.43572055446687263,1.6052121072538998,0.12644359203285419,13.504515820324182,-0.2845886740307022,4.126365150860739,-2.081581199906622,2.3695777342746545,0.0,16.382370458606314,0.0,0.15587588213371165,0.21546335453064283,-0.07724906526887797,17.772580805899743,0.787854013697785,-1.5393258426966294,-3.437446902328045,1.0537645980059847,0.12874285018738524,-0.15742848658814212,-1.5622938051858268,-0.3786705112219451,-3.80300026110873,0.25993073578448567,-0.4593927177774208,Oil & Gas E&P,Energy,SBOW
2021Q4,2021,Q4,2022-03-03,2021-12-31,114273000.0,151350000.0,128320000.0,7.12,121236000.0,0.8010307235,819454000.0,292532000.0,55579000.0,121337000.0,526922000.0,0.0,-117669000.0,338284030.0,726300030.0,18.825664457172277,0.4580548390021181,0.4748735133393699,1.33023737574009,0.17351041712409773,18.825664457172277,0.39063418702911135,2.2351108688470434,0.740078649374743,1.1564000861444217,0.0,0.0,0.0,0.18469615133979456,0.4194763345063748,0.13945017047936797,41.53782293713163,0.8010307234886026,3.498245614035088,12.797888823979289,2.652543569436124,1.8119064917951098,0.568748220801739,4.1792838661213585,1.1516122000704236,0.515161090116423,0.2918616178885559,-0.19909736367511835,Oil & Gas E&P,Energy,SBOW
2021Q3,2021,Q3,2021-11-04,2021-09-30,-35943000.0,99249000.0,59639000.0,-2.85,77282000.0,0.7786677951415127,698335000.0,89316000.0,49862000.0,177726000.0,609019000.0,0.0,0.0,309410500.0,718163500.0,7.072293926676696,0.2805554617782429,0.5867398884489535,4.587543105378655,0.1144881061476626,7.072293926676696,-0.4024250974069596,3.117517556851958,-2.152091505995604,3.4642225357158853,0.0,0.0,0.0,0.14212233383691208,0.25420028583324894,-0.051469566898408356,-22.385363912603097,0.7786677951415127,-0.7378048780487807,-73.23524295262737,0.6386532263959974,-0.15122966652144681,0.623025873655914,-0.8015638313868979,0.7781454979129397,-5.691591286398939,0.4103431021601514,-0.6182274961691563,Oil & Gas E&P,Energy,SBOW
2021Q2,2021,Q2,2021-08-05,2021-06-30,-19951000.0,69861000.0,33540000.0,-1.64,47616000.0,0.6815819985399579,622943000.0,101238000.0,31811000.0,101924000.0,521705000.0,0.0,-195999000.0,283051800.0,691133800.0,8.305004101722723,0.31210509791609437,0.6583989225338434,4.051294968292538,0.06351286353255745,8.305004101722723,-0.19707027005669808,4.051642547344012,-3.5468372512656003,2.7959046998162744,0.0,0.0,0.0,0.11214669720985708,0.2749107177897257,-0.032027007286380936,66.71029931652133,0.6815819985399579,-1.70995670995671,0.0,0.0,0.03826827460309831,-0.302758741873133,-1.7029950669485554,-0.37494176186660205,-9.225692915215852,0.3008532177590191,-0.5333907492391725,Oil & Gas E&P,Energy,SBOW
2021Q1,2021,Q1,2021-05-06,2021-03-31,28380000.0,86741000.0,53659000.0,2.31,68292000.0,0.7873093462145929,600450000.0,120056000.0,33840000.0,75165000.0,480394000.0,0.0,-176048000.0,93585620.0,488756620.0,9.980547011389143,0.4502095390141688,0.6638188025647431,3.3200339841407343,0.10278241748138159,9.980547011389143,0.23638968481375358,1.0789087052259023,0.8243976391825228,0.7795163923502365,0.0,0.0,0.0,0.14445998834207677,0.3923900751679638,0.047264551586310266,2.943962376922835,0.7873093462145929,2.0,-0.8761855325876307,6.490031140279531,1.4645789444974509,0.9143890337229837,2.03594351732991,1.3782909316549952,2.233236427982718,0.5859475891759205,-0.43189907899278873,Oil & Gas E&P,Energy,SBOW
2020Q4,2020,Q4,2021-03-04,2020-12-31,9348000.0,53465000.0,22562000.0,0.77,35673000.0,0.6672215468063218,583135000.0,91033000.0,34973000.0,58040000.0,492102000.0,0.0,-204428000.0,63385469.99999999,490596470.0,7.626120465778671,0.6025671950379049,0.7362428940125357,4.716190831896125,0.041638660000022205,7.626120465778671,0.10268803620665033,1.1855507341251283,1.6951612644415917,0.6962911251963574,0.0,0.0,0.0,0.09168545877026761,0.48187456926257755,0.016030593258850867,2.608240885523825,0.6672215468063218,2.327586206896552,1.0660758832180082,2.9536587443581106,1.3995126834090101,0.3395794217048442,2.355568445475638,0.7387484586929717,-0.6385544136953321,-0.11465297821456695,-0.5426487938262354,Oil & Gas E&P,Energy,SBOW
2020Q3,2020,Q3,2020-11-05,2020-09-30,-6896000.0,45699000.0,12976000.0,-0.58,26630000.0,0.5827260990393663,590679000.0,80602000.0,44584000.0,52360000.0,510077000.0,0.0,-213776000.0,46904550.0,499525550.0,6.753414327607876,0.8514896867838044,0.7683411802349499,5.630666732835413,0.022162685967636916,6.753414327607876,-0.08555618967271283,1.0263802271384495,-1.7004259715777263,0.5819278677948438,0.0,0.0,0.0,0.07736689470930912,0.5749809014514897,-0.011674699794643114,6.833413461538462,0.5827260990393663,0.9774231218372909,0.9274128895859449,1.8416334262273304,1.9261956055466904,3.0495742092457423,0.9774622846236306,1.0485863309756582,-1.5171197031629076,-0.09928623813720378,-0.5312263239568124,Oil & Gas E&P,Energy,SBOW
2020Q2,2020,Q2,2020-08-05,2020-06-30,-305976000.0,24846000.0,-267071000.0,-25.69,6576000.0,0.264670369475972,598034000.0,86351000.0,54032000.0,38629000.0,511683000.0,0.0,-206880000.0,38231100.0,503761100.0,7.250293870696893,1.398741877863781,0.789486885361033,5.467684219059421,-0.5089486207904242,7.250293870696893,-3.543398455142384,1.5387225307896644,-0.031237008785002743,0.4427406746881912,0.0,0.0,0.0,0.041546132828568276,0.7813300887933936,-0.5116364621409485,-4.393874267325595,0.264670369475972,-50.38,-2.9050023231201854,0.3600691202088038,10.41684053583102,-0.7177076625885384,-51.2321611471492,-2.0667501090875686,-19.17060786388648,-0.47657244765385226,-0.45124054021470134,Oil & Gas E&P,Energy,SBOW
2020Q1,2020,Q1,2020-05-07,2020-03-31,-5858000.0,53377000.0,-87086000.0,-0.5,23295000.0,0.4364239279090245,949209000.0,391101000.0,107606000.0,66041000.0,558108000.0,0.0,99096000.0,29207750.000000004,485770750.0,33.074080338266384,1.629381747702185,0.5184959266083655,1.2583987256488733,-0.08062799976003113,33.074080338266384,-0.014978228130329506,0.5471972947149522,-1.2464898429498124,0.07468083691936354,0.0,0.0,0.0,0.056233137275352424,0.9985160733483744,-0.0061714543372429044,1.2447368421052634,0.4364239279090245,-1.9433962264150944,0.9540700137665759,1.9641515547200474,3.5797652144799827,-0.3813570574956845,-1.9375800256081945,-4.730551747772447,-1.3141859438474937,0.1954223015983947,1.7644183771592028,Oil & Gas E&P,Energy,SBOW
2019Q4,2019,Q4,2020-03-05,2019-12-31,6248000.0,69850000.0,23344000.0,0.53,37655000.0,0.5390837508947746,959816000.0,395707000.0,53308000.0,81146000.0,564109000.0,0.0,104954000.0,116770500.0,597832500.0,33.548707079270876,0.6569393438986518,0.502617168290589,1.2191343595134785,0.03978560386373517,33.548707079270876,0.015789460383566628,1.671732283464567,4.672315140845071,0.2950933392636471,0.0,0.0,0.0,0.0727743650866416,0.4726542281813028,0.00650958100302558,50.61573472041613,0.5390837508947746,-0.774468085106383,1.0779482120858106,1.443194256688416,0.8530008029050263,-0.0655168135004343,-0.7740407218545441,-0.05036205353510699,1.8498197356466046,1.2207747542732534,4.011022449812861,Oil & Gas E&P,Energy,SBOW
2019Q3,2019,Q3,2019-11-07,2019-09-30,27651000.0,72014000.0,24582000.0,2.35,40295000.0,0.5595439775599189,941346000.0,388386000.0,60770000.0,67030000.0,552960000.0,0.0,98706000.0,113973780.0,597326780.0,33.020404693079406,0.9066089810532597,0.5164976533601885,1.2518551132121136,0.026766460057685088,33.020404693079406,0.071194636263923,1.5826614269447608,1.0304670717153086,0.29345491341088503,0.0,0.0,0.0,0.07650109524021985,0.5591973743100105,0.029373896526888096,-22.453463356973995,0.5595439775599189,-0.5719489981785064,40.66770392355965,1.0051079267799021,0.32796448274041795,-0.08307923360487872,-0.5726539317507419,-0.1337655930650504,58.66689597490671,0.27663174744791286,2.962892407119126,Oil & Gas E&P,Energy,SBOW
2019Q2,2019,Q2,2019-08-09,2019-06-30,64704000.0,74703000.0,28378000.0,5.49,43946000.0,0.5882762405793609,921188000.0,358884000.0,63072000.0,83615000.0,562304000.0,0.0,71055000.0,161742420.0,637453420.0,30.55372041546058,0.7543144172696287,0.5200284849563824,1.334815706467828,0.049098937406290726,30.55372041546058,0.1802922392750861,2.1651395526284083,0.6249320752967359,0.4506816130003009,0.0,0.0,0.0,0.08109419575591519,0.4555761526041978,0.07023973390882209,-4.096300367228062,0.5882762405793609,3.036764705882353,29.034815301589543,0.7617122341744352,0.26988557296744925,0.002120721501379609,3.030648476920202,-0.021482017861453054,0.0,0.0,2.819740266219178,Oil & Gas E&P,Energy,SBOW
2019Q1,2019,Q1,2019-05-09,2019-03-31,16053000.0,72064000.0,29001000.0,1.36,43853000.0,0.6085285301953819,822797000.0,292469000.0,43674000.0,97532000.0,530328000.0,0.0,6351000.0,271040200.0,696402200.0,24.980269900922448,0.4477914940737399,0.5180354327981264,1.4573783888206955,0.039664683736014304,24.980269900922448,0.05488786845785365,3.761104018650089,4.221020992960817,0.9267313800778885,0.0,0.0,0.0,0.08758417932977393,0.3303326087848091,0.019510280178464432,-7.2608481341584294,0.6085285301953819,-0.7178423236514523,10.050979398884781,0.8076107324386028,0.044259381743120864,-0.2419271193472549,-0.7171177838866568,-0.3422467170170783,-0.9280448273499262,5.393289555300961,2.16279272174048,Oil & Gas E&P,Energy,SBOW
2018Q4,2018,Q4,2019-02-28,2018-12-31,56748000.0,88152000.0,44091000.0,4.82,57848000.0,0.6562301479263091,777520000.0,274827000.0,66324000.0,106012000.0,502693000.0,0.0,-9702000.0,276398880.0,661921880.0,23.50555935682518,0.6256272874768894,0.4990070994958329,1.411753575885921,0.06607950222861936,23.50555935682518,0.20648626226680786,3.135480533623741,1.2176591245506452,1.0057195253741444,0.0,0.0,0.0,0.11337586171416812,0.46161755272987964,0.07298590389957815,-4.332406658515941,0.6562301479263091,7.033333333333335,6.033341430094857,1.2392599157408966,-0.012677145411166671,0.4415150760029903,7.0152542372881355,0.5811159721724163,1.4095257557580858,5.65530812420283,2.231395325554452,Oil & Gas E&P,Energy,SBOW
2018Q3,2018,Q3,2018-11-07,2018-09-30,7080000.0,65034000.0,27886000.0,0.6,40130000.0,0.6170618445736077,680224000.0,216204000.0,41120000.0,132938000.0,464020000.0,0.0,-66450000.0,310098470.0,622329470.0,18.52489075486248,0.30931712527644467,0.4656892435433034,1.4651579064217128,0.050744403604658365,18.52489075486248,0.03274685019703613,4.768251529968939,10.949804731638418,1.434286460935043,0.0,0.0,0.0,0.09560674130874536,0.267854187666431,0.010408336077527404,-6.8802216502851055,0.6170618445736077,1.9999999999999998,1.9620918461596586,0.5593480767500456,-0.2502665512252987,0.22235759975632044,2.0530401034928847,0.35830491962981004,1.0762096324849342,3.1353871783477505,3.5405922956993443,Oil & Gas E&P,Energy,SBOW
2018Q2,2018,Q2,2018-08-08,2018-06-30,2319000.0,51347000.0,20530000.0,0.2,32830000.0,0.639375231269597,596996000.0,207443000.0,33533000.0,102463000.0,389553000.0,0.0,-73530000.0,336596400.0,604562400.0,17.798627198627198,0.32726935576744776,0.45993105481443763,1.3236262491383175,0.03731390472725229,17.798627198627198,0.011178974465274799,6.55532747774943,36.286804657179815,1.6225970507561114,0.0,0.0,0.0,0.08600895148376203,0.27978880181138555,0.003884448137005943,-11.812472363572557,0.639375231269597,-0.7222222222222223,0.28371723191717235,0.3561129741565821,-0.27150250287633615,-0.051046363741473005,-0.7260807937632885,-0.01624418994681106,1.030243647391363,1.8722289653090316,27.02701409176117,Oil & Gas E&P,Energy,SBOW
2018Q1,2018,Q1,2018-05-09,2018-03-31,8466000.0,52752000.0,20869000.0,0.72,34596000.0,0.6558234758871702,534395000.0,203827000.0,26951000.0,73411000.0,330568000.0,0.0,-75851000.0,337618200.0,582752200.0,17.56826409239786,0.3671248178065957,0.45915661636055727,1.203819906096837,0.04645835466765213,17.56826409239786,0.041535223498358906,6.400102365787079,9.969826364280653,1.6563958651209116,0.0,0.0,0.0,0.09871349844216357,0.2911007887101388,0.015842214092571975,-39.2716296382459,0.6558234758871702,-0.6676834944504118,3.369404431325177,0.3399497110481684,-0.27656264027513633,-0.10933758978451716,-0.6632056331304451,-0.11433179136782243,1.0676540033084603,1.9857501447278398,1.4326761000236112,Oil & Gas E&P,Energy,SBOW
2017Q4,2017,Q4,2018-03-01,2017-12-31,25137000.0,58694000.0,23563000.0,2.1666092053094292,38843000.0,0.6617882577435513,551270000.0,193458000.0,42569000.0,75497000.0,357812000.0,0.0,-84317000.0,344811440.0,602330440.0,16.67453887260817,0.5638502192140085,0.481297730694578,1.3714863174435794,0.05568869954134545,16.67453887260817,0.12993517972893343,5.874730636862371,3.42932171699089,1.7823581345821833,0.0,0.0,0.0,0.10647051354145881,0.4645085235174908,0.04559834563825349,-17.25264885419794,0.6617882577435513,0.9344725047405616,7.289467290195377,0.4027000985201211,-0.30970631853111014,0.2038368561333912,0.9510245265445514,0.3586461396528859,1.3188186118394087,1.087134227056,-0.07901267712026752,Oil & Gas E&P,Energy,SBOW
2017Q3,2017,Q3,2017-11-07,2017-09-30,12884000.0,49019000.0,17343000.0,1.12,32266000.0,0.6582345621085701,516330000.0,166122000.0,40238000.0,73603000.0,350208000.0,0.0,-109454000.0,283086050.0,520225050.0,14.406556239701674,0.5466896729752864,0.4841864698932853,1.504918072260146,0.04167768106468776,14.406556239701674,0.07755745777199889,5.775027030335176,5.49297675411363,1.7040852505989574,0.0,0.0,0.0,0.09493734627079581,0.4766517669116748,0.02495303391242035,-8.605747074023407,0.6582345621085701,-0.2056737588652481,14.353884198520978,0.4165035031780097,-0.39486990949377154,0.06865829828105853,-0.20669909488332,0.10114285714285715,18.804033231708107,0.3921930767744198,-0.4206190026212539,Oil & Gas E&P,Energy,SBOW
2017Q2,2017,Q2,2017-08-09,2017-06-30,16241000.0,45782000.0,15750000.0,1.41,30193000.0,0.6594949980341619,460146000.0,151768000.0,32206000.0,73164000.0,308378000.0,0.0,-122337000.0,300499920.0,504872920.0,13.212152868459999,0.4401891640697611,0.45855011235564364,1.3902799009013758,0.0434161778326644,13.212152868459999,0.10701201834378789,6.56371324974881,4.625637583892617,1.9799952559169258,0.0,0.0,0.0,0.09949450826476813,0.3496665026515773,0.03529531931169672,-10.729074550128535,0.6594949980341619,-0.1019108280254778,19.013484371914767,0.2676788304293804,-0.4413469875336939,0.06643825939530941,-0.08294748729531339,-0.2801974315616288,6.708856791994794,0.10401522794308823,-0.4508713803963459,Oil & Gas E&P,Energy,SBOW
2017Q1,2017,Q1,2017-05-08,2017-03-31,17710000.0,42412000.0,21881000.0,1.57,28312000.0,0.6675469206828256,401899000.0,134382000.0,23339000.0,71894000.0,267517000.0,0.0,-138578000.0,308880000.0,480712000.0,11.964209401709402,0.3246307063176343,0.42796822087141295,1.279933324403566,0.07141738091663348,11.964209401709402,0.1317884835766695,7.282844477977931,4.3602484472049685,2.298522123498683,0.0,0.0,0.0,0.10552900106743236,0.27898016524327485,0.04406579762577165,-22.577296981214822,0.6675469206828256,3.5375864990820505,17.84762373610413,0.1858939815249887,-0.49230425508003633,-0.06539464562770277,3.5010591724332722,4.090100268323683,11.708337609732402,0.10892179286005267,-0.4998557676747545,Oil & Gas E&P,Energy,SBOW
2016Q4,2016,Q4,2017-02-28,2016-12-31,-7081000.0,30293000.0,-7081000.0,-0.618698121450415,30293000.0,1.0,377299000.0,76055000.0,21479000.0,79124000.0,301244000.0,400000.0,-156288000.0,382832000.00000006,580529000.0,6.694982394366197,0.27145998685607403,0.5247827319976994,2.6033791335217935,-0.025837879257813213,6.694982394366197,-0.0931036749720597,12.637639058528375,-13.51617003248129,5.033620406284926,0.0,0.0,0.0,0.08028910757780965,0.22487487993529146,-0.018767608713513684,41.61217391304351,1.0,-16.467453036260377,-2.2890035003098648,-0.28115019196116425,-0.7132974426751961,0.016918996945181106,-18.972081218274113,-1.8266402054634603,0.35358578115686884,-0.2080001558835298,-0.7187852869747482,Oil & Gas E&P,Energy,SBOW
2016Q3,2016,Q3,2016-11-03,2016-09-30,394000.0,47959000.0,8566000.0,0.04,29789000.0,0.6211347192393503,445448000.0,83324000.0,27037000.0,49834000.0,362124000.0,0.0,-149207000.0,310000000.0,561553000.0,8.3324,0.5425412369065297,0.5702124602647223,3.048341414238395,0.025393983232737664,8.3324,0.004728529595314676,6.463854542421652,196.70050761421322,3.720416686668907,0.0,0.0,0.0,0.10766464323557408,0.47738491792751936,0.0008845027926940967,-124.00000000000004,0.6211347192393503,0.0,-0.9014303722902922,0.42902557320461354,-0.6357389831939088,0.0,0.0,0.0,-0.8076157326130993,0.3420873730240117,-0.6627737744185851,Oil & Gas E&P,Energy,SBOW
2016Q2,2016,Q2,2016-08-09,2016-06-30,0.0,0.0,0.0,0.0,0.0,0.0,455555000.0,79989000.0,30421000.0,67774000.0,375566000.0,0.0,-149601000.0,255000000.0,504706000.0,7.9989,0.4488594446247824,0.5575616555629946,3.1754366225355986,,7.9989,0.0,0.0,0.0,3.187938341521959,0.0,0.0,0.0,0.0,0.3886888777407265,0.0,-6.472081218274112,0.0,-1.0,-1.0,-1.0,-0.6427681776133211,-1.0,-1.0,1.0,-1.0,-1.0,-0.6726051641672722,Oil & Gas E&P,Energy,SBOW
2016Q1,2016,Q1,2016-05-10,2016-03-31,851611000.0,43027000.0,-90939000.0,18.64,16498000.0,0.38343365793571477,433274000.0,-960118000.0,40417000.0,417121000.0,1393392000.0,0.0,-1735342000.0,1027916000.0,1350034000.0,-21.482994719412872,0.09689514553331048,0.7844920304472458,-0.3540189851664066,0.14662425147286923,-21.482994719412872,-0.8869857663328883,23.89002254398401,0.3017563183190447,-1.0706142370000353,0.0,0.0,0.0,0.09930667429848086,0.0870706581543485,1.965525279615209,-15.575428813867507,0.38343365793571477,2.5727705741360194,38.83623772078301,-0.7180817891402731,-2.0027487486898514,1.9455454383145867,2.6085158063535174,-1.9829757921668962,113.1007014059032,-0.7162775462406816,-1.8846406734926302,Oil & Gas E&P,Energy,SBOW
2015Q4,2015,Q4,2016-03-04,2015-12-31,-529439000.0,50607000.0,-30486000.0,-11.851696812320917,5601000.0,0.11067638864188749,524998000.0,-852724000.0,61847000.0,333053000.0,1377722000.0,600000.0,-1627039000.0,1027456000.0,2228525000.0,-19.08855659025788,0.18569717132108102,2.3438736909473943,-1.4430566044816378,-0.08062998046499083,-19.08855659025788,0.6208796750179425,20.302645879028592,-0.4851625966353064,-1.2049103813191606,0.0,75.01,0.0,0.09639465293201117,0.1536211954253527,-1.0084590798441138,1107.1724137931035,0.11067638864188749,-0.488906634713683,-49.54593092347761,-0.5816242274690141,-1.9151484602490407,-0.704775458570525,-0.49311031394181415,-1.2370120340475492,-46.34470398182218,-0.685891870041873,-1.7902293492662744,Oil & Gas E&P,Energy,SBOW
2015Q3,2015,Q3,2015-11-05,2015-09-30,-354588000.0,60024000.0,-13628000.0,-7.96,18972000.0,0.31607357057177127,1024278000.0,-324810000.0,48231000.0,94997000.0,1349088000.0,0.0,-1097600000.0,1024558000.0,2196368000.0,-7.29156377677008,0.5077107698137836,1.1511835653992373,-3.630220744435208,-0.015951830808524185,-7.29156377677008,1.091678211877713,17.06913901106224,-0.7223580606224689,-3.154330223823158,0.0,0.0,0.0,0.05860127816862219,0.4624567091592366,-0.3461833603767727,-44.96831109550562,0.31607357057177127,-0.20972644376899693,-33.31793833405781,-0.5168598467455577,-1.380741090379826,-0.10115127682759274,-0.2107475406925328,0.0445877734155917,-110.38300193858443,-0.5510102790657329,-1.3062733782282576,Oil & Gas E&P,Energy,SBOW
2015Q2,2015,Q2,2015-08-06,2015-06-30,-292867000.0,68281000.0,-14264000.0,-6.58,21107000.0,0.30911966725736295,1347028000.0,28270000.0,45312000.0,93793000.0,1318758000.0,0.0,-743012000.0,1023868000.0,2172958000.0,0.6350525653697547,0.4831064151908991,0.8531114423753626,40.6496285815352,-0.01208797086503224,0.6350525653697547,-10.359639193491333,14.994918059196555,-0.8740042408328694,36.21747435443933,0.0,0.0,0.0,0.0506901118610749,0.42098024372820997,-0.2174171583664185,-39.97142299433926,0.30911966725736295,0.39017608897126965,-20.983871503239044,-0.45698160281404376,-0.9662947470287282,14.786836200448766,0.38612215638146463,0.6012412289284617,-94.12598211760175,-0.5121291870292529,-0.9731479016137344,Oil & Gas E&P,Energy,SBOW
2015Q1,2015,Q1,2015-05-07,2015-03-31,-477077000.0,67358000.0,-35771000.0,-10.79,1337000.0,0.019849164167582173,1630355000.0,319434000.0,60936000.0,110286000.0,1310921000.0,3100000.0,-450145000.0,1017336000.0,2141226000.0,7.221785132935431,0.552527065992057,0.689543688337816,3.519352980584409,-0.02123948222549125,7.221785132935431,-1.4935072659766964,15.103417559903798,-0.5331089111401304,3.184808129378839,0.0,21.297096774193548,0.0,0.04131492834382696,0.45292240175543586,-0.2926215456142987,-20.369941733576276,0.019849164167582173,-0.5867647058823529,-29.588983541964172,-0.47801693906680387,-0.6105496070253625,-0.9619131722880584,-0.6000167689573063,-40.96759776536313,-129.92793877000972,-0.5217369669952058,-0.693546856326861,Oil & Gas E&P,Energy,SBOW
2014Q4,2014,Q4,2015-03-02,2014-12-31,-298170000.0,106350000.0,895000.0,-6.8,35104000.0,0.33007992477668074,2173347000.0,794378000.0,64669000.0,148919000.0,1378969000.0,3100.0,31817000.0,1009148000.0,2083276000.0,18.10506883034005,0.43425620639408,0.4944143756151227,1.352673412405681,0.0003087934594566428,18.10506883034005,-0.37535027405089266,9.488932769158438,-0.8461179863836067,1.2703624722739049,0.0,22982.58064516129,0.0,0.04893374136757729,0.3280776798125155,-0.1371939225535545,-66.53138185654008,0.33007992477668074,-114.33333333333333,-18.597888472239447,-0.20572493587740998,0.0041140900192274425,-0.44681521636357907,-121.52142279708973,-0.9691006387018816,-15.05318460255338,-0.3465916590805033,-0.22467764238363008,Oil & Gas E&P,Energy,SBOW
2014Q3,2014,Q3,2014-11-17,2014-09-30,2474000.0,133896000.0,28965000.0,0.06,63458000.0,0.4739349943239529,2675159000.0,1090349000.0,124182000.0,175066000.0,1584810000.0,0.0,329987000.0,1008550000.0,2078778000.0,24.865427594070695,0.7093439045845567,0.4034410664936178,0.9898381160527501,0.006032618051808553,24.865427594070695,0.0022689982748642866,7.532338531397502,101.91491511721907,0.9249790663356412,0.0,0.0,0.0,0.05005160440930801,0.41370683056675767,0.0009248048433756648,-38.610696374564526,0.4739349943239529,-0.6666666666666666,-0.7396946321547105,0.10142734276373287,0.3054437837343349,-0.20673533676683833,-0.6922119930330928,-0.10347282406834221,-0.8588512644318037,-0.09015400602512488,0.087022459163558,Oil & Gas E&P,Energy,SBOW
2014Q2,2014,Q2,2014-08-01,2014-06-30,8038000.0,158214000.0,32308000.0,0.18,79996000.0,0.5056189717724096,2724536000.0,1054463000.0,95041000.0,187007000.0,1670073000.0,3000000.0,296831000.0,1007998000.0,2185735000.0,24.060215397252772,0.5082216173726117,0.4324776769328796,1.1174417689383127,0.008515229351335226,24.060215397252772,0.007622837406338582,6.371104959106021,31.351020154267232,0.9559349166352921,0.0,26.072666666666667,0.0,0.05807007138096175,0.3699273289235162,0.002950227121241929,-361.80832735104093,0.5056189717724096,0.5,3.5221511478674814,0.35723486521480324,0.3770161388207994,-0.01942854341084321,0.4849436541658969,0.07299900365327133,-0.8102987199670784,-0.026881926169119406,0.07453207233202586,Oil & Gas E&P,Energy,SBOW
2014Q1,2014,Q1,2014-05-02,2014-03-31,5413000.0,148558000.0,30110000.0,0.12,81581000.0,0.549152519554652,2681273000.0,1043648000.0,88826000.0,164025000.0,1637625000.0,0.0,288793000.0,1003444000.0,2178389000.0,23.921518291005775,0.5415393994817863,0.43823810555657705,1.1258930214018519,0.006299666165876049,23.921518291005775,0.005186614644017907,6.75456050835364,46.344171439128026,0.9614774330042314,0.0,0.0,0.0,0.05540577181062876,0.44610882487425696,0.002018817181241895,-27.958874338255782,0.549152519554652,1.1250000000000002,1.0651130381359872,0.3837775440679567,0.3641191657858711,0.08850136094358756,1.129345981982843,1.6588765618503687,-0.7406181606656876,-0.0028910978487754354,0.11657023829138685,Oil & Gas E&P,Energy,SBOW
2013Q4,2013,Q4,2014-03-03,2013-12-31,-41849000.0,146123000.0,-45699000.0,-0.96,74948000.0,0.5129103563436284,2643593000.0,1033216000.0,86748000.0,177076000.0,1610377000.0,0.0,283380000.0,998177000.0,2137268000.0,23.807368833383258,0.48989134608868506,0.4321270331703859,1.1056429633300298,-0.01378174386705651,23.807368833383258,-0.040503631380079286,6.831073821369668,-5.9629680518053,0.9660874396060456,0.0,0.0,0.0,0.055274393599922526,0.41888228783121373,-0.015830349074157785,-53.07758162288631,0.5129103563436284,-5.799999999999999,0.9343287764543862,-0.28611695435399076,0.22151651857735574,-0.0895308438008698,-5.7095431015079905,-2.3901682231618655,-4.949823258868879,0.24345533018387197,0.14137896322507376,Oil & Gas E&P,Energy,SBOW
2013Q3,2013,Q3,2013-10-31,2013-09-30,8886000.0,155049000.0,32873000.0,0.2,82318000.0,0.5309160329960206,2670755000.0,1072083000.0,80858000.0,160767000.0,1598672000.0,2900000.0,325229000.0,997947000.0,2118252000.0,24.70863582935767,0.5029514763601983,0.41950759242236746,1.0450702044524538,0.008663814822969424,24.70863582935767,0.00828853736137967,6.436333030203355,28.076384199864954,0.9308486376521221,0.0,25.079655172413794,0.0,0.058054370393390634,0.4286389619760274,0.0033271490645903497,-10.579429443755366,0.5309160329960206,0.3333333333333335,-0.8980356854299121,-0.4846263728187518,-0.2775156750946563,0.07508260523188236,0.32192799761975605,0.17340710333749776,-0.16851389793922159,0.28128647150898506,0.2902023812009949,Oil & Gas E&P,Energy,SBOW
2013Q2,2013,Q2,2013-08-01,2013-06-30,6722000.0,140892000.0,28015000.0,0.15,76569000.0,0.5434588195213355,2629918000.0,1059590000.0,88839000.0,223282000.0,1570328000.0,0.0,316343000.0,997487000.0,2023584000.0,24.43196753441398,0.39787801972393655,0.39447427638428273,0.9790909691484442,0.00815269181217931,24.43196753441398,0.006343963231061071,7.079798711069472,37.09785034216007,0.9413895940882795,0.0,0.0,0.0,0.05357277299140125,0.33972734031404234,0.002555973228062624,-22.152593941547483,0.5434588195213355,-0.06250000000000006,-0.9420878870924438,-0.6214587450969506,-0.2390051458377118,-0.04678377133466954,-0.06755444583159939,1.4180044881753842,-0.5291913606584172,0.1501056319169924,0.29672044684026416,Oil & Gas E&P,Energy,SBOW
2013Q1,2013,Q1,2013-05-02,2013-03-31,7209000.0,146477000.0,11586000.0,0.16,80327000.0,0.5483932631061532,2531199000.0,1048286000.0,84299000.0,179867000.0,1482913000.0,0.0,309621000.0,992841000.0,1979761000.0,24.284430236059954,0.46867407584492987,0.3900001540771784,0.9416972085862064,0.003541716000459848,24.284430236059954,0.006876940071697991,6.778135816544577,34.430607573866,0.9471088996705097,0.0,0.0,0.0,0.05786862273570746,0.4083962038617423,0.002848057383082089,-14.031501738319342,0.5483932631061532,-0.38461538461538464,-0.8952042547809128,-0.4824318276801361,-0.17451912893697388,1.7890351029478142,-0.35742936090560656,-0.6851117029950535,-0.5573403154747668,0.1631115607373313,0.30959045783109645,Oil & Gas E&P,Energy,SBOW
2012Q4,2012,Q4,2013-02-22,2012-12-31,11219000.0,154809000.0,36794000.0,0.26,28801000.0,0.18604215517185693,2444061000.0,1036860000.0,80537000.0,177480000.0,1407201000.0,5600000.0,302412000.0,987252000.0,1904016000.0,24.15571708135309,0.453780707685373,0.37516821388664195,0.8843373261578227,0.010544346824238193,24.15571708135309,0.010820168585922883,6.377226130263744,21.999554327480165,0.9521555465540189,0.0,22.501428571428573,0.0,0.06334089042785757,0.38025693035835023,0.004590310961960442,-10.834397840258115,0.18604215517185693,2.714285714285714,1.0990319123160133,-0.3311557976059465,-0.12319832658198854,-0.6850146550592764,2.593529788597053,0.9058323837149073,-0.3231731090054306,0.18183400270401923,0.33968537226760753,Oil & Gas E&P,Energy,SBOW
2012Q3,2012,Q3,2012-11-01,2012-09-30,3122000.0,128750000.0,19306000.0,0.07,91436000.0,0.7101825242718447,2341487000.0,1021360000.0,62381000.0,196531000.0,1320127000.0,2700000.0,291193000.0,986723000.0,1807794000.0,23.807370457565092,0.31741048485989487,0.35136688779395314,0.8055151954257069,0.005895518218187342,23.807370457565092,0.00305670870212266,7.663867961165049,79.0136931454196,0.9660873736978146,0.0,13.82,0.0,0.05498642529298689,0.2627778823697025,0.0013333407360365443,-7.421592592871165,0.7101825242718447,0.0,-0.9482787645904172,-0.5023401266991787,-0.214787595243423,-0.017598899800159013,0.031043593130779392,0.04730389497667354,-0.6642480763469155,0.08252434090381129,0.24989540812480573,Oil & Gas E&P,Energy,SBOW
2012Q2,2012,Q2,2012-08-02,2012-06-30,3028000.0,134757000.0,18434000.0,0.07,93074000.0,0.690680261507751,2236021000.0,1013687000.0,97793000.0,212257000.0,1222334000.0,5000000.0,288071000.0,985826000.0,1674132000.0,23.650016331482433,0.46072921034406406,0.32199026753326554,0.7102557298258733,0.006294552858682263,23.650016331482433,0.002987115352174784,7.3155828639699605,81.39250330250991,0.9725151846674565,0.0,8.3366,0.0,0.06026642862477589,0.3936218829060997,0.0013541912173454542,-10.383455162098965,0.690680261507751,-0.12499999999999993,-0.9328970284668912,-0.4404489987353848,-0.1825449106304338,-0.006733898938156982,-0.15182072829131651,-0.04719077893213418,1.9714901036403347,0.18200913600876029,0.35353959364575216,Oil & Gas E&P,Energy,SBOW
2012Q1,2012,Q1,2012-05-03,2012-03-31,3570000.0,135878000.0,19347000.0,0.08,93705000.0,0.6896259880186638,2203625000.0,1005643000.0,200025000.0,192677000.0,1197982000.0,0.0,285043000.0,981502000.0,1574588000.0,23.56570745653091,1.0381363629286318,0.3266776334448919,0.7158355400475119,0.006805144219840439,23.56570745653091,0.0035499675332100952,7.223406290937459,68.73263305322129,0.9759944632439146,0.0,0.0,0.0,0.06166112655283907,0.9756639349792658,0.0016200578592092574,-7.9069216640350595,0.6896259880186638,-0.8345648381469276,-0.9095438916684129,-0.32681632045816783,-0.15199261071592385,-0.20939395729098995,-0.8270013568521031,-0.5971976431887739,1.0439035967087142,0.29396143246636813,0.3438291334895548,Oil & Gas E&P,Energy,SBOW
2011Q4,2011,Q4,2012-02-23,2011-12-31,20636000.0,158303000.0,48031000.0,0.4835731358672728,118523000.0,0.7487097528158027,2212469000.0,996509000.0,328151000.0,211794000.0,1215960000.0,0.0,281473000.0,981502000.0,1449581000.0,23.351666119885646,1.5493876124913832,0.3253265921466018,0.722296537211405,0.01734991190246843,23.351666119885646,0.020708292649639894,6.200147817792462,11.890652258189572,0.9849404270307643,0.0,0.0,0.0,0.07155038104488695,1.4924313247778502,0.009327136335017576,-18.860167944505292,0.7487097528158027,0.23993111760839175,-0.5989473685352474,-0.3159651325441977,-0.14391888258110852,0.15295868636854443,0.2155984919886899,0.3403750627895295,1.0329330468524762,-0.21347233518564854,0.19813516988680613,Oil & Gas E&P,Energy,SBOW
2011Q3,2011,Q3,2011-11-03,2011-09-30,16976000.0,142532000.0,35834000.0,0.39,102799000.0,0.7212345297898016,1924468000.0,971493000.0,76637000.0,187577000.0,952975000.0,6300000.0,260837000.0,976810000.0,1432620000.0,22.874805745231928,0.40856288350917225,0.24516333864735604,0.48565352503826587,0.015413259235420019,22.874805745231928,0.017474135171329078,6.853268038054613,14.385161404335532,1.0054730193629806,0.0,6.3068253968253964,0.0,0.07406306574076577,0.3257275678787911,0.008821139140791117,-43.580351565985545,0.7212345297898016,-0.5894736842105263,-0.7698848218353436,-0.4340365326744857,-0.10815069343979468,-0.13131765521087724,-0.5862337915569855,-0.29033152453756883,-0.8009901182142548,-0.5159803642432781,-0.3311371497673493,Oil & Gas E&P,Energy,SBOW
2011Q2,2011,Q2,2011-08-04,2011-06-30,41028000.0,157428000.0,50494000.0,0.95,118339000.0,0.7517023655258277,1826399000.0,950199000.0,100596000.0,142541000.0,876200000.0,8700000.0,243861000.0,976028000.0,1415476000.0,22.391342256574607,0.7057337888747799,0.25829295789145745,0.49647073928724406,0.022628285615014773,22.391342256574607,0.04317832369850947,6.199837385979622,5.947328653602417,1.0271827269866627,0.0,4.492988505747126,0.0,0.08619584220096485,0.5783879725833269,0.022463875637251225,79.51348268839104,0.7517023655258277,1.0212765957446808,-0.26136351379199974,-0.26498497515589653,-0.057457926459340204,0.12296334253802868,1.0330013378920766,0.23514591130353954,-0.6387596814005806,-0.5677312610472979,-0.30256553382209694,Oil & Gas E&P,Energy,SBOW
2011Q1,2011,Q1,2011-05-05,2011-03-31,20181000.0,144078000.0,40881000.0,0.47,105381000.0,0.7314163161620789,1773261000.0,903883000.0,108070000.0,154342000.0,869378000.0,11800000.0,202833000.0,970370000.0,1422291000.0,21.424105238208107,0.7001982610047816,0.2659986318990831,0.5218429818903553,0.018520521708045957,21.424105238208107,0.02232700471189302,6.735032412998515,12.020836430305733,1.0735570864813255,0.0,3.279406779661017,0.0,0.08125030663844747,0.5520661906674788,0.011380727371774375,-13.843443277790458,0.7314163161620789,0.9251747572815532,-0.6273279305580138,-0.2643402258407075,-0.04202860005927445,1.2906921137292409,0.9593203883495146,0.9217317726695812,-0.699839424654956,-0.47911945315450727,-0.27174782846989637,Oil & Gas E&P,Energy,SBOW
2010Q4,2010,Q4,2011-02-24,2010-12-31,10300000.0,114240000.0,21273000.0,0.24413368096705382,46004000.0,0.40269607843137256,1746375000.0,880017000.0,160817000.0,162787000.0,866358000.0,0.0,182652000.0,970370000.0,1355627000.0,20.85842616733823,0.9878982965470215,0.27005883616061843,0.5359260105202514,0.009353092262350997,20.85842616733823,0.011704319348376225,8.494135154061624,23.55266990291262,1.1026718802023143,0.0,0.0,0.0,0.06541550354305346,0.8191194628563706,0.00589793142938945,-16.16582814113884,0.40269607843137256,0.01722367069605761,-0.7985560929540465,-0.3661386771378365,-0.016599274043043736,-0.45666064321062017,0.10396570203644159,-0.12517991528560266,1.0925015271784948,-0.4978452017515631,-0.24288304475522726,Oil & Gas E&P,Energy,SBOW
2010Q3,2010,Q3,2010-11-04,2010-09-30,9330000.0,105646000.0,24317000.0,0.24,84669000.0,0.8014406603184219,1546923000.0,725439000.0,66475000.0,138654000.0,821484000.0,0.0,172352000.0,871240000.0,1337298000.0,19.1509767687434,0.47943081339160787,0.3048412881571998,0.6500422502787967,0.012688190968755045,19.1509767687434,0.012861177852307362,8.24678643772599,23.34512325830654,1.20098312883647,0.0,0.0,0.0,0.06829428484804997,0.3145744082392142,0.006031327997579711,-25.200011569722037,0.8014406603184219,-0.25000000000000006,-0.7436134128953833,-0.20940398075886318,-0.031223782899286588,-0.026390230440182145,-0.2511437515049362,-0.13943447641292422,-0.8249447741810194,-0.5375168755310569,-0.3683643244504575,Oil & Gas E&P,Energy,SBOW
2010Q2,2010,Q2,2010-08-05,2010-06-30,12459000.0,106900000.0,28257000.0,0.32,86964000.0,0.8135079513564079,1513845000.0,713051000.0,107052000.0,126741000.0,800794000.0,0.0,163022000.0,870435000.0,1298459000.0,18.841352886775002,0.8446516912443487,0.31146385528241,0.6612542440863276,0.015654011775629268,18.841352886775002,0.017472803488109548,8.142516370439663,17.465988442090055,1.2207191350969286,0.0,0.0,0.0,0.07061489122069961,0.6588712413504706,0.00823003676069875,218.64732479276563,0.8135079513564079,-0.13513513513513511,-0.6649457093192442,-0.23149923725228003,0.0017242133041565307,-0.04642645672054212,-0.12291446673706441,-0.11974704837855518,-0.6872963216353062,-0.49727559268663485,-0.348754791877272,Oil & Gas E&P,Energy,SBOW
2010Q1,2010,Q1,2010-05-06,2010-03-31,14205000.0,109846000.0,32101000.0,0.37,91198000.0,0.8302350563516195,1468140000.0,698201000.0,109438000.0,107757000.0,769939000.0,0.0,150563000.0,865996000.0,1298347000.0,18.54353022415808,1.015599914622716,0.32112196384540986,0.6752382193666294,0.017125246872813315,18.54353022415808,0.02034514416335697,7.883728128470768,15.241041886659627,1.240324777535409,0.0,0.0,0.0,0.07481984006974812,0.8165780413337417,0.00967550778536107,-212.51435582822086,0.8302350563516195,-0.041867950481430515,-0.5864284022639521,-0.1399115640673404,0.041627337374643344,-0.043053063451590226,-0.023039889958734527,-0.06279925259838842,-0.592069456431364,-0.38320054338275034,-0.33271467947631367,Oil & Gas E&P,Energy,SBOW
2009Q4,2009,Q4,2010-02-26,2009-12-31,14540000.0,114902000.0,34252000.0,0.3861680654414108,95301000.0,0.829411150371621,1434765000.0,678899000.0,108600000.0,103604000.0,755866000.0,0.0,136358000.0,865996000.0,1298924000.0,18.030888133432487,1.0482220763677077,0.32855345648939027,0.6943551249891369,0.020201697134273486,18.030888133432487,0.0214170296318009,7.536822683678265,14.889889958734527,1.2755888578418881,0.0,0.0,0.0,0.08008419497269588,0.895158488089263,0.010134063766540165,29.755222649807585,0.829411150371621,0.8388955497210039,-0.5978052746764233,-0.13722079771950152,0.06275534131453576,0.2257363344051447,0.9319691735317566,1.1127559832223044,-0.6797305157260864,-0.4372804736491139,-0.33898066278966205,Oil & Gas E&P,Energy,SBOW
2009Q3,2009,Q3,2009-11-03,2009-09-30,7526000.0,96263000.0,16212000.0,0.21,77750000.0,0.8076831181243053,1396445000.0,661386000.0,69156000.0,90665000.0,735059000.0,0.0,121818000.0,798629000.0,1279275000.0,19.047490136220947,0.7627640213974521,0.3443028547490234,0.7269582361888519,0.013172520557785969,19.047490136220947,0.011379134121375414,8.29632361343403,26.528999468509166,1.2075081722322518,0.0,0.0,0.0,0.06893432967284784,0.5576242210334749,0.005389399510900895,23.578548020430457,0.8076831181243053,4.0,-0.5713182590992479,0.03386713860801829,0.1966973813330224,0.21289175233608412,4.3198059108954565,1.5943350936149785,-0.8752216802063952,-0.5324797437930421,-0.25737114190611604,Oil & Gas E&P,Energy,SBOW
2009Q2,2009,Q2,2009-08-03,2009-06-30,-2267000.0,82921000.0,6249000.0,-0.07,64103000.0,0.7730611063542407,1410358000.0,544712000.0,72686000.0,81644000.0,865646000.0,0.0,114292000.0,717025000.0,1344794000.0,17.4727185244587,0.8902797511145951,0.4452770147721359,1.1529028183700745,0.005162810015670418,17.4727185244587,-0.004161832307714903,8.647085780441625,-79.07201146890164,1.3163378078691126,0.0,0.0,0.0,0.05879429194573293,0.5873181127823233,-0.0016073933001408153,2276.2698412698414,0.7730611063542407,0.9633507853403142,-1.1564119251534095,0.03866859642457286,0.1282762000784156,0.13354317341868402,0.9616600991053459,2.392379679144385,-1.0555558642990732,-0.4730046924488265,-0.26450267430484237,Oil & Gas E&P,Energy,SBOW
2009Q1,2009,Q1,2009-05-07,2009-03-31,-59129000.0,76359000.0,-4488000.0,-1.91,56551000.0,0.7405937741458112,1445146000.0,544167000.0,82331000.0,116247000.0,900979000.0,0.0,116559000.0,713713000.0,1346879000.0,17.536237955592796,0.7082419331251559,0.44057832219028387,1.1700452250871516,-0.0024382851384337836,17.536237955592796,-0.10865965778887732,9.346809151508008,-3.0176098022966733,1.3115697938316728,0.0,0.0,0.0,0.05283825994051812,0.47210680705738645,-0.04091558915154593,-13.496841906202723,0.7405937741458112,0.869922221019543,-4.5989807201359065,0.027994996505357188,0.16757242157379854,-0.530728250406612,0.8693838870934607,0.9937162922764159,-2.4845623796344047,-0.469905467888727,-0.21587323077311446,Oil & Gas E&P,Energy,SBOW
2008Q4,2008,Q4,2008-12-31,2008-12-31,-452693000.0,145407000.0,-714228000.0,-14.683522542977618,120508000.0,0.8287634020370409,1517288000.0,600877000.0,78086000.0,153499000.0,916411000.0,0.0,175688000.0,709090000.0,1289507000.0,19.490009730781708,0.5087068971133363,0.38272233089565066,0.9664207483395104,-0.37911271565524224,19.490009730781708,-0.7533871324746995,4.876587784632101,-0.39159540792545944,1.1800917658688883,0.0,0.0,0.0,0.09583348711648679,0.40356614701072974,-0.2983566732222228,-5.979643122174998,0.8287634020370409,-8.453564742628233,-43.38029011992349,1.4222496262132422,0.3450165512668519,-0.3617194824179957,-8.310579267800332,-7.749844066002608,-13.115928201868712,0.10407194192028578,-0.08111524980867083,Oil & Gas E&P,Energy,SBOW
2008Q3,2008,Q3,2008-09-30,2008-09-30,61923000.0,213767000.0,105814000.0,1.97,188801000.0,0.8832092886179813,2200810000.0,1054372000.0,88087000.0,188671000.0,1146438000.0,0.0,628381000.0,709090000.0,1216889000.0,34.199545896853714,0.46688150272166895,0.23473175785279057,0.4899599003008426,0.04241861280666289,34.199545896853714,0.0587297462375708,3.317116299522377,2.8627892705456777,0.6725235495631523,0.0,0.0,0.0,0.09713105629291034,0.3137896126060709,0.02813645884924187,14.35898993580787,0.8832092886179813,-0.24521072796934865,6.7991308136696045,2.650639974311074,1.4197625739945312,-0.1934924411675502,-0.24409477654756528,-0.23985833638642845,1.0907499337500823,0.9655254565951585,0.7300269902990496,Oil & Gas E&P,Energy,SBOW
2008Q2,2008,Q2,2008-06-30,2008-06-30,81919000.0,262681000.0,139203000.0,2.61,234097000.0,0.8911836029252211,2105742000.0,982679000.0,146807000.0,188471000.0,1123063000.0,0.0,566458000.0,703984000.0,1215037000.0,32.10529926816518,0.7789368125600225,0.24893837896570425,0.533439709203107,0.05871511456626543,32.10529926816518,0.08336292929837719,2.6799958885492288,2.1484148976427933,0.716392636863106,0.0,0.0,0.0,0.12474510172661228,0.6268603657857177,0.038902676586210466,43.02817676181162,0.8911836029252211,0.6730769230769229,9.122016239604106,3.604021200379361,1.3066360436589821,0.3568087634393022,0.6939062467690909,0.590309829548051,1.7238939624387932,1.3349028511965693,0.706918597914021,Oil & Gas E&P,Energy,SBOW
2008Q1,2008,Q1,2008-03-31,2008-03-31,48361000.0,198960000.0,87532000.0,1.56,172535000.0,0.8671843586650583,2062426000.0,892764000.0,202927000.0,173863000.0,1169662000.0,0.0,484539000.0,697981000.0,1311225000.0,29.418525719181467,1.1671661020458637,0.30226539037036965,0.6982808446577147,0.03649198613826913,29.418525719181467,0.054169971011375904,3.508147366304785,3.6081811790492337,0.7818202794915565,0.0,0.0,0.0,0.09646891573321903,0.4675980513392729,0.023448598883062957,-20.59548539392151,0.8671843586650583,1.5910793702321053,1.9212290501364766,2.2563284404793813,1.1552795543731902,0.1298508244600736,1.6038105702121284,-0.045504607164276754,0.7469361241690141,0.9328445151598671,0.6524976767604523,Oil & Gas E&P,Energy,SBOW
2007Q4,2007,Q4,2008-02-29,2007-12-31,-80093000.0,163639000.0,91705000.0,-2.6392394635384058,152706000.0,0.9331882986329665,1969051000.0,836054000.0,199950000.0,210161000.0,1132997000.0,0.0,436178000.0,697981000.0,1279358000.0,27.549807229709693,0.9514134401720585,0.29811315197016225,0.7021077585897562,0.039584548386098324,27.549807229709693,-0.09579883596035663,4.265370724582771,-2.1786579351503876,0.8348515765728051,0.0,0.0,0.0,0.08310551631217272,0.3875600135134492,-0.04067593983091347,-3.7302645994666324,0.9331882986329665,-2.912492364882903,-22.043976217441,2.582329596732574,1.0291599693715348,-0.043734736051099,-2.894257603708434,0.2175869989511,-3.7487725839982002,0.5245131742656602,0.6238082433261755,Oil & Gas E&P,Energy,SBOW
2007Q3,2007,Q3,2007-11-02,2007-09-30,42282000.0,181220000.0,75317000.0,1.38,159690000.0,0.8811941286833683,1766569000.0,911136000.0,118896000.0,138785000.0,855433000.0,0.0,516271000.0,691173000.0,1079462000.0,30.31965658380753,0.8566920056202039,0.22642761194156583,0.43901239771011136,0.034888756330310085,30.31965658380753,0.04640580549994732,3.813999558547622,4.086685823754789,0.7585837899062269,0.0,0.0,0.0,0.1025830295901264,0.5218863710055122,0.023934530720283214,-57.6554054054054,0.8811941286833683,0.3398058252427183,18.43152827200887,3.4313372223387417,1.2552169905571615,0.07867308822436725,0.34185972707077117,0.34166414307854,1.7828167290008967,1.248898098575928,0.9048942079650656,Oil & Gas E&P,Energy,SBOW
2007Q2,2007,Q2,2007-08-03,2007-06-30,31510000.0,168169000.0,56137000.0,1.03,148043000.0,0.8803227705462957,1686387000.0,865913000.0,96261000.0,127165000.0,820474000.0,0.0,473989000.0,688390000.0,1081174000.0,28.93127297026395,0.7569771556639012,0.23719347931406018,0.4619401718186469,0.028610015167740702,28.93127297026395,0.03638933703501391,4.093441716368653,5.461678832116788,0.7949874871955959,0.0,0.0,0.0,0.09972147555691546,0.5381197656587897,0.01868491633296509,14.413224178723226,0.8803227705462957,0.14444444444444446,6.803591764450581,2.8700676929602595,1.1610649344447244,0.20566988899657135,0.14216325938813978,0.13456213747246307,1.2644695742407794,1.1941087898771297,0.8681962217056914,Oil & Gas E&P,Energy,SBOW
2007Q1,2007,Q1,2007-05-04,2007-03-31,27588000.0,141093000.0,49479000.0,0.9,122789000.0,0.8702699637827532,1640694000.0,828961000.0,94928000.0,122586000.0,811733000.0,0.0,442479000.0,686090000.0,1097127000.0,27.789507207509217,0.7743788034522703,0.25233224476959143,0.4994203587382277,0.0256986366035897,27.789507207509217,0.03328021463012132,4.862679225758897,6.21728650137741,0.8276505167311853,0.0,0.0,0.0,0.08599592611419314,0.5561728092930677,0.016814835673196832,-21.883452411329422,0.8702699637827532,-0.2535826712728162,6.619709159320032,3.422183443843827,1.1538072599323754,-0.13532057938992811,-0.21782366323844082,-0.2751141330079934,0.7467941194205538,0.9759627552938503,0.8502407589802375,Oil & Gas E&P,Energy,SBOW
