Quarters,Year,Quarter,FillingDate,Date,NetIncome,Revenue,OperatingIncome,EPSDiluted,GrossProfit,GrossProfitRatio,TotalAssets,CommonStockEquity,CurrentAssets,CurrentLiability,TotalLiability,Inventory,RetainedEarnings,MarketCap,EnterpriseValue,bookValuePerShare,currentRatio,debtToAssets,debtToEquity,roic,shareholdersEquityPerShare,roe,priceToSalesRatio,peRatio,pbRatio,payoutRatio,inventoryTurnover,dividendYield,assetTurnover,quickRatio,returnOnAssets,priceToFreeCashFlowsRatio,grossProfitMargin,epsdilutedGrowth,fiveYNetIncomeGrowthPerShare,fiveYRevenueGrowthPerShare,fiveYShareholdersEquityGrowthPerShare,grossProfitGrowth,netIncomeGrowth,operatingIncomeGrowth,threeYNetIncomeGrowthPerShare,threeYRevenueGrowthPerShare,threeYShareholdersEquityGrowthPerShare,Industry,Sector,Symbol
2023Q1,2023,Q1,2023-05-15,2023-03-31,-20701000.0,90313000.0,-7893000.0,-0.52,22271000.0,0.2465979427,238807000.0,-62282000.0,83148000.0,63841000.0,342076000.0,-2536000.0,-45494000.0,44751840.00000001,285202840.0,-1.5587256300523062,1.3024232076565216,1.0909102329496203,-4.182861822035259,-0.03902191701828084,-1.5587256300523062,0.33237532513406765,0.49551936044644745,-0.5404550504806531,-0.7185356924954241,0.0,-26.83044164037855,0.0,0.378184056581256,1.2369950345389327,-0.08668506367066292,-7.46112704234745,0.24659794271035176,0.21212121212121213,-27.706172278262468,0.0,-1.120433358104432,-0.10748206628461508,0.17640740003978517,-1.9517576664173524,-15.664648935993414,0.0,-1.2078951280170802,Advertising Agencies,Communication Services,DMS
2022Q4,2022,Q4,2023-03-31,2022-12-31,-25135000.0,100776000.0,-2674000.0,-0.66,24953000.0,0.2476085576,227281000.0,-47124000.0,101870000.0,52711000.0,311228000.0,0.0,-32896000.0,51257680.0,263648680.0,-1.2319355850674474,1.9326136859479046,1.1493701629260695,-5.54345980816569,-0.010232658595943377,-1.2319355850674474,0.5333800186741363,0.5086298324998015,-0.5098237517406008,-1.0877192088956795,0.0,0.0,0.0,0.44339826030332496,1.870084043178843,-0.11058997452492729,-13.072603927569498,0.2476085575930777,-3.4000000000000004,-18.77378779777461,0.0,-1.1566022874560988,0.05340256670043904,-1.4834502519513881,0.3441255825361786,-380.31953654167137,0.0,-1.1576582166505691,Advertising Agencies,Communication Services,DMS
2022Q3,2022,Q3,2022-11-09,2022-09-30,-10121000.0,90066000.0,-4077000.0,-0.15,23688000.0,0.2630071281,217937000.0,-34859000.0,67918000.0,56215000.0,278154000.0,-1399000.0,-17544000.0,76725120.0,275542120.0,-0.872325517379445,1.2081828693409233,0.9961043787883654,-6.22760262772885,-0.023445496995211305,-0.872325517379445,0.29034108838463524,0.8518766238092066,-1.895196126864934,-2.201013224705241,0.0,-47.44674767691208,0.0,0.413266219136723,1.1642799964422308,-0.046440026246117,-10.39354104578705,0.26300712810605553,0.16666666666666666,-8.81912994412201,0.0,-1.1114126414114252,0.011745611412463162,0.14856565996466728,0.5681601525262154,-12.627771836355668,0.0,-1.1116121367588563,Advertising Agencies,Communication Services,DMS
2022Q2,2022,Q2,2022-08-09,2022-06-30,-11887000.0,91197000.0,-9441000.0,-0.18,23413000.0,0.2567299363,230485000.0,-33367000.0,75640000.0,70186000.0,292004000.0,-1537000.0,-11060000.0,43903830.00000001,234872830.0,-0.843602255201881,1.0777078049753512,0.9429637503525176,-6.513591272814457,-0.05151260038972689,-0.843602255201881,0.3562501873108161,0.48141748083818553,-0.9233580802557417,-1.315785956184254,0.0,-44.10149642160052,0.0,0.3956743388940712,1.0607813524064629,-0.05157385513157038,5.622208989627354,0.256729936291764,-0.2,-14.174958942170646,0.0,-1.1081917199761535,-0.25140682951784116,-1.2189658390890423,-14.840604026845638,-4.537068275256114,0.0,-1.1082387102351186,Advertising Agencies,Communication Services,DMS
2022Q1,2022,Q1,2022-05-10,2022-03-31,-5357000.0,109110000.0,-596000.0,-0.15,31276000.0,0.2866465035,241469000.0,-27826000.0,84285000.0,68811000.0,293275000.0,-1537000.0,-4078000.0,129496640.0,325326640.0,-0.7821565100067461,1.2248768365522955,0.9008734040394419,-7.81761661755193,-0.0033346575818119293,-0.7821565100067461,0.192517789118091,1.186844835487123,-6.04333768900504,-4.653800043125135,0.0,-50.6402081977879,0.0,0.45185924487201257,1.187455494034384,-0.022185042386393284,-36.32444319775596,0.28664650352854915,-0.3636363636363636,-8.762073029184204,0.0,-1.060432531067186,-0.11434558532026959,-0.36553657914861076,-1.0342686292548298,-7.152910661269302,0.0,-1.0996608536830077,Advertising Agencies,Communication Services,DMS
2021Q4,2021,Q4,2022-03-16,2021-12-31,-3923000.0,118949000.0,17392000.0,-0.11,35314000.0,0.2968835383,246591000.0,-26177000.0,83748000.0,67364000.0,294409000.0,0.0,-944000.0,173160280.0,364521280.0,-0.7226025506542263,1.2432159610474438,0.8830614255994744,-8.318562096496924,-0.02569375840946207,-0.7226025506542263,0.14986438476525193,1.455752297203003,-11.034940096864645,-6.614978034152118,0.0,0.0,0.0,0.48237364705119,1.1574728341547413,-0.015908934227121023,0.0,0.2968835383231469,-2.2222222222222223,-3.929227978760858,0.0,-1.091856436104058,0.12968650031989765,-2.109445701357466,4.558325343560243,-3.929227978760858,0.0,-1.091856436104058,Advertising Agencies,Communication Services,DMS
2021Q3,2021,Q3,2021-11-09,2021-09-30,3536000.0,107399000.0,3129000.0,0.09,31260000.0,0.2910641626085904,267864000.0,-24911000.0,80457000.0,60958000.0,314110000.0,0.0,2799000.0,264704750.0,463989750.0,-0.6822875297855441,1.3198759801830768,0.8139092972553236,-8.75183653807555,0.015139766593917236,-0.6822875297855441,-0.14194532535827545,2.4646854253764,18.71498515271493,-10.626018626309662,0.0,0.0,0.0,0.40094600244900397,1.2325043472554873,0.01320072872801123,381.4189481268011,0.2910641626085904,0.28571428571428553,1.9899221582603954,0.0,-1.087141158181228,-0.07295373665480427,0.3987341772151899,-0.2078481012658228,1.9899221582603954,0.0,-1.087141158181228,Advertising Agencies,Communication Services,DMS
2021Q2,2021,Q2,2021-08-09,2021-06-30,2528000.0,105079000.0,3950000.0,0.07,33720000.0,0.3209014170290924,268538000.0,-28373000.0,76009000.0,56979000.0,321445000.0,0.0,-737000.0,342449360.0,541865360.0,-0.8020182604517059,1.3339826953789993,0.8127155188464947,-7.691995911606105,0.01721079238217999,-0.8020182604517059,-0.0890987911042188,3.2589704888702786,33.865640822784805,-12.069550629119233,0.0,0.0,0.0,0.3913003001437413,1.2783306130328718,0.009413937692244674,653.5293129770993,0.3209014170290924,20.553072625698327,2.13265454192877,0.0,-1.102858585921854,0.22081025306831759,22.243697478991596,0.1360368133448375,2.13265454192877,0.0,-1.102858585921854,Advertising Agencies,Communication Services,DMS
2021Q1,2021,Q1,2021-05-18,2021-03-31,-119000.0,96803000.0,3477000.0,-0.00358,27621000.0,0.28533206615497453,219981000.0,-40520000.0,73635000.0,54904000.0,299517000.0,0.0,-3265000.0,406869840.0,582930840.0,-1.2189765650852862,1.341159114090048,0.9088375814274869,-4.934032576505429,0.04867540321315876,-1.2189765650852862,0.002936821322803554,4.203070565994856,-854.7685714285715,-10.041210266535046,-0.17647058823529413,0.0,5.161355779037345e-05,0.44005164082352566,1.2901792219146146,-0.0005409558098199389,-338.4940432612313,0.28533206615497453,0.9284,-1.1845381130798465,0.0,-1.094182990484926,-0.0032118368819920606,0.964886397167306,4.6031088082901555,-1.1845381130798465,0.0,-1.094182990484926,Advertising Agencies,Communication Services,DMS
2020Q4,2020,Q4,2021-05-18,2020-12-31,-3389000.0,102103000.0,-965000.0,-0.05,27710000.0,0.2713926133414297,202420000.0,-38942000.0,76899000.0,56967000.0,276025000.0,0.0,1953000.0,389722760.0,559883760.0,-1.2030646606320863,1.3498867765548475,0.9957415275170438,-5.175851265985312,-0.007689439726423512,-1.2030646606320863,0.08702686045914437,3.816956994407608,-28.7490970787843,-10.007774639207025,-0.002360578341693715,0.0,2.052741287165266e-05,0.5044116194051971,1.2982252883248195,-0.01674241675723743,57.57464322647363,0.2713926133414297,-2.25,-3.832027945775893,0.0,-1.1529322475105426,0.10609931342806962,-3.980650835532102,-1.3351858284126432,-3.832027945775893,0.0,-1.1529322475105426,Advertising Agencies,Communication Services,DMS
2020Q3,2020,Q3,2020-09-30,2020-09-30,1137000.0,82829000.0,2879000.0,0.04,25052000.0,0.30245445435777324,192995000.0,-37797000.0,65883000.0,43381000.0,263665000.0,0.0,5342000.0,248663800.0,425372800.0,-1.1704031708676534,1.5187063460962171,1.042560688100728,-5.323411910998227,0.070797236929851,-1.1704031708676534,-0.030081752520041274,3.0021345181035626,54.67541776605101,-6.5789295446728575,0.0,0.0,0.0,0.42917692168190885,1.4558447246490398,0.005891344335345475,-1912.7984615384617,0.30245445435777324,3.596053997923157,0.08695102684028717,0.0,-1.1494828549489196,0.6821325454911703,3.9517133956386292,7.259035817163976,0.08695102684028717,0.0,-1.1494828549489196,Advertising Agencies,Communication Services,DMS
2020Q2,2020,Q2,2020-06-30,2020-06-30,-385200.0,0.0,-459975.0,-0.015408,14893000.0,0.0,200816802.0,187056137.0,48577.0,6760665.0,13760665.0,0.0,106862.0,260000000.0,472119757.0,7.48224548,0.007185239913529216,1.056286116935574,1.1339911290908355,-0.001789492107663169,7.48224548,-0.0020592748582207703,0.0,-168.7435098650052,1.3899570694117351,0.0,0.0,0.0,0.0,4.783145297097253,-0.001918166190097978,0.0,0.0,0.5043855191021298,-1.6754647765810822,0.0,-0.040404405306768684,0.0,0.5043855191021298,0.6738843758020399,-1.6754647765810822,0.0,-0.040404405306768684,Advertising Agencies,Communication Services,DMS
2020Q1,2020,Q1,2020-03-31,2020-03-31,-777217.0,0.0,-1410466.0,-0.03108868,0.0,0.0,200778685.0,187441337.0,85235.0,6337348.0,13337348.0,0.0,492062.0,257500000.00000003,257499757.00000003,7.49765348,0.013449632243645133,0.0,0.0,-0.007524839624890213,7.49765348,-0.004146454631829691,0.0,-82.827575825027,1.3737631416916323,0.0,0.0,0.0,0.0,3.8344114919994925e-05,-0.003871013499266618,0.0,0.0,-17.041248839368617,-2.602564349290353,0.0,-0.4207013927977312,0.0,-17.041248839368617,-0.6077241008268495,-2.602564349290353,0.0,-0.4207013927977312,Advertising Agencies,Communication Services,DMS
2019Q4,2019,Q4,2019-12-31,2019-12-31,-43080.0,0.0,-877306.0,-0.0017232,0.0,0.0,207230550.0,195349093.0,39810.0,4881457.0,11881457.0,0.0,1269279.0,258500000.0,258499757.0,7.81396372,0.008155351977903319,0.0,0.0,-0.004490965309984828,7.81396372,-0.00022052828266778797,0.0,-1500.1160631383473,1.3232720768250508,0.0,0.0,0.0,0.0,4.9780219307473157e-05,-0.0002078844070046622,-2721052.6315789474,0.0,-1.0791125002525064,-1.046611269800052,0.0,-0.00669758428646145,0.0,-1.0791125002525062,-0.8708397929785877,-1.046611269800052,0.0,-0.00669758428646145,Advertising Agencies,Communication Services,DMS
2019Q3,2019,Q3,2019-09-30,2019-09-30,544541.0,0.0,-468937.0,0.02178164,0.0,0.0,206444386.0,195392173.0,87872.0,4052213.0,11052213.0,0.0,1312359.0,256000000.0,255999662.0,7.81568692,0.021684941043326203,0.0,0.0,-0.0023999784269761923,7.81568692,0.0027869130663693473,0.0,117.53017679109561,1.3101855415672152,0.0,0.0,0.0,0.0,8.341121258926912e-05,0.002637712802710944,-79850.28072364317,0.0,1.401307818612206,-0.32754700950748533,0.0,-0.0017873983352028311,0.0,1.4013078186122059,0.8118385124819186,-0.32754700950748533,0.0,-0.0017873983352028311,Advertising Agencies,Communication Services,DMS
2019Q2,2019,Q2,2019-06-30,2019-06-30,-1356916.0,0.0,-2492205.0,-0.05427664,0.0,0.0,205502081.0,194847632.0,159045.0,3654449.0,10654449.0,0.0,767818.0,255750000.0,255746456.0,7.79390528,0.04352092476868606,0.0,0.0,-0.012790532655793323,7.79390528,-0.006963985069112875,0.0,-47.1197185382146,1.3125640654437105,0.0,0.0,0.0,0.0,0.0009697768391349832,-0.006602930702195663,-601.9332471915666,0.0,-1.9387396206473855,-3.379410599115513,0.0,-0.00043413542958019985,0.0,-1.9387396206473857,-0.5696674745296424,-3.379410599115513,0.0,-0.00043413542958019985,Advertising Agencies,Communication Services,DMS
2019Q1,2019,Q1,2019-03-31,2019-03-31,-461734.0,0.0,-1587728.0,-0.01846936,0.0,0.0,204819641.0,196204548.0,611894.0,1615093.0,8615093.0,0.0,2124734.0,251250000.00000003,250821575.00000003,7.84818192,0.37885991704502464,0.0,0.0,-0.008092207933936373,7.84818192,-0.0023533297505417662,0.0,-136.03611603217436,1.2805513560266708,0.0,0.0,0.0,0.0,0.2652633625432096,-0.0022543443477669213,-2063.841496973033,0.0,-1.4995823595602873,-1.9520615828722636,0.0,-0.39361816767690533,0.0,-1.4995823595602873,-12.303905549550455,-1.9520615828722636,0.0,-0.39361816767690533,Advertising Agencies,Communication Services,DMS
2018Q4,2018,Q4,2018-12-31,2018-12-31,924240.0,0.0,-119343.0,0.0369696,0.0,0.0,203775592.0,196666282.0,693839.0,109310.0,7109310.0,0.0,2586468.0,242499999.99999997,241949835.99999997,7.86665128,6.347443051870826,0.0,0.0,-0.0006068300004776619,7.86665128,0.0046995346156999095,0.0,65.5944343460573,1.2330532592262051,0.0,0.0,0.0,0.0,5.033061933949319,0.004535577548463213,1412.1908466739264,0.0,-0.07576000000000006,0.0,0.0,0.0,0.0,0.14134280418334294,-0.15816390897180843,0.0,0.0,0.0,Advertising Agencies,Communication Services,DMS
2018Q3,2018,Q3,2018-09-30,2018-09-30,809783.0,0.0,-103045.0,0.04,0.0,0.0,202827495.0,195742042.0,788767.0,85453.0,7085453.0,0.0,1662228.0,243750000.0,243157294.0,7.82968168,9.230419060770249,0.0,0.0,-0.0005264326403624623,7.82968168,0.004136990662435207,0.0,75.25164148913969,1.2452613526939706,0.0,0.0,0.0,0.0,6.936046715738476,0.003992471533506835,-431.92353491536954,0.0,0.75354303369959,0.0,0.0,0.0,0.0,0.4199893384583551,0.5502594698870902,0.0,0.0,0.0,Advertising Agencies,Communication Services,DMS
2018Q2,2018,Q2,2018-06-30,2018-06-30,570274.0,0.0,-229121.0,0.02281096,0.0,0.0,202531997.0,194932259.0,1405150.0,599738.0,7599738.0,0.0,852445.0,242000000.0,240842958.0,7.79729036,2.3429397503576563,0.0,0.0,-0.0011753878048476316,7.79729036,0.002925498339400048,0.0,106.08935353882518,1.2414569104234308,0.0,0.0,0.0,0.0,1.9292457706531851,0.002815722989192666,-395.51272831871137,0.0,0.17586308807862816,0.0,0.0,0.0,0.0,0.9597718134643802,-4.986804630137702,0.0,0.0,0.0,Advertising Agencies,Communication Services,DMS
2018Q1,2018,Q1,2018-03-31,2018-03-31,290990.0,0.0,-38271.0,0.019399333333333334,0.0,0.0,201896814.0,194139604.0,1568083.0,757210.0,7757210.0,0.0,282171.0,143250000.0,141703475.0,12.942640266666666,2.070869375734605,0.0,0.0,-0.00019713133853925034,12.942640266666666,0.0014988698544991367,0.0,123.07123956149697,0.7378710837382774,0.0,0.0,0.0,0.0,2.0423990702711268,0.0014412807920782741,298.4996874348823,0.0,0.0,0.0,0.0,0.0,0.0,0.0,0.0,0.0,0.0,0.0,Advertising Agencies,Communication Services,DMS
