Quarters,Year,Quarter,FillingDate,Date,NetIncome,Revenue,OperatingIncome,EPSDiluted,GrossProfit,GrossProfitRatio,TotalAssets,CommonStockEquity,CurrentAssets,CurrentLiability,TotalLiability,Inventory,RetainedEarnings,MarketCap,EnterpriseValue,bookValuePerShare,currentRatio,debtToAssets,debtToEquity,roic,shareholdersEquityPerShare,roe,priceToSalesRatio,peRatio,pbRatio,payoutRatio,inventoryTurnover,dividendYield,assetTurnover,quickRatio,returnOnAssets,priceToFreeCashFlowsRatio,grossProfitMargin,epsdilutedGrowth,fiveYNetIncomeGrowthPerShare,fiveYRevenueGrowthPerShare,fiveYShareholdersEquityGrowthPerShare,grossProfitGrowth,netIncomeGrowth,operatingIncomeGrowth,threeYNetIncomeGrowthPerShare,threeYRevenueGrowthPerShare,threeYShareholdersEquityGrowthPerShare,Industry,Sector,Symbol
2023Q1,2023,Q1,2023-05-11,2023-03-31,-4404000.0,2386000.0,-6642000.0,-0.0259,2267000.0,0.9501257334,113205000.0,70450000.0,49655000.0,17225000.0,44190000.0,0.0,-367742000.0,255190500.0,243377500.0,0.41410240584974756,2.8827285921625543,0.032136389735435714,0.05163946061036196,-0.06063147281436158,0.41410240584974756,-0.0625124201561391,106.9532690695725,-14.486290871934605,3.622292405961675,0.0,0.0,0.0,0.021076807561503468,2.7295791001451377,-0.03890287531469458,-22.326377952755905,0.9501257334450964,0.33247422680412375,0.9483193822351063,3.7448386048853703,-0.4744642472816139,0.2504136789851076,0.33191747572815533,-0.00045187528242205153,0.5382801006773708,11.656721226190978,-0.41750214449775935,Biotechnology,Healthcare,LCTX
2022Q4,2022,Q4,2023-03-09,2022-12-31,-6592000.0,1915000.0,-6639000.0,-0.0388,1813000.0,0.9467362924,123664000.0,73339000.0,60000000.0,18981000.0,51728000.0,0.0,-363370000.0,198656640.0,191197640.0,0.43193436675461744,3.16105579263474,0.03150472247379998,0.053123167755218914,-0.08478897272922574,0.43193436675461744,-0.08988396351191044,103.73714882506528,-7.5340048543689315,2.7087448697146126,0.0,0.0,0.0,0.015485509121490491,3.0647489594858017,-0.053305731659981884,-23.97208157354893,0.9467362924281985,-0.07777777777777789,0.9316578059039423,1.5147499295323066,-0.6630672390369492,-0.3438291711907347,-0.07782864617396991,-0.26433060369453437,-0.2764701911166546,1.0305918842556685,-0.4272153920126669,Biotechnology,Healthcare,LCTX
2022Q3,2022,Q3,2022-11-10,2022-09-30,-6116000.0,2998000.0,-5251000.0,-0.036,2763000.0,0.9216144096,131148000.0,78948000.0,68509000.0,22739000.0,53595000.0,0.0,-357016000.0,191858179.99999997,169906179.99999997,0.46498533447987467,3.0128413738510926,0.021349925275261538,0.03546638293560318,-0.0681335918503905,0.46498533447987467,-0.07746871358362467,63.99539026017344,-7.842469751471549,2.4301841718599584,0.0,0.0,0.0,0.022859669991155032,2.937200404591231,-0.04663433677982127,-33.27405133541449,0.9216144096064043,0.3867120954003408,-1.2899855518555057,3.396761070771366,-0.7296469279650818,-0.3630705394190871,0.3863750376241597,-0.24019839395370807,0.6735701534690716,11.177912711045693,-0.40601722327369627,Biotechnology,Healthcare,LCTX
2022Q2,2022,Q2,2022-08-11,2022-06-30,-9967000.0,4553000.0,-4234000.0,-0.0587,4338000.0,0.9527783879,135922000.0,82847000.0,74026000.0,25091000.0,54423000.0,0.0,-350947000.0,268174980.0,199417980.0,0.4881076526975037,2.950300904706867,0.015450037521519695,0.025347930522529483,-0.0714831559843964,0.4881076526975037,-0.12030610643716731,58.900720404129146,-6.726572188221129,3.2369908385336825,0.0,0.0,0.0,0.0334971527787996,2.898927902435136,-0.07332882094142229,-37.459837966196396,0.9527783878761257,-0.2004089979550103,0.46750799448032054,6.806227798066945,-0.6927270524617004,-0.14285714285714285,-0.2012775702060986,0.33802376485303315,0.707713172225341,15.050028480360098,-0.45262942486300767,Biotechnology,Healthcare,LCTX
2022Q1,2022,Q1,2022-05-12,2022-03-31,-8297000.0,5237000.0,-6396000.0,-0.0489,5061000.0,0.9663929731,144520000.0,86547000.0,81872000.0,24593000.0,59302000.0,0.0,-344184000.0,261256380.0,185751380.0,0.5101593308458151,3.329077379742203,0.01769305286465541,0.0295446404843611,-0.0816234588458742,0.5101593308458151,-0.09586698556853501,49.88664884475845,-7.872013378329516,3.0186647717425217,0.0,0.0,0.0,0.03623719900359812,3.2716220062619445,-0.05741073899806255,11.95243755146857,0.9663929730761887,0.7123529411764706,-1.1058880546851975,7.691814306388466,-0.7094543340882382,5.694444444444445,0.7157588215142172,0.7734967065656208,-1.165303654149603,21.913632886006184,-0.583759183679907,Biotechnology,Healthcare,LCTX
2021Q4,2021,Q4,2022-03-10,2021-12-31,-29190000.0,960000.0,-28238000.0,-0.17,756000.0,0.7875,174545000.0,92221000.0,111549000.0,47116000.0,83647000.0,0.0,-337097000.0,410678800.0,357738800.0,0.5501658473726913,2.367539689277528,0.01605316680512189,0.0303835352034786,-0.30082960172972767,0.5501658473726913,-0.31652226716257686,427.79041666666666,-3.5172901678657076,4.4532026328059775,0.0,0.0,0.0,0.005500014322953966,2.31764156549792,-0.16723481050731903,-68.23040372154843,0.7875,-2.6402569593147756,-3.8557861679849386,-0.223478807387359,-0.5205269743934575,-0.37880032867707475,-2.726065866734746,-3.12655268157241,0.50840285988426,3.253127927918876,-0.25548208697934716,Biotechnology,Healthcare,LCTX
2021Q3,2021,Q3,2021-11-10,2021-09-30,-7834000.0,2202000.0,-6843000.0,-0.0467,1217000.0,0.5526793824,131212000.0,120712000.0,68344000.0,8791000.0,11623000.0,0.0,-308105000.0,422412480.0,364320480.0,0.7201355414499117,7.774314639972699,0.020706947535286405,0.022508118496918285,-0.0480407399772362,0.7201355414499117,-0.06489827026310557,191.83128065395096,-13.480102118968597,3.4993412419643453,0.0,0.0,0.0,0.016782001646190897,7.414742350130815,-0.059704905039173244,-85.92605370219691,0.5526793823796549,-0.5884353741496599,-1.153859264023081,2.4596603570628766,-0.3804738916847847,2.8512658227848102,-0.6334445371142619,0.03347457627118644,-1.0888679391405665,5.313402995014816,-0.46607281593154853,Biotechnology,Healthcare,LCTX
2021Q2,2021,Q2,2021-08-12,2021-06-30,-4796000.0,441000.0,-7080000.0,-0.0294,316000.0,0.716553288,134754000.0,124713000.0,71577000.0,6768000.0,11153000.0,0.0,-300282000.0,464304900.0,405204900.0,0.7655143204390046,10.575797872340425,0.021528117903735697,0.023261408193211614,-0.05240017671106086,0.7655143204390046,-0.038456295654823475,1052.8455782312926,-24.202715804837368,3.722987178561979,0.0,0.0,0.0,0.003272630126007391,10.205673758865249,-0.035590780236579245,-83.73397655545537,0.7165532879818595,-1.4066390041493775,-1.1118122086865083,-0.501193699471692,-0.16755239217507215,0.7458563535911602,-2.3870056497175143,-0.00425531914893617,0.11388028799510272,-0.4332692630030034,-0.03820423270657027,Biotechnology,Healthcare,LCTX
2021Q1,2021,Q1,2021-05-13,2021-03-31,-1416000.0,293000.0,-7050000.0,0.0723,181000.0,0.6177474403,127928000.0,117674000.0,64622000.0,6621000.0,11358000.0,0.0,-295494000.0,373003750.0,320345750.0,0.7413702945345724,9.760157075970397,0.02776561816021512,0.03018508761493618,0.4493991370890952,0.7413702945345724,-0.01203324438703537,1273.0503412969283,-65.85518185028249,3.169805989428421,0.0,0.0,0.0,0.002290350822337565,9.435583748678447,-0.011068726158464137,-50.16862811028917,0.6177474402730375,4.355555555555556,0.9535096609388004,-0.7151645928492676,5.177243218034516,2.480769230769231,-1.6968503937007875,-0.1985719143148589,0.9821896871810731,-0.37547973749146846,-0.05912984257655792,Biotechnology,Healthcare,LCTX
2020Q4,2020,Q4,2021-03-11,2020-12-31,2032000.0,166000.0,-5882000.0,0.0135,52000.0,0.313253012,107949000.0,96199000.0,43999000.0,7769000.0,12822000.0,0.0,-294078000.0,263952480.0,235192480.0,0.6414421262493916,5.663405843737933,0.035433399105132976,0.039761328080333475,-0.11830786496413828,0.6414421262493916,0.021122880695225523,1590.0751807228917,32.47446850393701,2.743817295398081,0.0,0.0,0.0,0.0015377632029940065,5.350238125884927,0.018823703786047113,-46.593553398058255,0.3132530120481928,1.2606177606177607,1.072902330790067,-0.8196686094187644,1.1568494476812403,-0.7833333333333333,1.2614513638703035,0.1253531598513011,1.0238506141968766,-0.7532039188260682,-0.49963956742067467,Biotechnology,Healthcare,LCTX
2020Q3,2020,Q3,2020-11-04,2020-09-30,-7772000.0,342000.0,-6725000.0,-0.0518,240000.0,0.701754386,103090000.0,91266000.0,39736000.0,7751000.0,12906000.0,0.0,-296103000.0,140464711.8,110739711.80000001,0.608549538917005,5.126564314282028,0.027548743816083035,0.031117831393947363,-0.06818318941493186,0.608549538917005,-0.08515767098371792,410.7155315789474,-4.518293611682965,1.5390694431661298,0.0,0.0,0.0,0.00331748957221845,4.944136240485099,-0.07539043554175963,-28.83693529049477,0.7017543859649122,0.024482109227871987,0.6986937819070166,-0.7849247150201322,2.6963680649513764,9.0,-0.1916590003066544,-0.05045298344267416,-1.4171867180302589,-0.43217286670996025,-0.6461754271977664,Biotechnology,Healthcare,LCTX
2020Q2,2020,Q2,2020-08-06,2020-06-30,-6522000.0,99000.0,-6402000.0,-0.0531,24000.0,0.2424242424,112080000.0,99442000.0,46200000.0,7519000.0,14387000.0,0.0,-288343000.0,130344270.0,122770270.0,0.6637387282156707,6.144434100279293,0.045521056388294075,0.05130628909313972,-0.0714434737574115,0.6637387282156707,-0.0655859697109873,1316.6087878787878,-4.9963304967801285,1.3107567225116148,0.0,0.0,0.0,0.0008832976445396145,5.961298044952787,-0.058190578158458246,-30.70536395759717,0.24242424242424243,0.11940298507462684,0.6479980890565868,-0.9094742803335056,2.0633072748946577,-0.6666666666666666,0.22347898559352303,0.13928475396611992,0.6052538467011626,-0.8077053315118771,-0.5821639872125804,Biotechnology,Healthcare,LCTX
2020Q1,2020,Q1,2020-05-07,2020-03-31,-8399000.0,166000.0,-7438000.0,-0.0603,72000.0,0.4337349398,118882000.0,106499000.0,52284000.0,6969000.0,14124000.0,0.0,-281821000.0,124055176.69999999,119056176.69999999,0.7109080350050399,7.502367628067154,0.040653757507444356,0.04538070780007324,-0.06859555959089744,0.7109080350050399,-0.07886459027784298,747.320341566265,-3.6925579443981422,1.1648482774486144,0.0,0.0,0.0,0.0013963425918137313,7.183096570526618,-0.0706498881243586,-24.633672895154884,0.43373493975903615,-0.9835526315789473,0.5684444589634575,-0.8466778754967481,1.119469625041238,-0.8984485190409027,-0.8435030728709394,-0.08236321303841676,-1.1213857030374592,-0.6880032783782504,-0.5951240407773958,Biotechnology,Healthcare,LCTX
2019Q4,2019,Q4,2020-03-12,2019-12-31,-4556000.0,832000.0,-6872000.0,-0.0304,709000.0,0.8521634615,125478000.0,112959000.0,57519000.0,6494000.0,14231000.0,0.0,-273422000.0,133316660.0,128987660.0,0.7540956246578635,8.857252848783492,0.04118650281324216,0.04575111323577581,-0.04755324346938685,0.7540956246578635,-0.040333218247328675,160.2363701923077,-7.315444468832309,1.1802216733505078,0.0,0.0,0.0,0.006630644415754156,8.416384354789036,-0.036309153795884536,-24.107895117540686,0.8521634615384616,0.7236363636363636,0.81475778282728,-0.02523490173081636,0.6125677841035617,5.883495145631068,0.7241295791704511,-5.1825928180158245,-1.4987892536823386,-0.24690946718982196,-0.342800879992776,Biotechnology,Healthcare,LCTX
2019Q3,2019,Q3,2019-11-12,2019-09-30,-16515000.0,217000.0,1643000.0,-0.11,103000.0,0.4746543779,132978000.0,117157000.0,61585000.0,6162000.0,17459000.0,0.0,-268940000.0,146665820.0,137611820.0,0.782826291769957,9.994320025965596,0.039946457308727756,0.04534086738308424,0.012130059601136606,0.782826291769957,-0.14096468840957008,675.8793548387097,-2.220191038449894,1.2518741517792364,0.0,0.0,0.0,0.0016318488772578922,9.614248620577735,-0.12419347561250733,-19.52420394036209,0.47465437788018433,0.45,0.09346966349851592,-0.8188067146148876,3.8418580131350075,-0.27972027972027974,0.45045254891521364,-0.8503234034800037,-1.3632888112737414,-0.6181355358103834,-0.3265416048614716,Biotechnology,Healthcare,LCTX
2019Q2,2019,Q2,2019-08-08,2019-06-30,-30052000.0,250000.0,10977000.0,-0.2,143000.0,0.572,151691000.0,133387000.0,20459000.0,7859000.0,19932000.0,0.0,-252435000.0,154069460.0,150733460.0,0.8917316254629568,2.6032574118844636,0.03213110863531785,0.03654029253225577,0.07363204535230096,0.8917316254629568,-0.22529931702489747,616.27784,-1.2816905696792227,1.1550560399439225,0.0,0.0,0.0,0.0016480872299609074,2.3359206005853164,-0.19811326973914076,-15.622537010748326,0.572,-1.6666666666666667,-0.29780839416815535,-0.7797496218462872,2.0615663808494333,0.2882882882882883,-1.7644874077842787,1.860199043962072,-1.763066703393668,-0.6920271578405869,-0.030299187593551727,Biotechnology,Healthcare,LCTX
2019Q1,2019,Q1,2019-05-09,2019-03-31,39310000.0,179000.0,-12761000.0,0.3,111000.0,0.6201117318,183715000.0,162844000.0,30656000.0,8723000.0,22479000.0,0.0,-222403000.0,172724500.0,159804500.0,1.2256350430888496,3.51438725209217,0.027711400811038837,0.03126304929871534,-0.08302179887857769,1.2256350430888496,0.24139667411756036,964.9413407821229,1.0984768506741287,1.0606746333914667,0.0,0.0,0.0,0.0009743352475301418,3.266995299782185,0.2139727294994965,-18.214120004218074,0.6201117318435754,1.857142857142857,3.128195898686364,-0.8401423311897297,2.710572578749797,-0.06722689075630252,1.873866263560377,-1.5173308468804476,2.541832684885049,-0.792119319964618,9.212232420856697,Biotechnology,Healthcare,LCTX
2018Q4,2018,Q4,2019-03-14,2018-12-31,-44984000.0,171000.0,24667000.0,-0.35,119000.0,0.6959064327,101660000.0,93840000.0,36358000.0,6812000.0,9414000.0,0.0,-261856000.0,115560900.0,94238900.0,0.7389558232931727,5.337345860246623,0.02228014951800118,0.024136828644501278,0.24902053820754727,0.7389558232931727,-0.4793691389599318,675.7947368421053,-0.6422333496354259,1.231467391304348,0.0,0.0,0.0,0.0016820775132795594,5.05871990604815,-0.44249458980916784,-16.924560632688927,0.695906432748538,-1.2011494252873562,0.6218457326831546,-0.9377591242597874,1.9086102107489897,-0.48034934497816595,-1.6741701011614838,3.381674229989379,-0.9059843759822063,-0.7806170309217793,1.484739299319176,Biotechnology,Healthcare,LCTX
2018Q3,2018,Q3,2018-11-08,2018-09-30,66725000.0,264000.0,-10357000.0,1.74,229000.0,0.8674242424,176077000.0,171127000.0,36906000.0,4503000.0,6519000.0,0.0,-216905000.0,288013060.0,270178060.0,1.3487523447721432,8.195869420386408,0.009268672228627248,0.009536776779818497,-0.19672825453357728,1.3487523447721432,0.38991509229987087,1090.9585606060607,1.0791047583364557,1.6830369257919557,0.0,0.0,0.0,0.0014993440369838195,7.804796802131912,0.37895352601418697,-33.62281811814149,0.8674242424242424,42.17617866004962,4.231581841102726,-0.7909547041081472,4.797454385822893,-0.542,16.830367734282326,-0.13265529308836396,4.057670193571014,-0.8037565895697328,7.192406330002934,Biotechnology,Healthcare,LCTX
2018Q2,2018,Q2,2018-08-02,2018-06-30,-4215000.0,606000.0,-9144000.0,0.0403,500000.0,0.8250825083,112251000.0,100981000.0,34495000.0,5843000.0,7500000.0,0.0,-283630000.0,261358380.0,235527380.0,0.7959219061581266,5.9036453876433335,0.01225824268826113,0.013626325744446974,0.097027234265339,0.7959219061581266,-0.041740525445380816,431.28445544554455,-15.501683274021353,2.5881936205820897,0.0,0.0,0.0,0.005398615602533608,5.634776655827486,-0.037549776839404546,-35.133536765694316,0.8250825082508251,1.030530303030303,0.765726278277188,-0.5085904662694821,1.0469552679729879,0.8796992481203008,0.9336721848051867,-1.2241176470588235,0.7313633345522663,-0.34564579446469207,2.673363119757531,Biotechnology,Healthcare,LCTX
2018Q1,2018,Q1,2018-05-10,2018-03-31,-63548000.0,375000.0,40800000.0,-1.32,266000.0,0.7093333333,110395000.0,99968000.0,36126000.0,5810000.0,7940000.0,0.0,-279416000.0,341277610.0,312882610.0,0.7879623863985686,6.21790017211704,0.012971601974727116,0.014324583866837388,1.0479519259467291,0.7879623863985686,-0.635683418693982,910.0736266666667,-1.3425977607477813,3.413868537932138,0.0,0.0,0.0,0.003396892975225327,5.916867469879518,-0.5756420127723176,-30.10564661256175,0.7093333333333334,-1.3157894736842108,-2.308459163281848,-0.7114068585880841,1.544948754305753,-0.48349514563106794,0.11827061827061827,-0.2965759801386159,-2.855561128661076,-0.5910176195146081,1.3491960442322666,Biotechnology,Healthcare,LCTX
2017Q4,2017,Q4,2018-03-15,2017-12-31,-72072000.0,569000.0,58002000.0,-0.57,515000.0,0.9050966608,173241000.0,162641000.0,42623000.0,6879000.0,8978000.0,0.0,-216297000.0,272768350.0,237463350.0,1.2819601321047696,6.196104084896061,0.008848944533915182,0.009425667574596812,0.3286279512105693,1.2819601321047696,-0.44313549473994873,479.38198594024607,-0.9461661602286602,1.6771192380764997,0.0,0.0,0.0,0.0032844419046299663,5.99229539177206,-0.41602161151228634,-44.92972327458409,0.9050966608084359,-5.75,-3.738147984672212,-0.5735991474197702,5.589201910795174,0.25304136253041365,-6.032609454647022,7.097130242825607,-2.4598855287699175,-0.21290380631635875,1.7413600370314,Biotechnology,Healthcare,LCTX
2017Q3,2017,Q3,2017-11-09,2017-09-30,14321000.0,463000.0,-9513000.0,0.12,411000.0,0.8876889849,221867000.0,198286000.0,23225000.0,6012000.0,12880000.0,0.0,-144363000.0,327417920.0,312195920.0,1.7199188120185969,3.863107119095143,0.006490374864220457,0.007262237374297731,-0.0352910975130005,1.7199188120185969,0.0722239593314707,707.1661339092873,5.7156958312966974,1.6512407330825172,0.0,0.0,0.0,0.0020868358070375496,3.6378908848968727,0.0645476794656258,-40.23816148457662,0.8876889848812095,2.090909090909091,2.2436401034141498,-0.8027456331810762,4.0045470941717385,0.09308510638297872,2.171260325509119,0.0780189959294437,2.0204596633395755,-0.49814056808404833,9.637867901811672,Biotechnology,Healthcare,LCTX
2017Q2,2017,Q2,2017-08-09,2017-06-30,-12227000.0,381000.0,-10318000.0,-0.11,376000.0,0.9868766404,193353000.0,176125000.0,25525000.0,13530000.0,15168000.0,0.0,-158684000.0,349253100.0,338778100.0,1.588514890776918,1.8865484109386548,0.021075442325694454,0.023136976579134137,-0.043162108456672614,1.588514890776918,-0.0694222853087296,916.6748031496063,-7.141021918704506,1.9829842441447834,0.0,0.0,0.0,0.0019704892088563404,1.3921655580192165,-0.06323667075245794,-37.42532147449636,0.9868766404199475,-1.2391304347826089,-0.053009128658395896,-0.8319552898724246,2.4645836213429,0.16770186335403728,-1.248072553156955,0.08382170129639496,0.2876281809704743,-0.5471532558846733,4.453820012895066,Biotechnology,Healthcare,LCTX
2017Q1,2017,Q1,2017-05-10,2017-03-31,49288000.0,379000.0,-11262000.0,0.46,322000.0,0.8496042216,205216000.0,187372000.0,29257000.0,8820000.0,15519000.0,0.0,-147033000.0,368156400.0,348050400.0,1.7558662568408427,3.3171201814058957,0.018078512396694214,0.019800183591998803,-0.0540685876090168,1.7558662568408427,0.26304890805456527,971.3889182058048,1.8673733971757833,1.964842132228935,0.0,0.0,0.0,0.0018468345548105411,3.145578231292517,0.24017620458443786,-44.34016620498615,0.8496042216358839,6.540983606557377,5.673445435303074,-0.7171842793224471,2.6512597620878724,-0.5861182519280206,6.864688048508058,-0.0007997867235403892,4.32236303561287,-0.5785782107149876,4.315831349082412,Biotechnology,Healthcare,LCTX
2016Q4,2016,Q4,2017-03-16,2016-12-31,6267000.0,758000.0,-11253000.0,0.061,778000.0,1.0263852243,142572000.0,117928000.0,25649000.0,8850000.0,12064000.0,0.0,-196321000.0,371017750.0,352911750.0,1.1474385794210655,2.8981920903954803,0.027929747776562017,0.033766365918187366,0.07359331139889522,1.1474385794210655,0.05314259548198901,489.469327176781,14.80045276846976,3.1461378977002914,0.0,0.0,0.0,0.0053166119574671045,2.697401129943503,0.0439567376483461,-40.15343614718615,1.0263852242744063,-0.9424528301886793,1.5713769759385174,-0.7724638297836873,1.0156866080874898,1.3433734939759037,-0.7991281771851662,-0.17770800627943484,1.0650957548641313,-0.659096996466807,3.51644261146492,Biotechnology,Healthcare,LCTX
2016Q3,2016,Q3,2016-11-04,2016-09-30,31199000.0,390000.0,-9555000.0,1.06,332000.0,0.8512820513,147574000.0,119391000.0,35152000.0,8338000.0,11333000.0,0.0,-190534000.0,400572900.0,373310900.0,1.1623974063148057,4.215879107699688,0.021609497607979724,0.026710556072065735,-0.2892826830006056,1.1623974063148057,0.2613178547796735,1027.11,3.209821628898362,3.3551348091564686,0.0,0.0,0.0,0.002642741946413325,3.9665387383065482,0.21141257945166492,-42.65497817058886,0.8512820512820513,0.06000000000000005,4.993744221309447,-0.8361316167399755,0.7053247074734572,-0.1922141119221411,0.2708867978329056,0.3365965423870027,2.866537060386534,-0.6185211665408009,3.9964294538056175,Biotechnology,Healthcare,LCTX
2016Q2,2016,Q2,2016-08-09,2016-06-30,24549000.0,506000.0,-14403000.0,1.0,411000.0,0.8122529644,104327000.0,85743000.0,31047000.0,7403000.0,10275000.0,0.0,-221743000.0,243356400.0,218304400.0,0.9195945945945946,4.193840334999325,0.025400902930209822,0.030906313051794317,-0.7212873372823962,0.9195945945945946,0.28630908645603725,480.9415019762846,2.4782720273738237,2.838207200587803,0.0,0.0,0.0,0.004850134672711762,3.9524517087667164,0.23530821359763052,-22.007270754205102,0.8122529644268774,6.263157894736842,4.044064480578261,-0.6492315805544658,0.24250905748539486,0.13850415512465375,2.414846406547173,0.3937621011869686,2.8566359189395287,-0.44167327693439634,1.365017202367235,Biotechnology,Healthcare,LCTX
2016Q1,2016,Q1,2016-05-10,2016-03-31,-17351000.0,586000.0,-23758000.0,-0.19,361000.0,0.6160409556,80114000.0,10852000.0,32907000.0,13669000.0,20522000.0,0.0,-246293000.0,259508270.0,238547270.0,0.12001636787914312,2.407418245665374,0.07702773547694536,0.5686509399189089,-0.7639844944297527,0.12001636787914312,-1.5988757832657574,442.8468771331058,-3.739096737940176,23.913404902322153,0.0,0.0,0.0,0.007314576728162369,2.1968688272733923,-0.21657887510297827,-17.114572973685945,0.6160409556313993,0.0,-1.7570590070264072,-0.6203570636821962,-0.8581010069274575,-0.10864197530864197,-0.032490330258851535,-0.09483870967741935,-0.26746102172167086,-0.3672406593139799,-0.6123729873372024,Biotechnology,Healthcare,LCTX
2015Q4,2015,Q4,2016-03-15,2015-12-31,-16805000.0,555000.0,-21700000.0,-0.19,405000.0,0.7297297297,94660000.0,26891000.0,47237000.0,12462000.0,18213000.0,1000.0,-229181000.0,370726099.99999994,333600099.99999994,0.2973977284038,3.790483068528326,0.05390872596661737,0.1897660927447845,-0.5579843495908325,0.2973977284038,-0.6249302740693913,667.9749549549548,-5.515116036893781,13.786251905842102,0.0,150.0,0.0,0.005863088949926051,3.5810463809982345,-0.1775301077540672,-24.8193144540403,0.7297297297297297,0.09523809523809519,-2.544630873070359,-0.7910367789876597,-0.623646686859004,-0.007352941176470588,-0.23330397768971084,-0.2687090739008419,-0.5501251930551796,-0.4164407034912852,0.5286073499392662,Biotechnology,Healthcare,LCTX
2015Q3,2015,Q3,2015-11-09,2015-09-30,-13626000.0,840000.0,-17104000.0,-0.21,408000.0,0.4857142857,76859000.0,13043000.0,34365000.0,10336000.0,15925000.0,260000.0,-215757000.0,237672000.0,213047000.0,0.16463445420579623,3.3247871517027865,0.06184051314745183,0.3644100283677068,-0.7381036745925585,0.16463445420579623,-1.044698305604539,282.9428571428571,-4.360634081902246,18.22218814689872,0.0,1.6615384615384616,0.0,0.010929103943585006,3.1301277089783284,-0.1772856789705825,-18.167864240941753,0.4857142857142857,-0.4,-0.04583972821696158,-0.4452919657760361,-0.8002608560869721,0.3076923076923077,-0.40604684759054793,-0.2673384706579727,-0.7219363624087219,-0.47922244227078037,-0.5209536208112253,Biotechnology,Healthcare,LCTX
2015Q2,2015,Q2,2015-08-10,2015-06-30,-9691000.0,572000.0,-13496000.0,-0.15,312000.0,0.5454545455,79610000.0,16979000.0,37004000.0,9192000.0,14659000.0,297000.0,-202055000.0,284454060.0,256619060.0,0.21667389806283657,4.025674499564839,0.04559728677301846,0.21379350962954238,-0.508439707954557,0.21667389806283657,-0.5707638847988692,497.2973076923077,-7.338098751418842,16.7532870015902,0.0,0.8754208754208754,0.0,0.007185027006657455,3.8310487380330724,-0.12173093832433111,-22.908824261342907,0.5454545454545454,0.06250000000000006,-0.9884089067451686,-0.5969516939602608,-0.7068310573427357,0.03500437886467981,0.046852636788596615,0.00044608130203896114,-0.18087797254397453,-0.6430395478300185,-0.5274297755975857,Biotechnology,Healthcare,LCTX
2015Q1,2015,Q1,2015-05-08,2015-03-31,-10167368.0,565615.0,-13502023.0,-0.16,301448.0,0.5329561628,69703470.0,26250404.0,28544122.0,8202661.0,12191686.0,299308.0,-192357575.0,388961086.35999995,363937238.35999995,0.33541789257357624,3.479861230398282,0.011558750231516451,0.030692289535810574,-0.445899437381609,0.33541789257357624,-0.38732234368659624,687.6781668802984,-9.56395712144972,14.817337148792072,0.0,0.8825925133975704,0.0,0.008114588843281404,3.28831326809678,-0.14586602359968592,-41.19386100923406,0.5329561627608886,0.0,-2.3389749944314127,-0.6823263558732012,0.7560605713101317,0.36254457848751803,0.20567387854617408,0.06247989407471221,-0.31452247932887006,-0.42449546691079504,-0.30251074085694335,Biotechnology,Healthcare,LCTX
2014Q4,2014,Q4,2015-03-11,2014-12-31,-12799992.0,444211.0,-14401849.0,-0.16,221239.0,0.4980493504,74900906.0,36455983.0,32404557.0,7129267.0,12178141.0,266022.0,-182190207.0,290783127.39,261823226.39,0.4676365434629285,4.545285931919789,0.0070360697639625346,0.014456008496602602,-0.32814780689457623,0.4676365434629285,-0.35110812949413545,654.605868359856,-5.679361506436879,7.976279980984191,0.0,0.8381712790671448,0.0,0.005930649223388566,4.335192664266888,-0.17089235208983988,-31.967644337122106,0.49804935042130877,-0.06666666666666674,-4.897685483964452,-0.7435948506250676,1.2377857880663312,-0.2923114815975843,-0.5481504730630721,-0.18654940449870233,-0.5385083365414131,-0.8242085852621797,-0.17851052333787057,Biotechnology,Healthcare,LCTX
2014Q3,2014,Q3,2014-11-07,2014-09-30,-8267925.0,543523.0,-12137589.0,-0.15,312622.0,0.5751771314,55654664.0,10981369.0,9939464.0,5788860.0,16700072.0,253567.0,-171606642.0,213271478.42000002,205960794.42000002,0.16167890294310644,1.716998510933068,0.0018965346731767171,0.009611825265137708,-0.8801881250836374,0.16167890294310644,-0.7529047607816476,392.38721897693387,-6.448760675139168,19.421210453815004,0.0,0.9106113965934053,0.0,0.009765991939148172,1.456317478743656,-0.14855763031827846,-24.510500576412827,0.5751771314185417,0.21052631578947373,-0.06527035343803826,-0.4399500030412401,0.21979991717921235,0.4513488795316642,0.13153781594695063,0.07074782298195469,-0.6004788061370163,-0.65464773025,-0.762804849384349,Biotechnology,Healthcare,LCTX
2014Q2,2014,Q2,2014-08-11,2014-06-30,-9520190.0,466666.0,-13061674.0,-0.19,215401.0,0.4615742308,65985440.0,17912353.0,18646264.0,5069465.0,19401015.0,257929.0,-163387382.0,187569400.2,171962892.2,0.2912664677273943,3.6781522310539674,0.001742808716589599,0.006420150384486058,-0.6355447659420167,0.2912664677273943,-0.5314874042511333,401.9350031928617,-4.92556871764114,10.471510928798688,0.0,0.9741634325725297,0.0,0.007072257152486973,3.3360977933568927,-0.14427713143990553,-17.128521229590127,0.4615742308203297,-0.11764705882352934,-1.8496904585048872,-0.5243298329067583,10.530124260390819,-0.40010081824308896,-0.17547518747343813,-0.17272922593719447,-0.7898052274515089,-0.509525713499506,-0.6064556855593417,Biotechnology,Healthcare,LCTX
2014Q1,2014,Q1,2014-05-12,2014-03-31,-8099014.0,490976.0,-11137843.0,-0.17,359062.0,0.731322916,57949895.0,19242945.0,9246811.0,5620657.0,12585674.0,236588.0,-153877561.0,191666934.83,185029100.83,0.3303088720344618,1.6451477113796482,0.0,0.0,-0.5083117028448283,0.3303088720344618,-0.42088225061184764,390.3794377525582,-5.916366326505918,9.96037429977584,0.0,0.5575684311968485,0.0,0.008472422598867522,1.3265547070386967,-0.13975890724219603,-18.1002417209925,0.7313229159877469,0.8191489361702127,-1.317055316111171,-0.28135067069093433,2.692035379684408,-0.6540695209834676,0.8515906345001574,-2.9803817115980915,-0.9974306377593951,-0.5063081279757541,-0.6094657989332243,Biotechnology,Healthcare,LCTX
2013Q4,2013,Q4,2014-03-17,2013-12-31,-54572122.0,1260382.0,5624089.0,-0.94,1037960.0,0.823528105,57729750.0,14800768.0,7949970.0,6957900.0,15467429.0,178694.0,-145778547.0,209726737.20000002,204231259.20000002,0.25405804482233657,1.1425818134782046,0.0,0.0,0.7068740488601559,0.25405804482233657,-3.687114209208603,166.3993433736756,-0.9607778180221763,14.169990178888014,0.0,1.2447088318578128,0.0,0.021832452071938645,0.7898184797137067,-0.9453032795049346,-23.490740115993844,0.82352810497135,-4.874999999999999,-14.146240343844829,0.9189696700206137,2.4789396017489467,1.9916444014030719,-5.028934223758778,1.5512757214231432,-16.865753864508395,-0.26345875907691546,-0.6784925446061737,Biotechnology,Healthcare,LCTX
2013Q3,2013,Q3,2013-11-12,2013-09-30,-9051703.0,553631.0,-10201953.0,-0.16,346953.0,0.6266863669,30853664.0,12940113.0,8679388.0,4598296.0,5485246.0,61132.0,-126166233.0,211361943.2,204644600.2,0.2326456156464784,1.8875226823153621,0.0,0.0,-0.695799428076587,0.2326456156464784,-0.6995072608716786,381.7740393872453,-5.837629206349346,16.33385606447177,0.0,3.380848001046915,0.0,0.01794376836410742,1.4608330999135333,-0.293375302200737,-27.60246330392284,0.6266863669122574,-0.14285714285714277,-2.7279208011335183,-0.4465469088516911,2.145627575922479,0.014381611184852967,-0.1866219584440584,-0.2569475254640236,0.010443454178402112,-0.4792621572049328,-0.7177478048048164,Biotechnology,Healthcare,LCTX
2013Q2,2013,Q2,2013-08-09,2013-06-30,-7628127.0,522845.0,-8116451.0,-0.14,342034.0,0.6541785807,39893767.0,20915836.0,18131708.0,4434997.0,5376466.0,64745.0,-117178103.0,222158622.42,207852326.42,0.38883209545965997,4.088324749712345,0.0,0.0,-0.3611830952882576,0.38883209545965997,-0.36470581429305526,424.9034081228662,-7.280903373134716,10.621551173952598,0.0,2.792663526141015,0.0,0.013105932062018611,3.225773546182782,-0.19121099794862692,-28.917291220769968,0.654178580650097,0.06666666666666654,-4.069681050849355,-0.4390485587161027,3.349756163213211,0.001862928312409563,0.015458642400991545,0.03143924355264478,-1.280065960136164,-0.463306395199865,-0.47389373931852985,Biotechnology,Healthcare,LCTX
2013Q1,2013,Q1,2013-05-10,2013-03-31,-7747899.0,524147.0,-8379909.0,-0.15,341398.0,0.6513401775,35297393.0,15844911.0,12967091.0,4295370.0,5314799.0,52335.0,-109614976.0,194979222.69,185082887.69,0.30961817406555997,3.0188530906534243,0.0,0.0,-0.487318160698478,0.30961817406555997,-0.48898343449199555,371.9933962991298,-6.291357911673861,12.305479197074694,0.0,3.4919079010222602,0.0,0.014849453612622326,2.3039540249151993,-0.21950343471541936,-25.93564118938893,0.6513401774692977,-0.25,-6.328377455682312,-0.380584262043456,3.1299607970963463,1.2942386121922715,-0.3117531772505038,-0.18723610982421632,-2.8911231974618095,-0.5498059220783584,0.6209876684449709,Biotechnology,Healthcare,LCTX
2012Q4,2012,Q4,2013-03-18,2012-12-31,-5906522.0,518165.0,-7058334.0,-0.12,-1160276.0,1.160367669,29748593.0,9584536.0,7179479.0,4390832.0,5454220.0,55316.0,-101895712.0,154688859.52,150338892.52,0.19455468954510527,1.6351067405903938,0.0,0.0,-0.6081895509688374,0.19455468954510527,-0.6162553930623246,298.5320496752965,-6.547375067764076,16.139420783645654,0.0,2.8988900137392437,0.0,0.017418134699681426,0.9906931078210235,-0.19854794477170734,-29.79511150087456,-2.2392017986548685,-0.20120120120120114,-4.1323187322741735,-0.3239798411579457,2.471615414407003,-2.391523559725935,-0.19968745074525976,-0.1869612639782543,-3.8461638693621594,-0.5267000150382626,-0.06899551510305017,Biotechnology,Healthcare,LCTX
2012Q3,2012,Q3,2012-11-09,2012-09-30,-4923384.0,1003551.0,-5946558.0,-0.0999,833817.0,0.8308665927,32870336.0,16939959.0,9748722.0,2572803.0,3658741.0,56968.0,-95860758.0,211952061.1,204121714.1,0.34367122132222566,3.7891443690014355,0.0,0.0,-0.29148604306060744,0.34367122132222566,-0.2906373031953619,211.20208250502466,-10.762519290593625,12.511958328824763,0.0,2.979462154191827,0.0,0.030530597557627645,3.0435081893172544,-0.1497819797156926,-41.88439842573896,0.8308665927292186,0.0010000000000000286,-9.683266442112908,1.0111689824470818,3.7589271446927905,-0.12206316215072241,0.06997061087001119,0.021840067599543437,0.12590031211545516,0.4248930345672286,1.5928560849602402,Biotechnology,Healthcare,LCTX
2012Q2,2012,Q2,2012-08-09,2012-06-30,-5293794.0,1033664.0,-6079331.0,-0.1,949746.0,0.9188150115,38381408.0,23176573.0,14606244.0,2962209.0,4087028.0,55018.0,-90899131.0,232523477.2,219863634.2,0.4585009526083244,4.930862069489358,0.0,0.0,-0.23152339330162194,0.4585009526083244,-0.22841142217186294,224.95073563556434,-10.980946614091897,10.032694531672131,0.0,1.525282634774074,0.0,0.026931372606236854,4.273784530396066,-0.13792599792065993,-58.208985758888424,0.9188150114543991,0.09090909090909087,-5.9484350680537,1.215164402102501,4.9698490383519065,0.5028910698065974,-0.06443393597303383,-0.027688258383849994,-0.9278457520901222,0.28183556791188086,16.001970827464138,Biotechnology,Healthcare,LCTX
2012Q1,2012,Q1,2012-05-10,2012-03-31,-4973342.0,631946.0,-5915540.0,-0.11,631946.0,1.0,38977899.0,24199493.0,18644677.0,1965529.0,3146847.0,54866.0,-85443351.0,221919852.42000002,205431946.42000002,0.4808932728020422,9.485831549674414,0.0,0.0,-0.22036273726021297,0.4808932728020422,-0.20551430560962577,351.1690119408937,-11.155469120161051,9.170433959918086,0.0,0.0,0.0,0.016212931333215268,8.388533570351798,-0.12759389622308787,-38.04207506012219,1.0,0.0,-3.054611601071896,0.16139740404858002,5.6056800267694795,-0.6125718903018825,0.0739353922097123,-0.08338540678461517,-0.647199917124704,0.07085449670315365,3.4634168208124527,Biotechnology,Healthcare,LCTX
2011Q4,2011,Q4,2012-03-14,2011-12-31,-5370405.0,1631131.0,-5460236.0,-0.11,1631131.0,1.0,45829695.0,28646001.0,24955374.0,3146655.0,4371514.0,51174.0,-80470009.0,292370599.21999997,270158702.21999997,0.5692544539499473,7.9307626670226,0.0,0.0,-0.18730755878493727,0.5692544539499473,-0.18747485905624314,179.244094569964,-13.610267718170231,10.2063320887268,0.0,0.0,0.0,0.03559113801651964,7.058891743772355,-0.11718177482961648,-77.44151351932642,1.0,-0.44546649145860706,-5.448509277600078,0.5341786039193969,7.934836228816663,0.42699382531358976,-0.4313614018927727,-0.2901146285823647,-0.7255787160773359,1.875070471552779,4.31378191943218,Biotechnology,Healthcare,LCTX
2011Q3,2011,Q3,2011-11-08,2011-09-30,-3751956.0,1143054.0,-4232365.0,-0.0761,1143054.0,1.0,50875731.0,33624963.0,28555195.0,2722286.0,3958997.0,61115.0,-75109358.0,217546878.78,191316580.78,0.6816281973870938,10.48941771731552,0.0,0.0,-0.11139387788785925,0.6816281973870938,-0.11158245735467426,190.32073618569203,-14.495564365626889,6.469802770637993,0.0,0.0,0.0,0.022467569065494117,9.635393929954457,-0.0737474612404095,-56.68296059963121,1.0,0.1202312138728323,-4.049339846359926,0.7612322706480522,10.88314500803971,0.5128707052979739,0.11173433537441121,0.1502971093721454,-0.7423004448742895,0.2884159554477626,4.356573289735262,Biotechnology,Healthcare,LCTX
2011Q2,2011,Q2,2011-08-09,2011-06-30,-4223912.0,755553.0,-4980994.0,-0.0865,755553.0,1.0,53457744.0,36143817.0,29419983.0,3286882.0,4588265.0,56843.0,-71596731.0,250526997.35999998,223145056.35999998,0.7401109787124461,8.95072685907191,0.0,0.0,-0.11744040741813173,0.7401109787124461,-0.11686402684033068,331.5809709709312,-14.827901087901452,6.931392922889135,0.0,0.0,0.0,0.014133649186542552,8.330673568445718,-0.07901403396297457,-82.4741953904362,1.0,-0.37738853503184716,-1.9219893158131516,1.4376753800842632,14.633497190381965,-0.08376615423420714,-0.2563195020302594,-0.2372413830790581,-2.092100051305735,-0.1071197900140573,5.472574033878218,Biotechnology,Healthcare,LCTX
2011Q1,2011,Q1,2011-05-05,2011-03-31,-3362132.0,824629.0,-4025887.0,-0.0628,824629.0,1.0,56890231.0,40857029.0,32614909.0,2726970.0,4084981.0,70660.0,-67316641.0,359883462.25,329746483.25,0.8457873116674453,11.960127540823699,0.0,0.0,-0.07740974480563874,0.8457873116674453,-0.08229017337506357,436.41863462235744,-26.760063424785226,8.808361035013094,0.0,0.0,0.0,0.014495089675413693,11.051452344543577,-0.05909858232075029,-92.1661716039341,1.0,-0.19847328244274795,-2.266058456078912,0.5845773776467248,31.394927341082962,-0.41883538594358405,-0.32742791919037184,-0.07213349368739054,-2.3689640859587873,0.03239401149249496,6.818436924673908,Biotechnology,Healthcare,LCTX
2010Q4,2010,Q4,2011-03-15,2010-12-31,-2532817.0,1418925.0,-3755024.0,-0.0524,1418925.0,1.0,53272659.0,38172229.0,35572678.0,2479957.0,3847002.0,45470.0,-63954509.0,402393186.65,369068262.65,0.7902088755955331,14.344070481867226,0.0,0.0,-0.06923503234901367,0.7902088755955331,-0.06635234740942166,283.59017330020964,-39.717949090873915,10.541516625869557,0.0,0.0,0.0,0.026635145056303648,13.43770234725844,-0.04754440734786675,-132.0869289334686,1.0,0.6725,-2.034271824541728,1.9635488406435508,91.2013295661881,0.7404057972436598,0.6389174724962969,-31.87277311365765,-1.2444471231488092,0.8878817354001342,6.977155136412228,Biotechnology,Healthcare,LCTX
2010Q3,2010,Q3,2010-11-15,2010-09-30,-7014510.0,815284.0,-114229.0,-0.16,815284.0,1.0,41292526.0,35156724.0,26707613.0,1299404.0,2384629.0,49478.0,-60984987.0,202602343.75,177180749.75,0.8242473206828339,20.553740791932302,0.0,0.0,-0.009273330488348636,0.8242473206828339,-0.19952114992284264,248.5052371320914,-7.220830241527919,5.762833412749152,0.0,0.0,0.0,0.019744105749306788,19.75844464077377,-0.1698735989171503,-100.27004486859381,1.0,-1.572347266881029,-5.892436628273452,0.4207759114698386,14.22458485285314,0.19845710136150221,-2.0025271787285517,0.9506660551156073,-16.58960236415766,0.8881494520352913,7.616900589531872,Biotechnology,Healthcare,LCTX
2010Q2,2010,Q2,2010-08-16,2010-06-30,-2336202.0,680278.0,-2315424.0,-0.0622,680278.0,1.0,34146912.0,27761418.0,18986138.0,1382483.0,2504176.0,49478.0,-56315757.0,231384211.52,213328122.52,0.7390752106922321,13.733360916553766,0.0,0.0,-0.08278479316282296,0.7390752106922321,-0.08415283397987812,340.1318453926189,-24.760723978491587,8.334740376734358,0.0,0.0,0.0,0.019922094273121974,13.060622806935058,-0.06841620114873052,-125.72987615251195,1.0,-0.5989717223650386,-1.51058134379456,0.29842307366186044,18.840581227528578,-0.11321332712836336,-0.7806865569027269,-0.7460113021275568,-3.126542527385832,0.9618643094542433,7.399151403601733,Biotechnology,Healthcare,LCTX
2010Q1,2010,Q1,2010-05-05,2010-03-31,-1311967.0,767127.0,-1326122.0,-0.0389,767127.0,1.0,12700853.0,6440566.0,11398488.0,1126796.0,2284958.0,56582.0,-54056655.0,240417917.39,229244855.39,0.1910058787569801,10.115839956833357,0.0,0.0,,0.1910058787569801,-0.2037036807013545,313.40041139211627,-45.81249326202565,37.32869399832251,0.0,0.0,0.0,0.06039964402390926,9.915780673697812,-0.10329755017241755,-162.84802777557636,1.0,-1.9239904988123513,0.04545987917182511,1.1254036124333051,11.608337671384147,0.023735522278909068,-1.9236407285117887,-1.764845490624007,-0.5962617580082366,1.104012980318904,2.829328897991688,Biotechnology,Healthcare,LCTX
2009Q4,2009,Q4,2010-02-17,2009-12-31,1420430.0,749341.0,1733843.0,0.0421,749341.0,1.0,13433071.0,7046399.0,12366012.0,1162259.0,2386082.0,38384.0,-52769891.0,142632228.69000003,130443147.69000003,0.20897288112058876,10.63963539968286,0.0,0.0,0.2499957099560892,0.20897288112058876,0.2015823969094001,190.3435534556364,25.1037060414804,20.24186094060243,0.0,0.0,0.0,0.0557832978028628,10.487405130870142,0.10574127092754888,-163.53643732787268,1.0,1.4551351351351351,2.3721218534217567,1.0666513383780603,9.820166890043026,0.6764043284794169,1.3973503079232004,1.590879860248008,3.5453786157628437,0.051833116070218246,3.5457731543066315,Biotechnology,Healthcare,LCTX
2009Q3,2009,Q3,2009-11-12,2009-09-30,-3574755.0,446993.0,-2934341.0,-0.0925,446993.0,1.0,9266214.0,4146460.0,8195097.0,1137429.0,5119754.0,0.0,-54190078.0,178940544.64,171133422.64,0.13254542869373934,7.20493059347001,0.014618160124512556,0.032667624913781876,-0.6790701815949015,0.13254542869373934,-0.8621221475668401,400.3206865431897,-12.514182415298391,43.15501527568094,0.0,0.0,0.0,0.04823901109989474,7.101476224010466,-0.38578377317856033,-120.62149787527771,1.0,-1.2727272727272727,-3.502324069851917,0.4937093832567612,1.6823639215468456,0.03449049966442176,-1.4295418555495898,-1.6491590303796326,-6.586206997125687,0.08605582631587821,2.9218185177117744,Biotechnology,Healthcare,LCTX
2009Q2,2009,Q2,2009-08-14,2009-06-30,-1471370.0,432090.0,-1107650.0,-0.0407,432090.0,1.0,5783642.0,-827805.0,4738510.0,4249609.0,6611447.0,0.0,-50614976.0,69067907.69999999,67689214.69999999,-0.030562714584736146,1.115046113654221,0.5730010605774009,-4.003398143282537,-0.44404858114084805,-0.030562714584736146,1.7774355071544627,159.84611469832672,-11.735305820425861,-83.43499701016543,0.0,0.0,0.0,0.07470898095006571,1.1042724165917381,-0.2544019840785443,-73.75086646812663,1.0,-0.13370473537604452,-1.2149116353580072,0.4537843291374858,-1.40816785914797,0.4561084844461369,0.0308546752961045,-0.21552145118545302,-0.8352139743429147,1.5135423145683269,0.4370078334112421,Biotechnology,Healthcare,LCTX
2009Q1,2009,Q1,2009-05-15,2009-03-31,-1518214.0,296743.0,-911255.0,-0.0359,296743.0,1.0,1696104.0,-4939686.0,650383.0,4483748.0,6635790.0,0.0,-49143606.0,54150480.82,57128806.82,-0.19521392755751343,0.14505342405505395,2.0750095513010995,-0.7124809147787936,0.6401083845911416,-0.19521392755751343,0.30735030526231827,182.48275720067534,-8.916806329674209,-10.962332589561361,0.0,0.0,0.0,0.1749556630961309,0.12068162617524446,-0.8951184597170928,-52.62186817148649,1.0,0.41909385113268605,0.6474545883930924,0.4658585458058296,-2.873375776486034,0.04018157599551318,0.0298704120233105,0.0586432347165305,-1.8155241610002901,0.08856008074175137,-6.0153726146355915,Biotechnology,Healthcare,LCTX
2008Q4,2008,Q4,2009-03-23,2008-12-31,-1564960.0,285280.0,-968023.0,-0.0618,285280.0,1.0,1035457.0,-4346814.0,108874.0,3378517.0,5382271.0,0.0,-47625392.0,44788014.51,46661434.51,-0.17178392175170348,0.03222538172813693,1.8211272896894801,-0.43381175269979344,,-0.17178392175170348,0.3600246065279076,156.99668574733593,-7.15481777649269,-10.303641819042637,0.0,0.0,0.0,0.2755111994027758,0.0036344348718683377,-1.5113713075482613,-32.68802065589133,1.0,-0.4141876430205949,-2.797942344920859,-0.27093425196763965,-0.154658313279402,-0.33178897760996506,-0.5101549661243802,-0.05927649195220676,-2.579076546035739,0.1374728713666026,-18.608914324608058,Biotechnology,Healthcare,LCTX
2008Q3,2008,Q3,2008-11-19,2008-09-30,-1036291.0,426931.0,-913853.0,-0.0437,426931.0,1.0,1025835.0,-4820729.0,94042.0,3964526.0,5846564.0,0.0,-46060432.0,28011948.02,30703205.02,-0.20307263943009415,0.02372086852249172,2.6742497575146102,-0.5690713997820661,,-0.20307263943009415,0.2149656203449727,65.61235426801989,-6.757741797429486,-5.8107286304623225,0.0,0.0,0.0,0.41617901514376093,0.01435934585874831,-1.0101926723108492,-405.5001160972785,1.0,-0.5607142857142858,-2.6465614386445284,1.2351534497050927,-0.5189882864809764,0.03986720673806456,-0.5635520082078518,0.03737665062738588,-0.8295602685804637,0.3367922143120544,-2.258186328359952,Biotechnology,Healthcare,LCTX
2008Q2,2008,Q2,2008-08-14,2008-06-30,-662780.0,410563.0,-949336.0,-0.028,410563.0,1.0,609474.0,-3920889.0,327182.0,2840291.0,4530363.0,0.0,-44983326.0,13979680.66,15731375.66,-0.16547763616797811,0.11519312633811113,3.157076429839501,-0.49074482853250884,,-0.16547763616797811,0.16903819516441296,34.05002559899455,-5.273122551978031,-3.5654364762685193,0.0,0.0,0.0,0.6736349704827441,0.062161236295858416,-1.087462303560119,-18.559570093184977,1.0,-0.35265700483091794,0.49612003639929037,1.4216499706247558,-0.024518824562149814,0.0775422683442777,-0.3922545625651195,-1.3321083248172314,-0.129122523630921,0.2422739450750015,-2.9944746714331423,Biotechnology,Healthcare,LCTX
2008Q1,2008,Q1,2008-05-15,2008-03-31,-476048.0,381018.0,-407072.0,-0.0207,381018.0,1.0,561728.0,-3349599.0,528113.0,2183884.0,3911327.0,0.0,-44320547.0,6912883.5,7912740.5,-0.145363320530427,0.24182282575448147,2.327332801640652,-0.3902938829394205,,-0.145363320530427,0.14212089267998945,18.143194022329652,-3.630350038231439,-2.0637943526971436,0.0,0.0,0.0,0.6782962572633018,0.1453946271871583,-0.8474706619573886,-25.448882336050186,1.0,0.11538461538461542,0.6269187161824725,1.3213291103944627,-0.11572183315239609,0.06274353388764459,0.11565047937685653,-0.5815070222809301,0.49317113787820105,0.5447526772041213,-7.073380773700737,Biotechnology,Healthcare,LCTX
2007Q4,2007,Q4,2008-04-14,2007-12-31,-538303.0,358523.0,-257395.0,-0.0234,358523.0,1.0,175102.0,-3046389.0,141646.0,1458002.0,3221491.0,0.0,-43844497.0,9447607.45,10154643.45,-0.13220484621214867,0.0971507583665866,4.092112026133339,-0.23520863553538304,,-0.13220484621214867,0.17670199045492876,26.351468246109732,-4.387681031872384,-3.1012478872527436,0.0,0.0,0.0,2.0475094516339047,0.006516451966458208,-3.074225308677228,-26.302095374113296,1.0,-1.5161290322580647,0.5919021254063278,0.15245711587061603,-0.5312340098183918,0.5509800613430582,-1.5214318167978977,-0.6535081520691738,0.23908006355622816,0.44691846031772686,-7.845282947802481,Biotechnology,Healthcare,LCTX
2007Q3,2007,Q3,2007-11-14,2007-09-30,-213491.0,231159.0,-155666.0,-0.0093,231159.0,1.0,62032.0,-2844409.0,32552.0,991022.0,2906441.0,0.0,-43517703.0,7306999.68,7647170.68,-0.12456697958963096,0.03284689946338225,5.705619680165076,-0.12443041770715815,,-0.12456697958963096,0.07505636496017275,31.610275524638883,-8.55656641263566,-2.568899085890953,0.0,0.0,0.0,3.726447639927779,0.01883812871964497,-3.441626902244003,-47.60818649743944,1.0,0.38410596026490074,0.8015023459277021,0.44929992110545997,-3.284982553475352,0.0968866997878913,0.3795255131845488,0.47015976963764217,0.6316220244494544,0.058278103155994805,-3.52090151399594,Biotechnology,Healthcare,LCTX
2007Q2,2007,Q2,2007-08-14,2007-06-30,-344077.0,210741.0,-293798.0,-0.0151,210741.0,1.0,200650.0,-2636640.0,170288.0,929488.0,2837290.0,0.0,-43304210.0,10272995.55,10452123.55,-0.11549581562896716,0.1832062382731138,1.526887615250436,-0.11619712968019905,,-0.11549581562896716,0.13049828569694763,48.747019089783194,-7.464169030478643,-3.896245050518842,0.0,0.0,0.0,1.0502915524545229,0.14325843905461932,-1.7148118614502865,-29.348229477942397,1.0,0.3811475409836066,0.7760444955470762,0.7665583658642984,0.13479169440998595,-0.1422762904052943,0.3787676352593245,0.4302176746206597,0.38547198820180156,-0.15874755869469204,-2.5424572210404377,Biotechnology,Healthcare,LCTX
2007Q1,2007,Q1,2007-05-15,2007-03-31,-553862.0,245698.0,-515632.0,-0.0244,245698.0,1.0,366650.0,-2372548.0,334813.0,839096.0,2739198.0,0.0,-42960135.0,12724715.920000002,12547435.920000002,-0.10441308775402508,0.3990163223278385,0.2727396699849993,-0.042148778444103134,,-0.10441308775402508,0.2334460672660785,51.79006715561381,-5.743631048889435,-5.36331232076232,0.0,0.0,0.0,0.6701159143597436,0.3355599359310496,-1.5106013909723168,-33.15999218214559,1.0,-0.4787878787878788,0.5987767101749293,1.1967473343846309,-0.6257413568156507,-0.48821659633146003,-0.47282571120105094,-0.5160162647042393,0.8567772132284944,0.35157975197373403,-2.0020030424769386,Biotechnology,Healthcare,LCTX
