Quarters,Year,Quarter,FillingDate,Date,NetIncome,Revenue,OperatingIncome,EPSDiluted,GrossProfit,GrossProfitRatio,TotalAssets,CommonStockEquity,CurrentAssets,CurrentLiability,TotalLiability,Inventory,RetainedEarnings,MarketCap,EnterpriseValue,bookValuePerShare,currentRatio,debtToAssets,debtToEquity,roic,shareholdersEquityPerShare,roe,priceToSalesRatio,peRatio,pbRatio,payoutRatio,inventoryTurnover,dividendYield,assetTurnover,quickRatio,returnOnAssets,priceToFreeCashFlowsRatio,grossProfitMargin,epsdilutedGrowth,fiveYNetIncomeGrowthPerShare,fiveYRevenueGrowthPerShare,fiveYShareholdersEquityGrowthPerShare,grossProfitGrowth,netIncomeGrowth,operatingIncomeGrowth,threeYNetIncomeGrowthPerShare,threeYRevenueGrowthPerShare,threeYShareholdersEquityGrowthPerShare,Industry,Sector,Symbol
2023Q1,2023,Q1,2023-05-10,2023-03-31,185000000.0,773000000.0,69000000.0,2.64,375000000.0,0.4851228978,6436000000.0,890000000.0,1447000000.0,605000000.0,5605000000.0,0.0,289000000.0,1196807040.0,5000807040.0,12.760954347327369,2.391735537190083,0.6878495960223742,4.974157303370786,-0.2206774268385643,12.760954347327369,0.20786516853932585,1.5482626649417852,1.6173068108108108,1.344727011235955,0.0972972972972973,0.0,0.01504001848117471,0.12010565568676196,2.0347107438016527,0.028744561839651957,28.495405714285713,0.4851228978007762,2.3417721518987342,5.267954458518777,0.6974269672388582,-0.19119062923884045,-0.3374558303886926,2.3636363636363638,-0.7272727272727273,0.9540294400707255,-0.37585149368422716,-0.20750012854216204,Entertainment,Communication Services,SBGI
2022Q4,2022,Q4,2023-03-01,2022-12-31,55000000.0,960000000.0,253000000.0,0.79,566000000.0,0.5895833333,6704000000.0,748000000.0,1683000000.0,608000000.0,6023000000.0,0.0,122000000.0,1080736800.0,4638736800.0,10.734787600459242,2.768092105263158,0.6625894988066826,5.938502673796791,0.013345550731555002,10.734787600459242,0.07352941176470588,1.1257675,4.912439999999999,1.444835294117647,0.34545454545454546,0.0,0.017580598717467564,0.1431980906921241,2.46875,0.008204057279236277,3.486247741935484,0.5895833333333333,0.9268292682926831,-0.8189628166554292,0.9094201138802569,-0.30388775038794413,0.2662192393736018,0.896551724137931,0.6428571428571429,-0.16612148145215558,-0.21930799384468147,-0.34311247460332267,Entertainment,Communication Services,SBGI
2022Q3,2022,Q3,2022-11-09,2022-09-30,29000000.0,843000000.0,154000000.0,0.41,447000000.0,0.5302491103,6605000000.0,706000000.0,1563000000.0,688000000.0,5775000000.0,0.0,84000000.0,1264617630.0,5105617630.0,10.099131703549,2.2718023255813953,0.6734292202876608,6.30028328611898,0.006068314052236962,10.099131703549,0.04107648725212465,1.500139537366548,10.901876120689655,1.7912431019830029,0.6551724137931034,0.0,0.01502430422387833,0.12763058289174867,1.9825581395348837,0.0043906131718395155,5.696475810810811,0.5302491103202847,5.846335697399527,0.3844369294183097,0.8377948191365233,-0.09580539229211378,0.029953917050691243,5.833333333333333,153.0,1.6366777766651885,-0.012929902108038797,-0.37793401869363663,Entertainment,Communication Services,SBGI
2022Q2,2022,Q2,2022-08-09,2022-06-30,-6000000.0,837000000.0,1000000.0,-0.0846,434000000.0,0.5185185185,6449000000.0,706000000.0,1365000000.0,617000000.0,5807000000.0,0.0,79000000.0,1446298800.0,5483298800.0,9.958108241533493,2.212317666126418,0.6911149015351217,6.313031161473088,2.4407706326477486e-05,9.958108241533493,-0.0084985835694051,1.7279555555555555,-60.262449999999994,2.048581869688385,-3.3333333333333335,0.0,0.013828401157492492,0.12978756396340518,1.9448946515397083,-0.000930376802605055,12.799104424778761,0.5185185185185185,-1.0023402489626556,-1.1945831759109091,0.7840092470839898,-0.11741406065643602,-0.1811320754716981,-1.0022997316979685,-0.9821428571428571,-1.1836057013820078,0.40563923299411586,-0.41763615498157913,Entertainment,Communication Services,SBGI
2022Q1,2022,Q1,2022-05-10,2022-03-31,2609000000.0,1288000000.0,56000000.0,36.15,530000000.0,0.4114906832,6662000000.0,765000000.0,1467000000.0,603000000.0,5959000000.0,0.0,109000000.0,2022035280.0,6084035280.0,10.60085361121889,2.4328358208955225,0.6879315520864605,5.990849673202614,0.008011507302171086,10.60085361121889,3.410457516339869,1.5699031677018633,0.19375577615944806,2.6431833725490197,0.007282483710233806,0.0,0.009396473042745327,0.19333533473431402,2.1509121061359866,0.3916241368958271,41.26602612244898,0.4114906832298137,66.72727272727272,57.54555557723769,1.5437650978155253,-0.1303595969658622,-0.0782608695652174,64.63414634146342,-0.6939890710382514,152.98045572910513,1.2814304163083992,-0.3725283041227202,Entertainment,Communication Services,SBGI
2021Q4,2021,Q4,2022-03-01,2021-12-31,-41000000.0,1476000000.0,183000000.0,-0.55,575000000.0,0.3895663957,12541000000.0,-1273000000.0,2471000000.0,1202000000.0,14050000000.0,0.0,-2460000000.0,1982144280.0,2210144280.0,-16.974238626060057,2.0557404326123128,0.08324695000398692,-0.8201099764336214,15.157575757575758,-16.974238626060057,0.03220738413197172,1.3429161788617887,-12.086245609756098,-1.5570654202670855,-0.24390243902439024,0.0,0.005045041423523418,0.11769396379874013,1.7146422628951747,-0.003269276772187226,26.785733513513513,0.3895663956639566,-3.2,-1.4092723468953672,1.2330360518219854,-3.612809239942001,0.12085769980506822,-3.1578947368421053,1.5068493150684932,-1.2584570185649109,1.1476925471286659,-2.0096902180711425,Entertainment,Communication Services,SBGI
2021Q3,2021,Q3,2021-11-09,2021-09-30,19000000.0,1535000000.0,73000000.0,0.25,513000000.0,0.3342019544,12845000000.0,-1613000000.0,2792000000.0,1140000000.0,14405000000.0,0.0,-2357000000.0,2390952960.0,14074952960.0,-21.372164511341953,2.449122807017544,0.9919813156870377,-7.899566026038437,-0.0014787294127740303,-21.372164511341953,-0.011779293242405457,1.5576240781758959,31.459907368421053,-1.482301897086175,0.8421052631578947,0.0,0.006691892424349494,0.11950175165434021,2.1973684210526314,0.001479174776177501,10.721762152466368,0.33420195439739414,1.0574712643678161,-0.5348350005950945,1.7539360826292023,-4.887337684624589,0.9213483146067416,1.0579268292682926,1.2979591836734694,-0.5976627404644981,1.7095663499605291,-2.3438191091966227,Entertainment,Communication Services,SBGI
2021Q2,2021,Q2,2021-08-09,2021-06-30,-328000000.0,1612000000.0,-245000000.0,-4.35,267000000.0,0.1656327543,12780000000.0,-1624000000.0,2657000000.0,1036000000.0,14332000000.0,0.0,-2360000000.0,2502495820.0,14290495820.0,-21.558189855438002,2.5646718146718146,0.9978090766823161,-7.852216748768473,-0.017848349882739718,-21.558189855438002,0.2019704433497537,1.5524167617866005,-1.907390106707317,-1.5409457019704431,-0.04573170731707317,0.0,0.005994016005988773,0.12613458528951488,2.212355212355212,-0.02566510172143975,14.21872625,0.16563275434243177,-13.428571428571427,-9.372373733254996,2.050783899082429,-4.590789587603506,-0.45286885245901637,-26.333333333333332,-2.590909090909091,-16.87301711288591,1.9959616491357008,-2.359369145672404,Entertainment,Communication Services,SBGI
2021Q1,2021,Q1,2021-05-10,2021-03-31,-12000000.0,1511000000.0,154000000.0,0.35,488000000.0,0.3229649239,13132000000.0,-1279000000.0,2970000000.0,922000000.0,14318000000.0,0.0,-2013000000.0,2176622140.0,13999622140.0,-17.19340225033271,3.2212581344902387,0.9719768504416693,-9.979671618451915,0.02011524568833426,-17.19340225033271,0.009382329945269743,1.4405176307081402,-45.34629458333334,-1.701815590304926,-1.5833333333333333,0.0,0.008729121904456967,0.1150624428876028,2.422993492407809,-0.0009137983551629607,-9.631071415929204,0.3229649238914626,-0.9441786283891548,-1.6328340297348443,2.3228827064938904,-3.976397658905175,-0.5417840375586854,-1.025695931477516,-0.7536,-1.3811829625390852,2.1108151051609734,-2.0897448950005524,Entertainment,Communication Services,SBGI
2020Q4,2020,Q4,2021-03-01,2020-12-31,467000000.0,1512000000.0,625000000.0,6.27,1065000000.0,0.7043650794,13382000000.0,-1274000000.0,3217000000.0,1034000000.0,14567000000.0,0.0,-1986000000.0,2356071900.0,13678071900.0,-17.222267283099466,3.111218568665377,0.9401434763114631,-9.87519623233909,0.046478075875657804,-17.222267283099466,-0.3665620094191523,1.5582486111111111,1.261280460385439,-1.8493500000000003,0.03854389721627409,0.0,0.007639834760560575,0.11298759527723808,4.660541586073501,0.034897623673591394,3.454650879765396,0.7043650793650794,1.1401117318435754,9.259214322260714,2.159872970141107,-4.09785291195593,1.3051948051948052,1.1386991386991387,68.44444444444444,0.44794149464185296,1.8327685378363028,-2.1168019031271377,Entertainment,Communication Services,SBGI
2020Q3,2020,Q3,2020-11-09,2020-09-30,-3367000000.0,1539000000.0,9000000.0,-44.75,462000000.0,0.3001949318,12483000000.0,-1737000000.0,2541000000.0,974000000.0,14160000000.0,0.0,-2438000000.0,1438596300.0,13269596300.0,-23.218821013233526,2.608829568788501,0.9983978210366098,-7.175014392630973,0.0006556970821858508,-23.218821013233526,1.938399539435809,0.9347604288499025,-0.1068158820908821,-0.828207426597582,-0.006534006534006534,0.0,0.015292684959637391,0.1232876712328767,2.0410677618069815,-0.26972682848674195,3.0478735169491524,0.3001949317738791,-15.342948717948717,-99.8507328804041,2.563781749992008,-5.626534377351375,-0.4866666666666667,-14.36111111111111,-0.9817073170731707,-151.20324121081717,2.135227634903624,-3.0788255241906155,Entertainment,Communication Services,SBGI
2020Q2,2020,Q2,2020-08-10,2020-06-30,252000000.0,1283000000.0,492000000.0,3.12,900000000.0,0.7014809041,16769000000.0,1609000000.0,2592000000.0,903000000.0,14958000000.0,0.0,832000000.0,1484645500.0,13261645500.0,20.006216972334474,2.870431893687708,0.7394000834873874,7.70602858918583,0.02880450866605762,20.006216972334474,0.15661901802361716,1.1571671862821513,1.472862599206349,0.9227131758856433,0.1626984126984127,0.0,0.02761602012062812,0.07651022720496153,1.9014396456256921,0.015027729739400083,4.6107003105590065,0.7014809041309431,1.3111111111111111,5.522169503787996,1.7435932499312654,3.0650163859605755,0.1523687580025608,1.048780487804878,0.5045871559633027,6.20429299033062,1.4106551523678754,0.7731486112587047,Entertainment,Communication Services,SBGI
2020Q1,2020,Q1,2020-05-11,2020-03-31,123000000.0,1609000000.0,327000000.0,1.35,781000000.0,0.4853946551,17360000000.0,1459000000.0,3069000000.0,840000000.0,15704000000.0,0.0,596000000.0,1456992719.9999998,13416992720.0,16.102153207738745,3.6535714285714285,0.7662442396313364,9.11720356408499,0.023653630032450267,16.102153207738745,0.08430431802604524,0.905526861404599,2.96136731707317,0.9986242083618917,0.14634146341463414,0.0,0.01235421409655362,0.09268433179723502,3.0702380952380954,0.0070852534562211985,-17.14109082352941,0.4853946550652579,0.43617021276595763,4.318282237260949,2.3466394891362943,2.5033389521763465,0.02225130890052356,0.41379310344827586,0.3682008368200837,1.1982355370756643,1.530850232360442,0.32093919214919503,Entertainment,Communication Services,SBGI
2019Q4,2019,Q4,2020-03-02,2019-12-31,87000000.0,1622000000.0,239000000.0,0.94,764000000.0,0.4710234279,17370000000.0,1502000000.0,2913000000.0,1134000000.0,15676000000.0,0.0,492000000.0,3064312740.0000005,14169312740.0,16.341895964574427,2.568783068783069,0.7160621761658031,8.280958721704394,0.018541918397010894,16.341895964574427,0.05792276964047936,1.8892187053020966,8.805496379310346,2.0401549533954726,0.47126436781609193,0.0,0.013379835375419286,0.09337938975244675,2.315696649029982,0.005008635578583765,8.46495232044199,0.47102342786683105,2.8076923076923075,-0.04374280804514488,1.7721700948778878,2.68260009230628,0.35221238938053095,2.45,5.78,-0.2913718396413839,1.0023077863665646,1.5154740495315981,Entertainment,Communication Services,SBGI
2019Q3,2019,Q3,2019-11-12,2019-09-30,-60000000.0,1125000000.0,-50000000.0,-0.52,565000000.0,0.5022222222,17779000000.0,1495000000.0,2903000000.0,1093000000.0,16104000000.0,0.0,467000000.0,3935755640.0,14999755640.0,16.234823968898638,2.655992680695334,0.7009955565554868,8.336454849498327,-0.0011974022724251451,16.234823968898638,-0.04013377926421405,3.498449457777778,-16.398981833333334,2.632612468227425,-0.47058333333333335,0.0,0.007173971806847236,0.06327689971314472,2.4391582799634035,-0.003374767984701052,16.613293317124235,0.5022222222222222,-2.1555555555555554,-2.3094915416940465,1.3980211353521286,3.2090492958340646,0.2971895756468155,-2.418540322008653,-1.4717025632317287,-2.203918059494284,0.6542085042279556,1.9529177067701473,Entertainment,Communication Services,SBGI
2019Q2,2019,Q2,2019-08-08,2019-06-30,42297000.0,770719000.0,105999000.0,0.45,435557000.0,0.5651307416,6553666000.0,1569115000.0,1635630000.0,526224000.0,5024667000.0,0.0,544824000.0,4982785200.0,7841748200.0,17.09946166252561,3.1082390768950106,0.5779972613801192,2.414100304948968,0.017930783569272805,17.09946166252561,0.026955959250915325,6.465112706446837,29.45117384211646,3.1755385679188586,0.43523181313095494,0.0,0.0036945200848714087,0.11760120213633102,2.943719784730457,0.006453945013371142,55.10162890223269,0.5651307415543149,0.9565217391304347,0.08360092511361009,0.7932160650435112,3.5802752305659755,0.08062839435417643,0.9516888150609081,0.13249214726810402,-0.1136898467793512,0.19741272762658624,1.848131930517077,Entertainment,Communication Services,SBGI
2019Q1,2019,Q1,2019-05-10,2019-03-31,21672000.0,722103000.0,93598000.0,0.23,403059000.0,0.5581738339,6634208000.0,1559401000.0,1683002000.0,539580000.0,5115055000.0,0.0,520936000.0,3625622560.0,6533420560.0,16.89455266408095,3.119096334185848,0.5853215636289969,2.490151667210679,0.013679811966659735,16.89455266408095,0.013897644031265852,5.020921613675611,41.823811369509045,2.325009769776985,0.8469915097822075,0.0,0.005062854639783574,0.10884539646631519,2.962795136958375,0.0032667049329776817,51.30573761444521,0.558173833926739,-0.8904761904761905,-0.1456171444144817,0.8735734425077162,4.016879127854276,-0.32315641698208897,-0.8948986668347875,-0.6440518113434289,-0.07890339871152037,0.2798153231073241,1.9246629762674026,Entertainment,Communication Services,SBGI
2018Q4,2018,Q4,2019-03-01,2018-12-31,206201000.0,893325000.0,262954000.0,2.1,595498000.0,0.6666084572,6572092000.0,1638836000.0,1783906000.0,572585000.0,4971772000.0,0.0,517620000.0,2567728560.0,5399853560.0,16.81133314184892,3.115530445261402,0.5922703151447059,2.3751339365256805,0.05102866555157409,16.81133314184892,0.12582161973498263,2.8743498278901853,3.1131378606311317,1.5668001923316304,0.09389382204741975,0.0,0.007540127216562175,0.13592703814858342,3.009464097033628,0.03137524550782308,10.392716881855344,0.6666084571684437,2.3870967741935485,48.82395591370116,1.1382619619388492,3.2329254742357034,0.2876244924082875,2.2281956947162427,0.666269564666371,2.4374291151629284,0.4166843057453112,2.0239361909360243,Entertainment,Communication Services,SBGI
2018Q3,2018,Q3,2018-11-08,2018-09-30,63875000.0,766260000.0,157810000.0,0.62,462478000.0,0.6035523191,6627414000.0,1623533000.0,1790735000.0,600604000.0,5041860000.0,0.0,330780000.0,2860365660.0,5739647660.0,15.904048666281358,2.9815568993879493,0.588805226291884,2.4035581660489806,0.029771669589905996,15.904048666281358,0.039343210147252936,3.7328917860778326,11.19516892367906,1.761815534393203,0.2882191780821918,0.0,0.006436240043519471,0.11561975757059993,2.863524052453863,0.009637997565868075,31.482061481228744,0.603552319056195,1.296296296296296,0.7126707495913882,1.2048779862129686,2.872563302696815,0.07732159288118616,1.2779144823651083,0.1993281755863264,0.37427586811406877,0.30033384098795457,2.1690079290280435,Entertainment,Communication Services,SBGI
2018Q2,2018,Q2,2018-08-08,2018-06-30,28041000.0,730143000.0,131582000.0,0.27,429285000.0,0.5879464708,6581543000.0,1621167000.0,1678759000.0,568017000.0,4996125000.0,0.0,285316000.0,3286501600.0,6180022600.0,15.858966583189858,2.9554731636553133,0.5938180454036386,2.410756572271703,0.02681299081153734,15.858966583189858,0.017296799157643844,4.501175249231999,29.300859455796868,2.027244324613072,0.656289005384972,0.0,0.005599571288813613,0.11093796697826026,2.8177765806305093,0.004260551059227297,26.144349513945237,0.5879464707598374,-0.3571428571428571,0.4169880389257684,1.0935913785405476,2.856001995885793,0.13928233055469302,-0.3497437562321731,0.22614011219412192,-0.4290169227508693,0.22839826399942476,2.2223462893667443,Entertainment,Communication Services,SBGI
2018Q1,2018,Q1,2018-05-10,2018-03-31,43123000.0,665352000.0,107314000.0,0.42,376803000.0,0.5663212856,6663411000.0,1607707000.0,1714691000.0,591681000.0,5091868000.0,0.0,275676000.0,3189438700.0,6409175700.0,15.777456108499592,2.8979990907262527,0.6047906995381195,2.5066563745757158,0.029522397385652096,15.777456108499592,0.026822673534418896,4.793611050992557,18.490357233958676,1.9838432624850175,0.4265009391739907,0.0,0.005766531897916708,0.09985156251055202,2.3988416055273025,0.006471610410944185,40.514185000762154,0.5663212855751542,-0.9027777777777778,1.0215042581305696,0.8758133243952484,13.231565950893652,-0.11612703461573648,-0.9027732058710798,-0.6998898154828822,0.6579699375590101,0.23056843012195868,2.4326947357943727,Entertainment,Communication Services,SBGI
2017Q4,2017,Q4,2018-03-01,2017-12-31,443530000.0,734003000.0,357582000.0,4.32,426309000.0,0.5808000785,6784470000.0,1568738000.0,1714747000.0,726349000.0,5250104000.0,0.0,248845000.0,3850366950.0,7217690950.0,15.421058322765834,2.3607756051154474,0.5967525834737275,2.580832490830209,0.09473999928953133,15.421058322765834,0.28273044957156646,5.245710099277523,2.170296795030776,2.454435954251124,0.041293711812053296,0.0,0.004756689489036883,0.10818870154927356,1.8549306187521426,0.06537430337226047,30.96544224088014,0.5808000784737937,13.400000000000002,4.9936182375119165,0.8014894835016183,11.695054463456298,0.18007125121450934,13.476939648137872,2.4566686322464646,3.404632881745231,0.1334388996122827,2.4750919309476154,Entertainment,Communication Services,SBGI
2017Q3,2017,Q3,2017-11-08,2017-09-30,30637000.0,670891000.0,103447000.0,0.3,361257000.0,0.5384734629,6687069000.0,1141995000.0,1589431000.0,911223000.0,5578770000.0,0.0,-176370000.0,3276952249.9999995,6730385250.0,11.169201427942687,1.7442832325347364,0.6064878349542976,3.551351801014891,0.013045512866735318,11.169201427942687,0.02682761308061769,4.884477880907628,26.74015283807161,2.869497896225465,0.597480171035023,0.0,0.005585983134175971,0.10032661544243075,1.3478061901422593,0.004581528917975873,28.501928713697996,0.5384734629023195,-0.3023255813953489,-0.07428633092950102,1.0423943220076646,15.665986833455134,-0.01836871666254548,-0.3137641393213126,-0.1295930129828606,-0.39778826639799597,0.2879647565505408,1.8957332395702131,Entertainment,Communication Services,SBGI
2017Q2,2017,Q2,2017-08-09,2017-06-30,44645000.0,679290000.0,118849000.0,0.43,368017000.0,0.5417671392,6289536000.0,1158176000.0,1422442000.0,537488000.0,5164564000.0,0.0,-188701000.0,3377152100.0,6649180100.0,11.282876598895264,2.64646280475099,0.6468004952988583,3.512484285635344,0.014762343566203243,11.282876598895264,0.03854768187218523,4.971591073032137,18.911144025086795,2.915923054872489,0.4140889237316609,0.0,0.005474138994213498,0.1080031976921668,2.5549779716012266,0.007098297871257911,57.13624612990001,0.5417671392188903,-0.29508196721311475,0.17248453730149427,1.1149885859279491,12.938307912153194,0.04761592985852145,-0.21952029649312962,-0.24602071953764854,0.022469218843306535,0.41289337954974115,2.022240187169697,Entertainment,Communication Services,SBGI
2017Q1,2017,Q1,2017-05-10,2017-03-31,57202000.0,649935000.0,157629000.0,0.61,351290000.0,0.5405002039,6317323000.0,1129153000.0,1440810000.0,467468000.0,5220424000.0,0.0,-214859000.0,3751515000.0,7019845000.0,12.189927669221634,3.0821574952724036,0.6464811123319165,3.6168969129958475,0.021532798406561943,12.189927669221634,0.05065921093067104,5.772138752336772,16.395908359847557,3.3224151200058807,0.2842033495332331,0.0,0.004333449286488259,0.10288139454006072,2.9658222594915586,0.009054784756138003,76.76833510681837,0.5405002038665405,-0.537878787878788,0.7006269534276652,1.5344229466115822,11.075651024473078,-0.2782028732987047,-0.5268534372234216,-0.32477318094977,1.2471092839255882,0.6803546218145029,2.6198291194647707,Entertainment,Communication Services,SBGI
2016Q4,2016,Q4,2017-02-28,2016-12-31,120897000.0,797691000.0,233446000.0,1.32,486688000.0,0.6101209616,5963168000.0,587983000.0,905088000.0,636473000.0,5405232000.0,0.0,-255804000.0,3018408450.0,6962272450.0,6.496547228391174,1.4220367556832734,0.7049689024357523,7.149608066899893,0.033366840919536955,6.496547228391174,0.2056130874532087,3.7839319360504255,6.24169427281074,5.133496121486506,0.13434576540360804,0.0,0.005380981490427513,0.13376966739826884,1.355971109536461,0.0202739550520797,12.809297366343861,0.6101209616254916,1.4444444444444444,3.757294118882797,2.3429465177196835,5.334712907034316,0.20680608798718528,1.377755924869702,0.5159421795654376,30.464014601154897,1.0565405899818763,0.6357655889393646,Entertainment,Communication Services,SBGI
2016Q3,2016,Q3,2016-11-08,2016-09-30,50845000.0,693835000.0,153994000.0,0.54,403286000.0,0.5812419379,5866188000.0,516516000.0,790090000.0,599745000.0,5379522000.0,0.0,-360459000.0,2713218240.0,6814983240.0,5.497892451143185,1.3173765517011395,0.7170431632944597,8.143619945945527,0.02147084770137771,5.497892451143185,0.09843838332210425,3.9104660906411466,13.34063447733307,5.252921961759172,0.3321073851902842,0.0,0.006223605514313511,0.11827697987176682,1.2399753228455428,0.008667468550274898,26.65584249462112,0.5812419379247228,0.03846153846153849,1.277005041659324,2.304989837357523,4.341037111804984,0.07861051527973169,0.028855298569376152,0.19306754264995274,0.48134803082509436,1.1693543415530991,0.3387117327935799,Entertainment,Communication Services,SBGI
2016Q2,2016,Q2,2016-08-05,2016-06-30,49419000.0,666534000.0,129074000.0,0.52,373894000.0,0.5609526296,5779677000.0,570512000.0,678019000.0,531740000.0,5236783000.0,0.0,-394418000.0,2837476360.0,6912509360.0,6.003746343106097,1.2750949712265394,0.7230092615902238,7.3245786241130775,0.017812169343416853,6.003746343106097,0.08662219199596152,4.25706169527736,14.35417734069892,4.973561222200409,0.34614217203909425,0.0,0.006028596481417029,0.11532374560031641,1.1847331402565164,0.0085504778208194,54.87499729248859,0.5609526295732851,1.08,1.2648638822225642,2.041665230981468,4.393421846103446,0.15975681627842056,1.0471830985915493,0.49496751178494075,1.686439486245799,1.055969772541124,0.459770897452303,Entertainment,Communication Services,SBGI
2016Q1,2016,Q1,2016-05-10,2016-03-31,24140000.0,578889000.0,86339000.0,0.25,322390000.0,0.5569116014,5747198000.0,547048000.0,682532000.0,537706000.0,5227300000.0,0.0,-426731000.0,2912055750.0,6957637750.0,5.776581028711418,1.2693404946197364,0.7285473721281223,7.654001111419839,0.012362351936660347,5.776581028711418,0.044127754785686084,5.03042163523577,30.15799243993372,5.323217980871879,0.6493371996685998,0.0,0.005382795298475999,0.10072543176692364,1.1554418213670667,0.004200307697768547,26.922596705003514,0.5569116013605372,-0.5901639344262295,0.34434161678623243,1.744287496913431,4.0476931212313145,-0.1268538680706772,-0.5852233676975945,-0.3050795618264208,0.21763834701248647,0.7560982253713171,5.478328530117149,Entertainment,Communication Services,SBGI
2015Q4,2015,Q4,2016-02-26,2015-12-31,58200000.0,611790000.0,124243000.0,0.61,369228000.0,0.603520816,5432315000.0,525810000.0,701763000.0,535003000.0,4932637000.0,0.0,-437029000.0,3077633200.0,6782021200.0,5.559420596320575,1.3116991867335324,0.7095243924551503,7.3303284456362565,0.024114093049686904,5.559420596320575,0.11068636960118675,5.030538583500874,13.220073883161511,5.8531279359464445,0.26853951890034367,0.0,0.005078252989992441,0.11262049420919074,1.2464771225581912,0.010713664432198795,44.75580891441867,0.603520815966263,0.3555555555555555,0.4989708119174721,1.310853847462437,3.708042728223498,0.1497236450824394,0.3455091896890533,0.247344537477662,-0.15408643619959936,0.6150024948244889,4.855656649396884,Entertainment,Communication Services,SBGI
2015Q3,2015,Q3,2015-11-06,2015-09-30,43255000.0,548404000.0,99606000.0,0.45,321145000.0,0.5855993027,5480447000.0,476779000.0,672249000.0,491920000.0,5029186000.0,0.0,-479600000.0,2405450640.0,6177066640.0,5.018620660617671,1.366581964547081,0.7099794961980291,8.16102429007989,0.019596091672066544,5.018620660617671,0.09072337498086115,4.386274790118234,13.902731707317074,5.045210967764939,0.36157669633568373,0.0,0.006501900201119903,0.10006556034571633,1.2747946820621239,0.007892604380628077,25.99250778008299,0.5855993027038461,-0.062499999999999944,1.5624209624962608,1.4874494802183618,3.4504464250958153,-0.026927691860183255,-0.055299539170506916,-0.12886129088682877,0.4066177303487719,0.7967910407934046,7.589819783049788,Entertainment,Communication Services,SBGI
2015Q2,2015,Q2,2015-08-07,2015-06-30,45787000.0,554167000.0,114340000.0,0.48,330032000.0,0.5955461079,5380981000.0,469059000.0,543799000.0,396881000.0,4934722000.0,0.0,-507215000.0,2660018370.0,6485115370.0,4.921558752242753,1.3701814901695974,0.7228562970209336,8.292509044704397,0.01745452333681454,4.921558752242753,0.09761458579837505,4.800030261635933,14.523873424771223,5.6709675541882785,0.3439622600301396,0.0,0.005920635803729431,0.10298623986964459,1.2439169423580367,0.00850904323951339,61.885358630156105,0.5955461079421908,0.9199999999999999,1.2335877504638362,1.5165523218295542,3.205408224428937,0.09818484319108227,0.8856354501276665,0.35238388115486063,0.2951092621015642,0.858332364680584,6.207456031007139,Entertainment,Communication Services,SBGI
2015Q1,2015,Q1,2015-05-08,2015-03-31,24282000.0,504775000.0,84547000.0,0.25,300525000.0,0.5953642712,5417479000.0,437244000.0,533777000.0,431179000.0,5005039000.0,0.0,-537253000.0,2988064710.0,6841253710.0,4.596230461153567,1.2379475809350642,0.7219284098747776,8.944735662467638,0.011703127887694526,4.596230461153567,0.05553420973186596,5.919597266108663,30.764194773906596,6.833860979224415,0.6471872168684623,0.0,0.005259256918836942,0.09317525734755963,1.1432467722222093,0.004482158583355838,33.96647429266463,0.5953642712099451,-0.7448979591836735,0.771602990218751,1.5011211277259553,2.8657798891320754,-0.2472893399489552,-0.7455917020273456,-0.595370162096971,-0.2970702874432675,0.9166226072910405,4.7990392897543215,Entertainment,Communication Services,SBGI
2014Q4,2014,Q4,2015-03-02,2014-12-31,95445000.0,613818000.0,208949000.0,0.98,399257000.0,0.6504485043,5452172000.0,427882000.0,526165000.0,494006000.0,5046829000.0,0.0,-545820000.0,2638105920.0,6549139920.0,4.437597228848188,1.0650983996145795,0.7205781475712798,9.181774414441366,0.031230321530420376,4.437597228848188,0.22306383535647678,4.297863405765227,6.910016030174446,6.165498712261792,0.16534129603436534,0.0,0.005981943287553822,0.11258228830638504,0.997350234612535,0.017505867386428748,-7.230440962448713,0.6504485042797702,1.0,2.139475551189244,1.776276700243064,2.6740597387450555,0.3089964263466772,0.9744109555036098,1.0553101915151037,2.525361804450546,1.4145732811290443,3.960912821512966,Entertainment,Communication Services,SBGI
2014Q3,2014,Q3,2014-11-10,2014-09-30,48341000.0,494956000.0,101663000.0,0.49,305010000.0,0.6162365948,5294256000.0,374735000.0,573276000.0,463027000.0,4939813000.0,0.0,-625484000.0,2534747860.0,6223289860.0,3.8571237416884534,1.2381049053294948,0.7154720134424931,10.108188453173575,0.021158442264558062,3.8571237416884534,0.1290004936822021,5.121157961515771,13.108685484371444,6.764107596034531,0.33176806437599554,0.0,0.006327256550085419,0.09348924570326785,1.1541357199472169,0.009130839158514436,-2.7415157168830353,0.6162365947680197,0.16666666666666669,1.656031821759196,1.536951268323526,3.146768224854787,0.1017077716613931,0.16949316559816135,-0.013354166868855481,1.0934289408748896,1.2798557588780302,3.3439515560413793,Entertainment,Communication Services,SBGI
2014Q2,2014,Q2,2014-08-08,2014-06-30,41335000.0,455136000.0,103039000.0,0.42,276852000.0,0.6082841173,4181962000.0,362778000.0,763005000.0,336684000.0,3811789000.0,0.0,-657787000.0,3376796500.0,6096227500.0,3.7332825652952435,2.2662348077128702,0.7448601876344165,8.586455077209754,0.019057677981868703,3.7332825652952435,0.1139402058559229,7.419313128383604,20.423348856900933,9.30816229209048,0.3529212531752752,0.0,0.004320070812677044,0.10883312665203558,2.171552553729907,0.009884116594077135,116.26485676904008,0.6082841172748366,0.5555555555555554,11.161361018176764,1.3545859237198923,2.87186403880748,0.09946109520386645,0.5220192944988585,0.2720864197530864,0.8525010526971741,1.0310595760071422,3.1101162325581813,Entertainment,Communication Services,SBGI
2014Q1,2014,Q1,2014-05-08,2014-03-31,27158000.0,412648000.0,81000000.0,0.27,251807000.0,0.6102222718,4110113000.0,332794000.0,785755000.0,397881000.0,3767746000.0,0.0,-684534000.0,2677142160.0,5386891160.0,3.3675422974176312,1.9748492639759123,0.7366123510472826,9.09739959254073,0.015694635037796188,3.3675422974176312,0.08160603857040692,6.487713886896338,24.644139480079534,8.044442387783434,0.5411296855438544,0.0,0.005489435794474209,0.10039821289584983,1.6506241816020368,0.006607604219154072,21.528569153940797,0.6102222717667358,5.413301662707839,1.2551604974199013,1.1807823025312856,2.681513594727155,-0.06408150218548363,5.409723861222563,-0.24034962673969315,0.4493133682368414,0.8745895463060759,2.7766972270074137,Entertainment,Communication Services,SBGI
2013Q4,2013,Q4,2014-03-03,2013-12-31,4237000.0,427715000.0,106628000.0,0.0421,269048000.0,0.6290356897,4147472000.0,396370000.0,697871000.0,343381000.0,3741768000.0,0.0,-696996000.0,3565925459.9999995,6319861460.0,3.9715636961183143,2.032351819116375,0.731539598097347,7.65456517899942,0.005854866633153111,3.9715636961183143,0.010689507278552867,8.337153151046842,210.4039096058532,8.996456492670989,3.4998819919754545,0.0,0.0041585277556530865,0.10312667571957086,1.9325006334072066,0.0010215861614014513,-6.919048659430553,0.6290356896531569,-0.8830555555555555,1.0121368325429414,0.7669602096441122,4.834533052600284,0.2880690549940874,-0.8834131308128337,0.46370524928618495,-0.8965837654362646,0.531033351780135,2.9345836496104996,Entertainment,Communication Services,SBGI
2013Q3,2013,Q3,2013-11-12,2013-09-30,36342000.0,338644000.0,72848000.0,0.36,208877000.0,0.6168040774,3617673000.0,408521000.0,587582000.0,340711000.0,3201435000.0,0.0,-684470000.0,3334334960.0000005,5580238960.0,4.106853115920903,1.7245759602713149,0.6841132407489566,6.058190399024775,0.022027804317623245,4.106853115920903,0.08895993106841509,9.846136237464714,22.93720048428815,8.161967095938765,0.4118100269660448,0.0,0.004488451274253501,0.09360823932953587,1.6484087687218787,0.010045684062655746,-10.631733716811057,0.6168040774382537,1.5714285714285712,1.7007658856381627,0.6460689137431881,0.5372308106365618,0.053115326052979195,1.0387075058902726,-0.13564309444708117,1.0561297573093928,0.46698128291050595,3.005256865750717,Entertainment,Communication Services,SBGI
2013Q2,2013,Q2,2013-08-09,2013-06-30,17826000.0,314154000.0,84280000.0,0.14,198342000.0,0.631352776,3343393000.0,378719000.0,806921000.0,226288000.0,2957385000.0,0.0,-705846000.0,2697111070.0,4595471070.0,4.11280040832727,3.565902743406632,0.7325408649237466,6.466990037468413,0.01707781238755822,4.11280040832727,0.047069199063157645,8.585315068405942,37.8255226915741,7.121668228950752,0.8372040839223606,0.0,0.005533327924830326,0.09396263017838466,3.4955057272148764,0.005331709434098833,-26.39671811384278,0.6313527760270441,-0.33333333333333326,0.27510598836501254,0.5410922653510417,0.43192096763518867,0.12501276219214758,0.048773312937577216,0.3239914540656026,-0.09996360446863606,0.476567268610996,2.8429941208821847,Entertainment,Communication Services,SBGI
2013Q1,2013,Q1,2013-05-07,2013-03-31,16997000.0,282618000.0,63656000.0,0.21,176302000.0,0.6238173082,2734528000.0,-104728000.0,292932000.0,311164000.0,2831815000.0,0.0,-708748000.0,1592155510.0,3837192510.0,-1.2898966634232858,0.9414071036495224,0.8304402075970698,-21.683427545642044,0.019134400478231412,-1.2898966634232858,-0.16229661599572226,5.633595560084637,23.41818423839501,-15.202768218623481,0.7088309701712067,0.0,0.007567100025298408,0.1033516570318534,0.8458497769664871,0.006215697919348421,37.710931075319756,0.6238173081686234,-0.7123287671232877,0.11281235625643173,0.6270210493183279,-1.4428271645773445,-0.18885668276972625,-0.7119250194908647,-0.46523291468895706,0.45300930594558236,0.6407819795623092,0.47638325057579795,Entertainment,Communication Services,SBGI
2012Q4,2012,Q4,2013-03-12,2012-12-31,59002000.0,324862000.0,119035000.0,0.73,217350000.0,0.6690533211,2729697000.0,-116950000.0,304448000.0,307600000.0,2829750000.0,0.0,-713697000.0,1023595579.9999999,3274109580.0,-1.4418868436301766,0.9897529258777633,0.8328319956390764,-19.43889696451475,0.038421547063303856,-1.4418868436301766,-0.5045061992304404,3.1508627663438626,4.337122385681841,-8.752420521590423,1.5695569641707061,0.0,0.09047225467698874,0.11901027843017009,0.8561183355006502,0.021614853223636175,-0.9587253468557024,0.6690533211024989,1.28125,4.642452391875521,0.7642449484735484,-1.4976732557911747,0.29024023934891396,1.2481234520861118,0.5152691676107795,1.8373859131202197,0.7467434791938329,0.4560559266046802,Entertainment,Communication Services,SBGI
2012Q3,2012,Q3,2012-11-08,2012-09-30,26245000.0,260489000.0,78557000.0,0.32,168457000.0,0.6466952539,2245536000.0,-61749000.0,289158000.0,303238000.0,2297920000.0,0.0,-680092000.0,945404460.0,2627568460.0,-0.7615717615717615,0.9535678246130103,0.7689874488763484,-27.964647200764386,0.027419411506359723,-0.7615717615717615,-0.42502712594535946,3.6293450395218225,9.005567346161174,-15.310441626585046,0.45879215088588304,0.0,0.012736347784946984,0.1160030389181024,0.6485203041835126,0.011687632707736593,14.771483078653793,0.6466952539262695,-0.13513513513513511,1.8499705762945164,0.5849959488104961,-1.2610737814004873,0.052941801521373615,-0.12691284098469727,0.09119068785420602,0.7278490977558233,0.5998398484945622,0.5761302545162165,Entertainment,Communication Services,SBGI
2012Q2,2012,Q2,2012-08-08,2012-06-30,30060000.0,253554000.0,71992000.0,0.37,159987000.0,0.6309780165,2160241000.0,-76587000.0,230368000.0,231778000.0,2226523000.0,0.0,-694296000.0,734186160.0,2431439160.0,-0.9450984747519621,0.9939165926015411,0.8000639743436033,-22.566897776385026,0.027119334573803063,-0.9450984747519621,-0.3924948098241216,2.8955810596559313,6.106005988023953,-9.586302636217635,0.31989354624085165,0.0,0.01309749559975361,0.11737301532560487,0.8277877969436271,0.013915114100695247,695.9110521327015,0.6309780165171917,0.027777777777777804,13.709867480128691,0.5088507453965843,-1.3203896921249374,0.18433442399656516,0.023876835042065465,0.20142852374753847,9.605357175067956,0.572953577782656,0.5261285967299695,Entertainment,Communication Services,SBGI
2012Q1,2012,Q1,2012-05-09,2012-03-31,29359000.0,223836000.0,59922000.0,0.36,135086000.0,0.6035043514,1771245000.0,-97818000.0,222264000.0,218403000.0,1858456000.0,0.0,-714740000.0,894223120.0,2234619120.0,-1.2098402018502943,1.0176783285943873,0.7718853123085739,-13.97695720624016,0.04052263701509755,-1.2098402018502943,-0.3001390337156761,3.9949924051537735,7.614557035321368,-9.141703163017032,0.3265778807180081,0.0,0.010722156233222866,0.12637212807940176,0.750351414586796,0.01657534671939794,14.72044907567452,0.6035043514001323,0.28571428571428553,14.90185777030184,0.429238844239982,-1.3939116703861583,0.037096749428040594,0.29323407629283765,-0.06207738542449286,1.3371542015652988,0.445886380617326,0.3958909592854267,Entertainment,Communication Services,SBGI
2011Q4,2011,Q4,2012-03-02,2011-12-31,22702000.0,213164000.0,63888000.0,0.28,130254000.0,0.6110506465,1571417000.0,-121175000.0,209717000.0,195582000.0,1682779000.0,0.0,-734511000.0,916053160.0,2109111160.0,-1.4987260673823777,1.0722714769252795,0.7674761059604166,-9.952754280998557,0.037744151455583214,-1.4987260673823777,-0.18734887559315042,4.297410256891408,10.087802396264646,-7.559753744584279,0.41494141485331687,0.0,0.01028324600725137,0.13565081706510748,0.7483255105275537,0.014446833653956907,-1641.672329749104,0.6110506464506201,0.16666666666666682,2.046962609608526,0.14629777612097913,-1.4841653263489583,0.14066782846283857,0.18006029732820458,0.22313479983918214,1.0802711513730336,0.0870127214882083,-0.4470156044049419,Entertainment,Communication Services,SBGI
2011Q3,2011,Q3,2011-11-04,2011-09-30,19238000.0,180868000.0,52233000.0,0.24,114191000.0,0.6313499348,1563850000.0,-133192000.0,245645000.0,199899000.0,1689208000.0,0.0,-747793000.0,580339800.0,1722544800.0,-1.645564615764764,1.2288455670113407,0.7696211273459731,-9.036368550663704,0.03129346736963869,-1.645564615764764,-0.1444381043906541,3.2086372382068693,7.541581765256264,-4.35716709712295,0.5048341823474374,0.0,0.016735023170907803,0.11565559356715797,0.8815301727372323,0.012301691338683378,10.66311070280202,0.6313499347590508,0.04347826086956513,-0.0971024420515183,0.1370615967248946,-1.5281597526453257,-0.043434191127194745,0.03547015447548307,-0.09251537579485042,0.7570335388867636,0.0804592208306056,-1.6159491359553242,Entertainment,Communication Services,SBGI
2011Q2,2011,Q2,2011-08-05,2011-06-30,18579000.0,186587000.0,57558000.0,0.23,119376000.0,0.6397873378,1497298000.0,-143152000.0,246584000.0,177567000.0,1632605000.0,0.0,-757319000.0,888413760.0,2024906760.0,-1.7692307692307692,1.3886814554506186,0.7927773896712612,-8.292053202190678,0.032841736008179745,-1.7692307692307692,-0.1297851235050855,4.761391522453333,11.954542225092847,-6.20608695652174,0.5184886161795575,0.0,0.010842920758003569,0.1246158079420396,0.9528966530943249,0.012408351577307923,3812.934592274678,0.639787337810244,0.21052631578947373,0.9135060591278293,0.06763075688090439,-1.5945611176656735,0.03884711779448621,0.2159827213822894,0.14066587395957195,0.5124507495482363,0.041679104585843035,-1.615978988408348,Entertainment,Communication Services,SBGI
2011Q1,2011,Q1,2011-05-06,2011-03-31,15279000.0,179487000.0,50460000.0,0.19,114912000.0,0.6402246402,1571190000.0,-152729000.0,321370000.0,261002000.0,1715769000.0,0.0,-766265000.0,1010460659.9999999,2143914660.0,-1.8953945817148388,1.2312932467950437,0.7999166237055989,-8.229092051935126,0.029658079850721903,-1.8953945817148388,-0.10003994002448782,5.629715021143592,16.533488120950324,-6.616036640061808,0.6277243275083448,0.0,0.009491710444224519,0.11423634315391519,0.9070045440264826,0.009724476352318942,21.65767875514403,0.6402246402246402,-0.5365853658536585,0.972315882769633,0.16550660145837337,-1.716148287618013,-0.17837250373590544,-0.5381057468484537,-0.37967151848937847,0.00793055953025267,0.04114775895866166,-1.6506972474434667,Entertainment,Communication Services,SBGI
2010Q4,2010,Q4,2011-03-04,2010-12-31,33079000.0,225555000.0,81344000.0,0.41,139859000.0,0.6200660593,1485924000.0,-165423000.0,204281000.0,167896000.0,1643006000.0,0.0,-771953000.0,659136220.0,1878820220.0,-2.0529294232988744,1.216711535712584,0.8356133961090877,-7.505957454525671,0.049762956128252295,-2.0529294232988744,-0.1999661473918379,2.9222860056305557,4.981530729465824,-3.984550032341331,1.034644336285861,0.0,0.051924016556092155,0.15179443901572354,0.8537725734978796,0.022261569232342973,15.090114926739927,0.6200660592760081,1.2777777777777777,23.697283894240776,0.3391697804136254,-1.7908998516465973,0.29176133739724763,1.3171056318296441,0.4501114181299581,2.1842027699524693,0.23299013323368448,-1.7085771498062838,Entertainment,Communication Services,SBGI
2010Q3,2010,Q3,2010-11-05,2010-09-30,14276000.0,186452000.0,56095000.0,0.18,108270000.0,0.5806856456,1536164000.0,-164548000.0,227331000.0,189555000.0,1692137000.0,0.0,-770807000.0,564014880.0,1768894880.0,-2.0480434133227123,1.199287805650075,0.8113567301407922,-7.574549675474634,0.03805300311701985,-2.0480434133227123,-0.0867588788681722,3.024987020788192,9.876976744186047,-3.4276617157303644,0.0,0.0,0.0,0.12137506151686929,0.8238083933423017,0.009293278582234709,15.093122106558912,0.5806856456353378,-0.14285714285714285,-0.5193059924029126,0.19579161556570396,-1.7573971338487662,-4.617871161394597e-05,-0.17350778671915706,-0.010513132596002893,0.5644654809890643,0.1449102959335425,-1.702088057053227,Entertainment,Communication Services,SBGI
2010Q2,2010,Q2,2010-08-04,2010-06-30,17273000.0,185551000.0,56691000.0,0.21,108275000.0,0.5835322903,1539845000.0,-179212000.0,228359000.0,176214000.0,1710213000.0,0.0,-785083000.0,468189810.0,1722691810.0,-2.2315862876212536,1.2959185989762447,0.8425016803639327,-7.2390353324554155,0.03114019096539994,-2.2315862876212536,-0.09638305470615807,2.5232405645887113,6.776324465929485,-2.612491406825436,0.0,0.0,0.0,0.12049979056333592,0.9248754355499563,0.011217362786514227,24.486914748953975,0.5835322903137143,0.4999999999999998,0.19696078079451237,0.07446336016832074,-1.9274698909880175,0.10724219740663476,0.4993923611111111,0.22636121747030957,7.529275652521411,0.11420142125414036,-1.7565108427763032,Entertainment,Communication Services,SBGI
2010Q1,2010,Q1,2010-05-06,2010-03-31,11520000.0,169628000.0,46227000.0,0.14,97788000.0,0.5764850143,1576554000.0,-196969000.0,252858000.0,204780000.0,1764321000.0,0.0,-802356000.0,406181560.0,1691946560.0,-2.4634365971709795,1.234778786990917,0.8487492340890321,-6.793449730668278,0.024690779856411247,-2.4634365971709795,-0.05848636079789205,2.394543117881482,8.814703993055556,-2.062159832257868,0.0,0.0,0.0,0.10759415789119814,0.7962008008594589,0.007307076065900692,12.311516731328807,0.5764850142665126,1.160919540229885,0.4605662151398765,0.09801332132370022,-1.9017243278429428,-0.451359706458255,1.165853237161491,-0.13396905091985462,6.515924809585152,0.09523343340811218,-1.8020699125371673,Entertainment,Communication Services,SBGI
2009Q4,2009,Q4,2010-03-05,2009-12-31,-69459000.0,183340000.0,53378000.0,-0.87,178237000.0,0.9721664667,1597721000.0,-211950000.0,225798000.0,202701000.0,1799943000.0,0.0,-813876000.0,322226710.0,1662315710.0,-2.650799804895131,1.11394615714772,0.853286024280835,-6.432238735550837,0.03468439052381492,-2.650799804895131,0.3277140835102619,1.7575363259517836,-1.1597730675650384,-1.5202958716678463,0.0,0.0,0.0,0.11475094838210176,0.6815851919822793,-0.043473797991013446,11.155889419747957,0.9721664666739391,-5.578947368421053,-4.874644713925039,0.30903171081168246,-1.9973071024636242,1.0654622569355923,-5.649819252912036,0.49380124814597154,-10.42683289017658,-0.003046064465751724,-1.8563441849412763,Entertainment,Communication Services,SBGI
2009Q3,2009,Q3,2009-11-06,2009-09-30,14938000.0,160127000.0,35733000.0,0.19,86294000.0,0.5389097404,1629148000.0,-143268000.0,183042000.0,201028000.0,1761322000.0,0.0,-746116000.0,285465620.0,1574316620.0,-1.796711772156661,0.9105298764351235,0.7973953256548821,-9.067447022363682,0.025572524574692692,-1.796711772156661,-0.10426613060837032,1.7827450710998145,4.77750736377025,-1.99252882709328,0.0,0.0,0.0,0.09828879880772036,0.5308365003880057,0.00916920991831313,9.940649092871817,0.5389097403935627,3.75,3.5558258890897227,-0.05594701680723493,-1.6568051642854378,0.0877303552070991,4.367588932806324,0.3837128252788104,-0.2883549575837947,0.021831385513909778,-1.5766718827483959,Entertainment,Communication Services,SBGI
2009Q2,2009,Q2,2009-08-07,2009-06-30,2783000.0,158272000.0,25824000.0,0.04,79334000.0,0.5012510109,1606141000.0,-158688000.0,158240000.0,500361000.0,1754797000.0,0.0,-761054000.0,154358040.0,1459088040.0,-1.9944197270190784,0.31625166629693363,0.8204821369979348,-8.304408650937688,0.00663224580071031,-1.9944197270190784,-0.017537557975398264,0.9752706732713303,13.866155228171039,-0.9727140048396854,0.0,0.0,0.0,0.09854178431407952,0.2179706252085994,0.0017327245864466444,7.267327683615819,0.5012510109179135,1.037037037037037,-0.8686992217070272,-0.15262391462230657,-1.7088690996448797,0.03626009038898613,1.0319741724973863,0.10401436449916635,-0.7085217695964627,-0.07906453930679534,-1.6702372819948739,Entertainment,Communication Services,SBGI
2009Q1,2009,Q1,2009-05-11,2009-03-31,-87039000.0,154738000.0,23391000.0,-1.08,76558000.0,0.4947588828,1626264000.0,-161847000.0,168880000.0,215199000.0,1777882000.0,0.0,-763837000.0,83239450.0,1404805450.0,-2.002685145084452,0.7847620109758874,0.8195459039860686,-8.234925577860572,0.016427755557633685,-2.002685145084452,0.5377856864816771,0.537937998423141,-0.2390866450671538,-0.5143095021841616,-0.18426222727742736,0.0,0.19267306547556476,0.09514937304152339,0.49274392538998785,-0.05352083056625492,4.697751001749534,0.49475888275665963,0.6914285714285714,-321.257425231321,-0.06770650968548708,-1.74871554757586,-0.5858371652691371,0.692101157817657,-0.5176715605410755,-12.202767686174477,0.001863637974586228,-1.7566865238121905,Entertainment,Communication Services,SBGI
2008Q4,2008,Q4,2009-03-04,2008-12-31,-282687000.0,196011000.0,48496000.0,-3.5,184850000.0,0.9430593181,1816677000.0,-83703000.0,203125000.0,248335000.0,1884078000.0,0.0,-669417000.0,250526500.0,1610152500.0,-1.035735940110128,0.8179475305534862,0.7574797280969594,-16.440223170017802,0.02463944315753523,-1.035735940110128,3.377262463710978,1.2781246970833269,-0.2215582074874331,-2.9930408706975857,-0.05946152458372688,0.0,0.06709469856482247,0.10789534958608492,0.5083657156663378,-0.15560663783380316,4.7783044058745,0.9430593180994944,-26.0,-17.15521109098224,0.08078536432402166,-1.3886683860584002,0.9961125209221964,-25.254568854568856,0.45332494231172643,-192.40034781410984,0.1603620649286149,-1.3990217062902373,Entertainment,Communication Services,SBGI
2008Q3,2008,Q3,2008-11-06,2008-09-30,11655000.0,178191000.0,33369000.0,0.14,92605000.0,0.5196951586,2305726000.0,230179000.0,222668000.0,243922000.0,2058533000.0,0.0,-370539000.0,434236320.0,1818927320.0,2.6715917268274567,0.912865588179828,0.605595374298594,6.066309263660021,0.011380485715182236,2.6715917268274567,0.05063450618866187,2.436914995706854,9.314378378378379,1.886515798574153,1.4905190905190906,0.0,0.04000586593033029,0.07728194937299575,0.5496429186379252,0.005054807032578892,10.52745151280062,0.5196951585658086,-0.06666666666666654,0.7930442261967808,-0.012614727335475591,0.08147307651059148,-0.3341889190860331,-0.12223226389516494,-0.2295668636867381,-0.6340411220252298,0.06569287813540811,-0.012005359090328311,Entertainment,Communication Services,SBGI
2008Q2,2008,Q2,2008-08-08,2008-06-30,13278000.0,193615000.0,43312000.0,0.15,139086000.0,0.7183637631,2264027000.0,251202000.0,195176000.0,213460000.0,1994625000.0,0.0,-365368000.0,664688400.0,2040687400.0,2.8722258429664187,0.9143446078890659,0.6125854506152091,5.521094577272474,0.01468277019107281,2.8722258429664187,0.05285785941194736,3.433041861426026,12.514844103027563,2.6460314806410774,1.3076517547823467,0.0,0.026122014465725596,0.0855179730630421,0.6688419375995502,0.00586477104734175,20.12438765932968,0.7183637631381866,-0.21052631578947373,18.397573788519757,-0.03200900123981544,0.18804973550560175,0.3954090334490439,-0.19100712849570461,-0.06287593578259552,-0.15512257289289033,0.02947595326808108,0.19372618672460243,Entertainment,Communication Services,SBGI
2008Q1,2008,Q1,2008-05-09,2008-03-31,16413000.0,186657000.0,46218000.0,0.19,99674000.0,0.5339955105,2258962000.0,254136000.0,207585000.0,210181000.0,1987105000.0,0.0,-361254000.0,777361860.0,2134890860.0,2.9128670655388214,0.9876487408471746,0.6065276883807695,5.3912983599332645,0.016806732158662307,2.9128670655388214,0.06458353007838323,4.164654205307061,11.840642478523122,3.0588419586363207,0.9223786023274234,0.0,0.019474842771421794,0.0826295440118072,0.6822500606620009,0.007265726470830408,18.449314346742614,0.5339955104817928,0.4615384615384615,12.945965153886982,0.07298202634992765,0.1993598050105465,-0.22781220948249148,0.4591927453769559,-0.016784734188525115,0.9070747108589111,0.10730003874387631,0.06623531524425696,Entertainment,Communication Services,SBGI
2007Q4,2007,Q4,2008-02-29,2007-12-31,11248000.0,198069000.0,47007000.0,0.13,129080000.0,0.6516920871,2224655000.0,252774000.0,238616000.0,225246000.0,1968814000.0,0.0,-360324000.0,716289660.0000001,2039658660.0,2.897256034660615,1.059357324880353,0.6042954975041074,5.318383219793175,0.011938065246477458,2.897256034660615,0.04449824744633546,3.616364297290339,15.920378289473687,2.833715730257068,1.1518492176386914,0.0,0.01808765465077354,0.08903358048776103,0.733038544524653,0.005056064872980305,15.659000502809176,0.6516920871009597,0.18181818181818185,-0.6442174182043522,-0.0441693891208809,0.17436414106882273,0.10880134691703747,0.13604686395313606,0.42730916378210965,1.8718451457579466,0.29604599797585085,0.09003102221706148,Entertainment,Communication Services,SBGI
2007Q3,2007,Q3,2007-11-08,2007-09-30,9901000.0,176699000.0,32934000.0,0.11,116414000.0,0.6588265921,2219399000.0,254296000.0,256496000.0,220991000.0,1964005000.0,0.0,-358174000.0,1093174500.0,2437024500.0,2.91707484944078,1.1606626514201936,0.6102070875944343,5.325655928524239,0.014102272908710285,2.91707484944078,0.03893494195740397,6.186647915381524,27.602628522371475,4.298826957561267,1.3101706898293102,0.0,0.011866358024267857,0.07961569776322329,0.6854170531831613,0.004461117626889081,23.281322542860185,0.6588265921142734,2.666666666666667,1.452863735668433,-0.034808144166271086,-0.6456646092675047,-0.053760119647559904,3.506599908966773,-0.21321579588618936,1.7620564638358667,-0.04710571485345175,0.0663645974891583,Entertainment,Communication Services,SBGI
2007Q2,2007,Q2,2007-08-09,2007-06-30,2197000.0,180665000.0,41859000.0,0.03,123028000.0,0.6809730717,2182782000.0,256996000.0,221467000.0,197384000.0,1925081000.0,0.0,-355100000.0,1238874840.0,2587672840.0,2.9498404536167673,1.1220109026060876,0.622132214760796,5.2840472225248645,0.07500573291736716,2.9498404536167673,0.008548771187100188,6.857304071070766,140.97346836595358,4.820599698049775,5.88893946290396,0.0,0.010443347126171357,0.08276822880159357,0.7883617719774653,0.0010065137059037503,91.20774792019436,0.6809730717073036,2.1494252873563218,2.512873575322117,-0.07546669924445713,-0.6532669738325086,0.07713320142184245,1.9764444444444444,0.121383411915988,-0.9053362205307098,-0.11662353000198769,0.04845069376480261,Entertainment,Communication Services,SBGI
2007Q1,2007,Q1,2007-05-10,2007-03-31,-2250000.0,166855000.0,37328000.0,-0.0261,114218000.0,0.684534476,2186806000.0,264566000.0,216121000.0,191174000.0,1921516000.0,0.0,-344326000.0,1330863000.0,2662684000.0,3.071348966798235,1.130493686379947,0.6160907734842506,5.0923814851492635,0.01684675262117427,3.071348966798235,-0.008504494152687798,7.976164933625004,-147.87366666666665,5.030362934012685,-4.721777777777778,0.0,0.007982790114384426,0.07630077839552298,0.7511010911525626,-0.0010288978537648058,79.6590052073981,0.6845344760420724,-1.2830802603036877,0.9484014341672917,-0.018350816254430767,-0.6427515798898354,-0.16855568415918704,-1.2834467120181405,-0.29650779291758544,-8.767029290854271,-0.056847310149369605,0.14824176387243387,Entertainment,Communication Services,SBGI
