Quarters,Year,Quarter,FillingDate,Date,NetIncome,Revenue,OperatingIncome,EPSDiluted,GrossProfit,GrossProfitRatio,TotalAssets,CommonStockEquity,CurrentAssets,CurrentLiability,TotalLiability,Inventory,RetainedEarnings,MarketCap,EnterpriseValue,bookValuePerShare,currentRatio,debtToAssets,debtToEquity,roic,shareholdersEquityPerShare,roe,priceToSalesRatio,peRatio,pbRatio,payoutRatio,inventoryTurnover,dividendYield,assetTurnover,quickRatio,returnOnAssets,priceToFreeCashFlowsRatio,grossProfitMargin,epsdilutedGrowth,fiveYNetIncomeGrowthPerShare,fiveYRevenueGrowthPerShare,fiveYShareholdersEquityGrowthPerShare,grossProfitGrowth,netIncomeGrowth,operatingIncomeGrowth,threeYNetIncomeGrowthPerShare,threeYRevenueGrowthPerShare,threeYShareholdersEquityGrowthPerShare,Industry,Sector,Symbol
2023Q1,2023,Q1,2023-05-05,2023-03-31,-12000.0,33689000.0,-548000.0,-0.0006,12379000.0,0.3674493158,190666000.0,157792000.0,123389000.0,27775000.0,32874000.0,23886000.0,11924000.0,214877160.0,204271160.0,8.356741870564559,4.442448244824482,0.009278004468547093,0.011210961265463395,0.006793528791917188,8.356741870564559,-7.604948286351652e-05,6.378258778829885,-4476.6075,1.3617747414317585,0.0,0.8921544000669849,0.0,0.17669117724187847,3.421710171017102,-6.2937282997493e-05,-24.159788621542614,0.3674493158004096,-1.02,0.9972668958184012,-0.2551097986111707,0.30958844934189333,-0.017149662564509727,-1.0203045685279188,0.8004369992716679,0.9982072524202705,-0.14474413843453046,0.032481150920347514,Communication Equipment,Technology,KVHI
2022Q4,2022,Q4,2023-03-16,2022-12-31,591000.0,36005000.0,-2746000.0,0.03,12595000.0,0.349812526,200530000.0,156656000.0,131203000.0,38868000.0,43874000.0,22730000.0,11936000.0,192187100.0,173299100.0,8.330550385535762,3.3756046104764845,0.010811349922704832,0.013839240118476152,-0.0202548884416617,8.330550385535762,0.003772597283219283,5.337789195945008,81.29741962774959,1.2268096976815444,0.0,1.0299164100307963,0.0,0.1795491946342193,2.6799166409385613,0.0029471899466414005,27.6170570484265,0.3498125260380503,6.88235294117647,1.3122637533265427,-0.17761105471055078,0.3199268873765176,-0.03434792609062332,7.221052631578948,-210.23076923076923,1.1583391445958922,-0.2090054501647164,-0.02536520567920613,Communication Equipment,Technology,KVHI
2022Q3,2022,Q3,2022-12-06,2022-09-30,-95000.0,35169000.0,-13000.0,-0.0051,13043000.0,0.370866388,194272000.0,154588000.0,125920000.0,34693000.0,39684000.0,23878000.0,11345000.0,172469320.0,159502320.0,8.264086389393777,3.629550629810048,0.007386550815351672,0.00928273863430538,-0.0005602401003079279,8.264086389393777,-0.0006145367040132481,4.904015468167989,-453.86663157894736,1.1156708153284862,0.0,0.9266270206884999,0.0,0.18102969033108218,2.842533075836624,-0.0004890051062427936,-139.65127125506072,0.3708663880121698,0.9344473007712081,0.9656935165415685,-0.2345306721916661,0.28725280191928604,-0.14751633986928103,0.9342105263157895,0.9892384105960265,0.9795161423866324,-0.16203884306408078,-0.04530941056018537,Communication Equipment,Technology,KVHI
2022Q2,2022,Q2,2022-08-09,2022-06-30,-1444000.0,41837000.0,-1208000.0,-0.0778,15300000.0,0.365704998,162316000.0,124028000.0,85014000.0,33061000.0,38288000.0,30981000.0,-18301000.0,161506800.0,153218800.0,6.6811032105149755,2.5714285714285716,0.012980852164912886,0.01698809946141194,-0.011250648184549865,6.6811032105149755,-0.011642532331409036,3.8603819585534334,-27.96170360110803,1.302180152868707,0.0,0.8565572447629192,0.0,0.2577503142019271,1.517951665103899,-0.008896227112545898,-47.85386666666667,0.3657049979683056,0.6888000000000001,0.36858269771573293,-0.08369201319583283,0.04305427464951576,-0.004748585181812268,0.6922421142369991,0.7434154630416313,-1.028793427990677,0.0030767690319110927,-0.2423692474790059,Communication Equipment,Technology,KVHI
2022Q1,2022,Q1,2022-05-10,2022-03-31,-4692000.0,41094000.0,-4708000.0,-0.25,15373000.0,0.3740935416,162087000.0,125035000.0,82151000.0,31458000.0,37052000.0,25665000.0,-16857000.0,167885900.0,162361900.0,6.777332104721123,2.611450187551656,0.015497849920104636,0.020090374695085376,-0.03892860437498475,6.777332104721123,-0.03752549286199864,4.085411495595464,-8.94532715260017,1.3427112408525612,0.0,1.002181959867524,0.0,0.2535305113920302,1.6604679254879522,-0.028947417127838753,-21.254070135460186,0.3740935416362486,-0.13636363636363635,0.15342029228491416,-0.09924234437584264,0.06114425122159706,0.13036764705882353,-0.15,-0.14133333333333334,0.28786343558252386,-0.035846871768447024,0.226609344085492,Communication Equipment,Technology,KVHI
2021Q4,2021,Q4,2022-03-11,2021-12-31,-4080000.0,43128000.0,-4125000.0,-0.22,13600000.0,0.3153403821,168794000.0,128977000.0,87830000.0,33882000.0,39817000.0,24640000.0,-12165000.0,169169520.0,160929520.0,7.006573229030856,2.592231863526356,0.018578859438131687,0.02431441264721617,-0.03013735753403613,7.006573229030856,-0.031633547066531244,3.9224986087924316,-10.365779411764706,1.3116254836133574,0.0,1.1983766233766233,0.0,0.25550671232389777,1.7531727761053066,-0.02417147528940602,-67.10413328044427,0.31534038211834536,-2.0,0.47910846215930963,-0.1498274634500603,0.04872944962517958,-0.10532201828827051,-2.01543056246889,-0.2774852895633323,-1.0936847483387884,-0.07833979998877735,0.2117784439014226,Communication Equipment,Technology,KVHI
2021Q3,2021,Q3,2021-11-04,2021-09-30,4018000.0,42984000.0,-3229000.0,0.22,15201000.0,0.353643216080402,170387000.0,131970000.0,89527000.0,31994000.0,38417000.0,24639000.0,-8085000.0,176623830.0,170455830.0,7.1953546698653295,2.7982434206413704,0.021785699613233404,0.02812760475865727,-0.02307267788200485,7.1953546698653295,0.030446313556111236,4.109059882747069,10.989536460925835,1.3383634917026597,0.0,1.1276025812735906,0.0,0.2522727672885842,1.877226980058761,0.02358161127316051,-23.136472360492533,0.353643216080402,1.7096774193548387,0.21243319141890746,-0.19001941301899514,0.01750479472388102,-0.0093841642228739,1.7082672307421118,0.4434677697345743,4.207333863574659,-0.0743427358690556,0.21570584946078136,Communication Equipment,Technology,KVHI
2021Q2,2021,Q2,2021-07-30,2021-06-30,-5673000.0,43363000.0,-5802000.0,-0.31,15345000.0,0.35387311763484997,176552000.0,126876000.0,94939000.0,42701000.0,49676000.0,22300000.0,-12103000.0,223540200.0,225863200.0,6.981181908220535,2.2233437156038502,0.06539716344193212,0.09100223840600272,-0.04112726974003761,6.981181908220535,-0.044712948075286106,5.155090745566497,-9.851057641459546,1.7618793152369243,0.0,1.2564125560538117,0.0,0.24561035842131496,1.6044589119692747,-0.03213217635597444,-40.23401727861771,0.35387311763484997,-0.40909090909090906,-5.128736318155268,-0.17856008360321218,0.002133521684929136,-0.019426161416064923,-0.4083912611717974,-0.6085389520377045,-2.983795757417686,-0.057524766530876806,0.1681762152756487,Communication Equipment,Technology,KVHI
2021Q1,2021,Q1,2021-05-05,2021-03-31,-4028000.0,42292000.0,-3607000.0,-0.22,15649000.0,0.3700226993284782,178255000.0,130569000.0,97636000.0,39799000.0,47686000.0,22773000.0,-6430000.0,227453840.0,225884840.0,7.278905117627383,2.4532274680268347,0.06956326610754257,0.0949689436236779,-0.02340985046497512,7.278905117627383,-0.030849589106143112,5.378176487278918,-14.117045680238332,1.7420202345120204,0.0,1.1699380845738374,0.0,0.23725561695324116,1.7677831101283952,-0.022596841603321084,-1249.7463736263737,0.3700226993284782,0.6615384615384616,-0.2650014407282634,-0.08197754623528253,-0.003576402270167748,-0.08281561364435588,0.6538626793847212,0.6822026431718061,0.034308572693964326,-0.015679933755404607,0.14068020929027877,Communication Equipment,Technology,KVHI
2020Q4,2020,Q4,2021-03-03,2020-12-31,-11637000.0,44127000.0,-11350000.0,-0.65,17062000.0,0.38665669544723186,183591000.0,131884000.0,101060000.0,40788000.0,51707000.0,24674000.0,-2402000.0,201712200.0,203091200.0,7.420886788206167,2.477689516524468,0.07602224509916064,0.1058278487155379,-0.07260471549335633,7.420886788206167,-0.08823663219192623,4.57117411108845,-4.333423562773911,1.5294668041612325,0.0,1.0969036232471427,0.0,0.2403549193587921,1.7772874374816123,-0.06338546007157214,-50.077507447864946,0.38665669544723186,-20.666666666666668,-3.5024597103422184,-0.2796000210694367,-0.01581066687351701,0.07884919380335124,-20.670391061452513,-21.564612326043736,-5.5059715846819355,0.06648778207579055,0.1757960214654583,Communication Equipment,Technology,KVHI
2020Q3,2020,Q3,2020-10-29,2020-09-30,-537000.0,41112000.0,-503000.0,-0.03,15815000.0,0.3846808717649348,191226000.0,140452000.0,101526000.0,38733000.0,50774000.0,24663000.0,9235000.0,159684230.0,152358230.0,7.924843423799582,2.6211757416156765,0.056597952161316974,0.07705835445561474,-0.002694630330230109,7.924843423799582,-0.003823370261726426,3.8841270188752675,-74.34088919925513,1.1369309799789251,0.0,1.0257065239427483,0.0,0.21499168523108783,1.8968063408463067,-0.0028081955382636254,-49.63762200808206,0.3846808717649348,0.85,-0.02488596714327964,-0.18279645451552776,0.09470401379615485,0.21710020009235032,0.8488175675675675,0.8536088474970897,0.7953222771890662,-0.05554760816903056,0.23441072871044474,Communication Equipment,Technology,KVHI
2020Q2,2020,Q2,2020-07-31,2020-06-30,-3552000.0,36926000.0,-3436000.0,-0.2,12994000.0,0.3518929751394681,189984000.0,138988000.0,101402000.0,37257000.0,50996000.0,24454000.0,9772000.0,157596640.0,147222640.0,7.875566636446056,2.721689883780229,0.05826280107798552,0.07963996891817998,-0.023396050882397292,7.875566636446056,-0.025556163121996142,4.267904457563776,-11.092105855855856,1.1338866664748035,0.0,0.9786537989694938,0.0,0.19436373589354894,1.9824730923048017,-0.01869631126831733,-42.273776824034336,0.3518929751394681,0.4285714285714285,-86.01722574796011,-0.27095035903439446,0.06481448990886636,0.10709721393882593,0.4283875120695204,0.5507322175732218,-0.633797799951492,-0.14927486000469753,0.22953398362468758,Communication Equipment,Technology,KVHI
2020Q1,2020,Q1,2020-05-01,2020-03-31,-6214000.0,36568000.0,-7648000.0,-0.35,11737000.0,0.32096368409538395,189285000.0,141877000.0,100398000.0,36809000.0,47408000.0,25555000.0,13324000.0,165298470.0,151812470.0,8.09384448627988,2.7275394604580403,0.026711044192619594,0.03563650204049987,-0.053569461076782586,8.09384448627988,-0.04379850151892132,4.520303817545395,-6.650244206630189,1.1650829239411602,0.0,0.9716689493249854,0.0,0.1931901629817471,1.9403135102828113,-0.032828803127558974,-26.46045621898511,0.32096368409538395,-0.7499999999999998,-2.873554123971696,-0.21524054326380987,0.1320541139579516,-0.2604284814114682,-0.7840941716910709,-1.3001503759398496,-0.18004016505357726,-0.1563808230881547,0.26727396771873674,Communication Equipment,Technology,KVHI
2019Q4,2019,Q4,2020-02-28,2019-12-31,-3483000.0,42476000.0,-3325000.0,-0.2,15870000.0,0.37362275167153214,199391000.0,149989000.0,109274000.0,38390000.0,49402000.0,23465000.0,19538000.0,195309240.0,183257240.0,8.54735582402553,2.8464183381088826,0.03166140899037569,0.04208975324857156,-0.015770201045676422,8.54735582402553,-0.023221702924881158,4.598108108108108,-14.018751076658054,1.3021570915200449,0.0,1.1338589388450884,0.0,0.21302867230717534,2.1521489971346703,-0.017468190640500324,-32.94134592680047,0.37362275167153214,0.19999999999999996,-4.207238791019015,-0.25704325705215175,0.13534467269534245,0.1791366371944424,0.19820441988950277,0.31556195965417866,0.5335344304122378,-0.12164445985648362,0.27935061492545654,Communication Equipment,Technology,KVHI
2019Q3,2019,Q3,2019-10-31,2019-09-30,-4344000.0,39311000.0,-4858000.0,-0.25,13459000.0,0.34237236396937243,204182000.0,151667000.0,115392000.0,41653000.0,52515000.0,25317000.0,23021000.0,186598650.0,184327650.0,8.656298156497916,2.770316663865748,0.03414600699376047,0.0459691297381764,-0.02553584509546626,8.656298156497916,-0.028641695292977377,4.746728651013711,-10.73887258287293,1.2303180652350216,0.0,1.0211320456610182,0.0,0.19252921413248963,2.087580726478285,-0.02127513688767864,-24.826856040447048,0.34237236396937243,-1.0925925925925926,-26.377631610279582,-0.21631950811568482,0.157077759963606,0.1654832005542085,-1.092080719009666,0.2890384896824235,-2.372150734621673,-0.22456393575738226,0.22409878079866385,Communication Equipment,Technology,KVHI
2019Q2,2019,Q2,2019-08-02,2019-06-30,47176000.0,39235000.0,-6833000.0,2.7,11548000.0,0.29432904294634893,220896000.0,153996000.0,126460000.0,50617000.0,66900000.0,24216000.0,25600000.0,185107800.0,179979800.0,8.81841607971139,2.49837011280795,0.04607598145733739,0.06609262578248785,-0.022622820657284715,8.81841607971139,0.3063456193667368,4.717925321779024,0.9809426403255893,1.202029922855139,0.0,1.143334985133796,0.0,0.17761752136752137,1.9518146077404825,0.21356656526148052,-20.08984154547428,0.29432904294634893,8.5,756.1520461443155,-0.15366659882370126,0.15066307650229036,-0.25119958500842954,8.634892377407347,-0.17224223709041,54.04090648089851,-0.2264973446795893,0.2658645022898056,Communication Equipment,Technology,KVHI
2019Q1,2019,Q1,2019-05-02,2019-03-31,-6179000.0,39972000.0,-5829000.0,-0.36,15422000.0,0.38582007405183627,197509000.0,95598000.0,77176000.0,65357000.0,101911000.0,26062000.0,-21576000.0,178556640.0,203052640.0,5.525257195699919,1.180837553743287,0.19621890648021104,0.40539551036632565,-0.04076711774490393,5.525257195699919,-0.06463524341513421,4.4670429300510355,-7.224334034633436,1.867786355363083,0.0,0.9419844985035685,0.0,0.2023806510083085,0.7159753354652141,-0.031284650319732266,-43.27596703829375,0.38582007405183627,-2.272727272727273,-3.8697023172136737,-0.043479613767758815,-0.27215567604840757,-0.09944525547445256,-2.3913282107574094,-2.105487480021311,-1.0118586539515668,-0.10044303426774048,-0.24363670574723503,Communication Equipment,Technology,KVHI
2018Q4,2018,Q4,2019-03-01,2018-12-31,-1822000.0,43751000.0,-1877000.0,-0.11,17125000.0,0.3914196246942927,187652000.0,99515000.0,77740000.0,56010000.0,88137000.0,22942000.0,-15397000.0,177101190.0,188416190.0,5.782057986171634,1.3879664345652563,0.1564864749642956,0.2950811435461991,-0.013784670326569767,5.782057986171634,-0.01830879766869316,4.04793467577884,-24.30038282107574,1.7796431693714514,0.0,1.1605788510156045,0.0,0.23314966000895274,0.9159792894126049,-0.009709462195979792,-171.4435527589545,0.3914196246942927,-0.5714285714285713,-3.4215733327602686,-0.004997557725056998,-0.2431549365984651,-0.06797648851638184,-0.5519591141396933,-1.0402173913043478,-1.4045802070719957,-0.26245678395764854,-0.23315906091534647,Communication Equipment,Technology,KVHI
2018Q3,2018,Q3,2018-10-31,2018-09-30,-1174000.0,43517000.0,-920000.0,-0.07,18374000.0,0.4222257968150378,204472000.0,101730000.0,94084000.0,69112000.0,102742000.0,24676000.0,-13575000.0,220522040.0,230565040.0,5.918664184314638,1.3613265424238916,0.21001897570327477,0.42212719944952326,-0.007369855819928564,5.918664184314638,-0.01154035191192372,5.067491784819726,-46.95954855195911,2.1677188636587044,0.0,1.0189252715188848,0.0,0.21282620603309987,0.9501533742331288,-0.005741617434171916,-207.0629483568075,0.4222257968150378,0.12499999999999993,-1.7490712168394273,-0.04307407905154855,-0.22168654530243193,0.03224719101123596,0.12583767684288905,0.22493681550126368,-1.3103684774801447,-0.10806649545354818,-0.18242101548369513,Communication Equipment,Technology,KVHI
2018Q2,2018,Q2,2018-08-02,2018-06-30,-1343000.0,43392000.0,-1187000.0,-0.08,17800000.0,0.41021386430678464,203627000.0,102431000.0,94379000.0,49454000.0,101196000.0,22912000.0,-12401000.0,229676000.0,238704000.0,5.976137689614935,1.9084199458082258,0.21394510551154808,0.42531069695697593,-0.010768316691608585,5.976137689614935,-0.013111265144341069,5.293049410029498,-42.75428145941922,2.242250881080923,0.0,1.1169692737430168,0.0,0.21309551287402947,1.3776034294495896,-0.006595392555996994,-53.75052656213433,0.41021386430678464,0.6521739130434784,-1.7661857133380972,-0.1128744760004158,-0.18609375038057585,0.0252275083515724,0.6550218340611353,0.6267295597484277,-34.097459711753764,-0.11789724103870541,-0.1919974397595759,Communication Equipment,Technology,KVHI
2018Q1,2018,Q1,2018-05-04,2018-03-31,-3893000.0,40101000.0,-3180000.0,-0.23,17362000.0,0.43295678412009675,211352000.0,106834000.0,100701000.0,49373000.0,104518000.0,23327000.0,-11058000.0,173279700.0,179696700.0,6.381196989606977,2.039596540619367,0.20905882130285022,0.41358556264859503,-0.022065873058658123,6.381196989606977,-0.036439710204616504,4.321081768534451,-11.127645774466991,1.6219527491248102,0.0,0.9747931581429246,0.0,0.1897356069495439,1.4776294735989306,-0.01841950868692986,-39.50745554035568,0.43295678412009675,-1.285258160237389,-2.775535770370904,-0.10080507935224522,-0.1204641770219317,-0.03329621380846325,-1.3103857566765578,-1.8266666666666667,-1.5408123215555143,-0.09896770820561193,-0.10748713836718032,Communication Equipment,Technology,KVHI
2017Q4,2017,Q4,2018-03-02,2017-12-31,-1685000.0,38978000.0,-1125000.0,-0.10064508421932863,17960000.0,0.46077274359895326,196239000.0,105665000.0,97779000.0,43349000.0,90574000.0,22732000.0,-4417000.0,173279700.0,185737700.0,6.311372595866683,2.2556229670811323,0.23977904494009855,0.44531301755548197,-0.008942725288933116,6.311372595866683,-0.015946623763781764,4.445576992149418,-25.709154302670623,1.639896843798798,0.0,0.9245996832658807,0.0,0.19862514586804866,1.6431982283328335,-0.008586468540911846,-388.5195067264574,0.46077274359895326,0.32903277187114244,-1.543041072847149,-0.12397997003584262,-0.11160162345358408,0.02640301748771288,0.3088597210828548,0.3753470294280955,-2.626290087385394,-0.2854053574026547,-0.16166082217250513,Communication Equipment,Technology,KVHI
2017Q3,2017,Q3,2017-11-02,2017-09-30,-2438000.0,40450000.0,-1801000.0,-0.15,17498000.0,0.4325834363411619,197680000.0,105730000.0,99440000.0,43325000.0,91950000.0,21650000.0,-2732000.0,196804550.0,209101550.0,6.4199404942619465,2.295210617426428,0.24115742614326183,0.4508843280052965,-0.013282172546294284,6.4199404942619465,-0.02305873451243734,4.8653782447466005,-20.180942370795734,1.8613879693559066,0.0,1.0601385681293303,0.0,0.20462363415621207,1.678799769186382,-0.012333063537029542,-242.6689889025894,0.4325834363411619,-0.25,-2.259448741153171,-0.06074644531998664,-0.055846212130870716,-0.031118493909191584,-0.2033563672260612,-0.3165204678362573,-16.152581671605372,-0.14210303693328288,-0.14185368480819996,Communication Equipment,Technology,KVHI
2017Q2,2017,Q2,2017-08-04,2017-06-30,-2026000.0,40449000.0,-1368000.0,-0.12,18060000.0,0.44648817028851145,196533000.0,105342000.0,99545000.0,42041000.0,91191000.0,23412000.0,-294000.0,156237000.0,174098000.0,6.405326523166727,2.3678076163744914,0.24571954837101148,0.45843063545404494,-0.010802436679942119,6.405326523166727,-0.01923259478650491,3.86256767781651,-19.27899802566634,1.4831406276698753,0.0,0.9563044592516659,0.0,0.20581276426859613,1.6952498751219047,-0.010308701337688835,-66.91092077087795,0.44648817028851145,0.6,-5.0182581619046776,0.13500198640493916,-0.0336419776770312,0.10095098756400878,0.5852610030706243,0.6939597315436241,-35.52709141764231,-0.07352398341896765,-0.164206740016971,Communication Equipment,Technology,KVHI
2017Q1,2017,Q1,2017-05-09,2017-03-31,-4885000.0,40211000.0,-4470000.0,-0.3,16404000.0,0.4079480739101241,191028000.0,103856000.0,99798000.0,37557000.0,87172000.0,21755000.0,1732000.0,136592400.0,156117400.0,6.38681507902343,2.6572409936895918,0.2560357643905605,0.47094053304575567,-0.030251267162621782,6.38681507902343,-0.047036281004467724,3.396891397876203,-6.990399181166837,1.3152095208750578,0.0,1.0943231441048036,0.0,0.21049793747513454,1.9461085816226003,-0.02557216743095253,60.76174377224199,0.4079480739101241,0.3023255813953489,-2.190921949337791,0.3512407142497293,-0.03578178611822087,-0.1418706842435656,0.2798171900339083,-15.67910447761194,-3.0963574325165353,0.023840449031799868,-0.15866231403427433,Communication Equipment,Technology,KVHI
2016Q4,2016,Q4,2017-03-09,2016-12-31,-6783000.0,43930000.0,-268000.0,-0.43,19116000.0,0.4351468244935124,199757000.0,106502000.0,108832000.0,39643000.0,93255000.0,20745000.0,6617000.0,188103800.0,219734800.0,6.681011228906593,2.7453018187321847,0.29061810099270613,0.5450883551482602,-0.055512712906698736,6.681011228906593,-0.0636889448085482,4.281898474846346,-6.932913165266107,1.766199695780361,0.0,1.1961436490720656,0.0,0.21991719939726767,2.1009005372953613,-0.03395625685207527,-169.4628828828829,0.4351468244935124,-3.388888888888889,-4.8752390591424355,0.26040271913974666,0.00939199680214369,-0.10122713808829752,-3.36919315403423,-1.0889478924659808,-16.77218476006988,0.07866828265265964,-0.1254860502573174,Communication Equipment,Technology,KVHI
2016Q3,2016,Q3,2016-11-03,2016-09-30,2863000.0,45846000.0,3013000.0,0.18,21269000.0,0.4639226977271736,213696000.0,112049000.0,114214000.0,44235000.0,101647000.0,21139000.0,13400000.0,139594450.0,174517450.0,7.071568318081414,2.5819825929693683,0.28087563641808927,0.5356763558800168,0.018336408972093005,7.071568318081414,0.02555132129693259,3.0448556035422936,12.189525847013623,1.245833965497238,0.0,1.1626377785136477,0.0,0.21453840970350405,1.9350740363965186,0.013397536687631027,17.77367583396995,0.4639226977271736,4.6,3.4801568318081415,0.6800743177834322,0.09727799021764544,0.07865909321432193,4.552109181141439,5.3477633477633475,0.9815701986733858,0.09358846890721938,-0.07007787629479278,Communication Equipment,Technology,KVHI
2016Q2,2016,Q2,2016-08-05,2016-06-30,-806000.0,45966000.0,-693000.0,-0.05,19718000.0,0.42896923813253274,209172000.0,110242000.0,107328000.0,39324000.0,98930000.0,21700000.0,10537000.0,121852500.0,158647500.0,6.966319115323855,2.729325602685383,0.2944036486719064,0.5585983563433174,-0.004146397330808033,6.966319115323855,-0.007311188113423196,2.6509267719618848,-37.795440446650126,1.1053182997405708,0.0,1.2095852534562213,0.0,0.21975216568183123,2.0352202217475335,-0.0038532882030099633,-117.39161849710983,0.42896923813253274,0.7222222222222223,-4.994414567223746,0.4157434396185712,0.06399131974991037,0.17937675698307315,0.7112146184163383,0.7946058091286307,-1.4980353592874258,0.017839307122324115,-0.05123828143078177,Communication Equipment,Technology,KVHI
2016Q1,2016,Q1,2016-05-10,2016-03-31,-2791000.0,40380000.0,-3374000.0,-0.18,16719000.0,0.4140416047548291,218021000.0,114857000.0,111500000.0,40842000.0,103164000.0,23154000.0,11343000.0,150154650.0,185094650.0,7.305030846530561,2.730032809362911,0.2895959563528284,0.549709638942337,-0.014217965034830365,7.305030846530561,-0.024299781467389883,3.718540118870728,-13.44989699032605,1.3073182304953117,0.0,1.0218968644726614,0.0,0.1852115163218222,2.0209833015033545,-0.012801519119717825,20.395904645476772,0.4140416047548291,-1.6923076923076923,-0.7066017686742803,0.5517224438150621,0.12001866019994495,-0.3565408151483662,-1.6805657156791027,-1.6528637770897834,-2.355429027286554,-0.035867150929572704,0.006870079069468563,Communication Equipment,Technology,KVHI
2015Q4,2015,Q4,2016-03-14,2015-12-31,4101000.0,54019000.0,5168000.0,0.26,25983000.0,0.4809974268313001,226277000.0,118176000.0,115093000.0,43559000.0,108101000.0,21589000.0,14134000.0,147639660.0,189612660.0,7.540100810310726,2.6422323744805896,0.28589737357309847,0.5474207961007311,0.024934946445386134,7.540100810310726,0.034702477660438664,2.733106129324867,9.000223116313094,1.2493201665312752,0.0,1.2986242994117374,0.0,0.23872952178082615,2.0485548336738675,0.01812380401012918,-48.13813498532768,0.4809974268313001,9.666666666666668,14.7372572858069,0.8824997012423709,0.1547074829670609,0.3171955794383048,9.857451403887689,24.0873786407767,0.41181485346495167,0.2968693588766639,0.06135602313564648,Communication Equipment,Technology,KVHI
2015Q3,2015,Q3,2015-11-09,2015-09-30,-463000.0,44455000.0,206000.0,-0.03,19726000.0,0.44372961421662355,231092000.0,113374000.0,117534000.0,50841000.0,117718000.0,21193000.0,10034000.0,156610000.0,199225000.0,7.2392567524423725,2.311795598040951,0.28663043290118223,0.5842433009331945,0.0012951766490695662,7.2392567524423725,-0.004083828743803694,3.522888314025419,-84.56263498920087,1.3813572776827139,0.0,1.1668475440003774,0.0,0.1923692728437159,1.737574005231998,-0.0020035310612223703,35.93620927030748,0.44372961421662355,-13.79317697228145,-1.6721722820950202,0.4807892829954184,0.11270939598012093,0.030347349177330896,-13.513513513513514,1.7984496124031009,-1.2515217386133752,0.08550711894841424,0.06464720199270386,Communication Equipment,Technology,KVHI
2015Q2,2015,Q2,2015-08-10,2015-06-30,37000.0,44855000.0,-258000.0,0.002345,19145000.0,0.42681975253594917,231449000.0,115595000.0,112956000.0,47524000.0,115854000.0,19577000.0,10496000.0,210210050.0,257531050.0,7.396186576236484,2.376820132985439,0.29288093705308726,0.5864180976685843,-0.00036402288531723264,7.396186576236484,0.00032008304857476534,4.686435180024524,1420.3381756756758,1.8185046931095634,0.0,1.3132757828063544,0.0,0.19380079412743195,1.808875515528996,0.00015986243189644372,-402.70124521072796,0.42681975253594917,1.0260555555555555,-0.9936088367388467,0.3984574188421943,0.16157902992031048,0.09026195899772209,1.0260196905766525,0.8647798742138365,-0.9227801038342573,0.3244293248679362,0.11584697621472619,Communication Equipment,Technology,KVHI
2015Q1,2015,Q1,2015-05-11,2015-03-31,-1422000.0,41305000.0,-1908000.0,-0.09,17560000.0,0.42513012952427065,225121000.0,111092000.0,108862000.0,44347000.0,114029000.0,18648000.0,10459000.0,234934560.0,285888560.0,7.149697515767795,2.454777098789095,0.3079810413066751,0.624104345947503,-0.008768334887944765,7.149697515767795,-0.012800201634681166,5.687799540007263,-41.303544303797466,2.114774781262377,0.0,1.2733268983268984,0.0,0.18347910679145882,1.8763388729790065,-0.006316603071237246,121.47598759048604,0.42513012952427065,-2.5,-1.6299917125388625,0.35110602747685127,0.19807472510662624,-0.2218726458988789,-2.4843423799582465,-1.786479802143446,0.027917012836564926,0.452588521718621,0.0793906639148722,Communication Equipment,Technology,KVHI
2014Q4,2014,Q4,2015-03-17,2014-12-31,958000.0,50434000.0,2426000.0,0.06,22567000.0,0.4474560812150533,235837000.0,116540000.0,112887000.0,47687000.0,119297000.0,17424000.0,11881000.0,195822000.0,241408000.0,7.528423772609819,2.367248935768658,0.30052536285654924,0.6081602883130256,0.005667671111452303,7.528423772609819,0.008220353526686116,3.882737835587104,51.1017745302714,1.680298609919341,0.0,1.5993457300275482,0.0,0.21385109206782651,1.8818126533436785,0.004062127655965773,-104.60576923076923,0.4474560812150533,4.999999999999999,-0.5234269470990632,0.7628186868190119,0.31211808991971784,0.2002446548239549,5.344370860927152,3.701550387596899,-0.43637948004573673,0.4901025149536336,0.13742223209090731,Communication Equipment,Technology,KVHI
2014Q3,2014,Q3,2014-11-10,2014-09-30,151000.0,44250000.0,516000.0,0.01,18802000.0,0.4249039548022599,235832000.0,115629000.0,111703000.0,45970000.0,120203000.0,20591000.0,10924000.0,174961920.0,220235920.0,7.481172360248447,2.4299108113987384,0.3018971131992266,0.6157365366819743,0.012637913936448402,7.481172360248447,0.0013059007688382672,3.953941694915254,289.67205298013243,1.5131318267908571,0.0,1.2358797532902726,0.0,0.1876335696597578,1.8125081574940178,0.0006402863055056142,22.692856031128404,0.4249039548022599,1.8224668360146767,-0.645297585437337,0.767369009878692,0.3445948059912667,0.07532170431798685,1.7454545454545454,-0.2344213649851632,-0.7577610636645963,0.6623997025683268,0.16083524936550106,Communication Equipment,Technology,KVHI
2014Q2,2014,Q2,2014-08-07,2014-06-30,55000.0,40922000.0,674000.0,0.003543,17485000.0,0.42727628170666143,186787000.0,118137000.0,112159000.0,31447000.0,68650000.0,20111000.0,10612000.0,200857450.0,225232450.0,7.663769056114175,3.5666041275797373,0.20202690765417294,0.31942575145805296,0.00035390151261726217,7.663769056114175,0.0004655611705054301,4.908299936464493,912.988409090909,1.7002078095770163,0.0,1.1653821291830342,0.0,0.21908376921306086,2.7023245460616274,0.0002944530400937967,265.68445767195766,0.42727628170666143,1.0506142857142857,-0.7392965646774323,0.6951323058628315,0.3906948685069098,0.1981772082505311,1.0489759572573465,1.397874852420307,-0.720178568380081,0.2939124324709256,0.17051539231624316,Communication Equipment,Technology,KVHI
2014Q1,2014,Q1,2014-05-09,2014-03-31,-1123000.0,36985000.0,-1694000.0,-0.07,14593000.0,0.3945653643368933,182983000.0,116245000.0,108439000.0,29399000.0,66738000.0,18704000.0,10717000.0,201519080.0,227288080.0,7.591262326128127,3.688526820640158,0.2079537443369056,0.3273431115316788,-0.007863024371365428,7.591262326128127,-0.009660630564755473,5.448670542111667,-44.861772039180764,1.7335720246032087,0.0,1.1971770744225834,0.0,0.20212260155314973,2.785162760638117,-0.006137182142603411,-150.16324888226526,0.3945653643368933,-2.5,0.5981556385883601,0.8517275496093689,0.39623740041457634,-0.05178687459389214,-2.0767123287671234,-1.396039603960396,0.294938106376709,0.4593131033153027,0.16390411462457227,Communication Equipment,Technology,KVHI
2013Q4,2013,Q4,2014-03-17,2013-12-31,-365000.0,38948000.0,-707000.0,-0.02,15390000.0,0.39514224093663347,183849000.0,116467000.0,108392000.0,29459000.0,67382000.0,18255000.0,11840000.0,198642350.0,227650350.0,7.639685142669728,3.6794188533215655,0.20868212500475933,0.32941519915512546,-0.0027548209366391185,7.639685142669728,-0.003133934934359089,5.100193848207867,-136.05640410958904,1.7055676715292742,0.0,1.2904957545877842,0.0,0.2118477663734913,2.8274211616144473,-0.001985324913380002,-82.52694225176569,0.39514224093663347,-1.2222222222222223,-2.095088683737809,0.6872100438604868,0.353746330605548,-0.0687965147939735,-1.2633477633477634,-1.340722891566265,-2.4399812764073943,0.39539846824758745,0.16995804481684065,Communication Equipment,Technology,KVHI
2013Q3,2013,Q3,2013-11-08,2013-09-30,1386000.0,40216000.0,2075000.0,0.09,16527000.0,0.41095583847224987,181027000.0,115588000.0,106044000.0,27911000.0,65439000.0,18133000.0,12205000.0,209760000.0,237998000.0,7.604473684210526,3.7993622586077174,0.20688074154684108,0.3240042218915458,0.008181222741578648,7.604473684210526,0.01199086410354016,5.215834493733837,37.83549783549784,1.8147212513409698,0.0,1.3064026912259417,0.0,0.2221547062040469,2.98477302855505,0.0076563164610803916,58.008849557522126,0.41095583847224987,-0.10000000000000009,2.6003278130671506,1.3954984618471211,0.37701848124122245,-0.08320852055250458,-0.10465116279069768,-0.09782608695652174,1.0731882591093118,0.380217157633124,0.1688450360667018,Communication Equipment,Technology,KVHI
2013Q2,2013,Q2,2013-08-09,2013-06-30,1548000.0,43197000.0,2300000.0,0.1,18027000.0,0.41732064726717133,178055000.0,111144000.0,104233000.0,28928000.0,66911000.0,17355000.0,10819000.0,204954980.0,232818980.0,7.342538151549184,3.6031872234513274,0.2121816292718542,0.33991938386237674,0.010079045717174434,7.342538151549184,0.013927877348304902,4.744657730860939,33.099964470284235,1.8440489815014756,0.0,1.4503025064822819,0.0,0.2426048131195417,2.810598727876106,0.008693942882817107,23.45559395742733,0.41732064726717133,-0.23076923076923075,-0.25449962919315405,0.8495891560642095,0.3085792180924408,0.14319233940008877,-0.21141110545084055,-0.08073541167066348,-0.7239164541117994,0.39053957312490595,0.1531534873163358,Communication Equipment,Technology,KVHI
2013Q1,2013,Q1,2013-04-02,2013-03-31,1963000.0,39927000.0,2502000.0,0.13,15769000.0,0.39494577604127534,145303000.0,108748000.0,96050000.0,21237000.0,36555000.0,16918000.0,9270000.0,199053920.0,207631920.0,7.255187137233972,4.522766869143476,0.10396894764733006,0.1389174973332843,0.015146923049665105,7.255187137233972,0.018050906683341302,4.985446439752549,25.35072847682119,1.8304145363592892,0.0,1.4279465657879182,0.0,0.274784416013434,3.495644394217639,0.013509700419124176,125.3488161209068,0.39494577604127534,-0.27777777777777773,0.21519474812838718,0.6892431876230266,0.3282283644888729,-0.07733747998040578,-0.28815298727342287,-0.3711806196962214,-0.09847453799130007,0.35386681178948953,0.21575161968307036,Communication Equipment,Technology,KVHI
2012Q4,2012,Q4,2013-04-02,2012-12-31,2757615.0,39543210.0,3978885.0,0.18,17090756.0,0.4322045681167513,137567807.0,105703607.0,86551849.0,21310349.0,31864200.0,16203380.0,7307480.0,208008420.0,209582943.0,7.10421446333759,4.061493737150903,0.07670892798341984,0.09983272377829075,0.02337767532450913,7.10421446333759,0.026088182591536353,5.26028160081086,18.85763785009873,1.9678459979137704,0.0,1.3856648427673732,0.0,0.28744523055455845,3.094209954046271,0.02004549654556898,47.46979571241862,0.4322045681167513,0.5,1.8287512958682197,0.9786232796616636,0.29030935777950834,0.10334125242091673,0.580295128939828,0.26675740210124166,0.42723280171837447,0.43798172003315317,0.23818326299970202,Communication Equipment,Technology,KVHI
2012Q3,2012,Q3,2012-11-08,2012-09-30,1745000.0,38822000.0,3141000.0,0.12,15490000.0,0.39900056668899075,134101000.0,100948000.0,82572000.0,22571000.0,33153000.0,17842000.0,4549000.0,204577880.0,206542880.0,6.799676680587363,3.658322626378982,0.07894050007084212,0.10486587153782145,0.01519084053880729,6.799676680587363,0.01728612751119388,5.269637834217711,29.30915186246418,2.026566945358006,0.0,1.30770093038897,0.0,0.2894982140327067,2.725311240086837,0.01301258007024556,105.94400828586225,0.39900056668899075,3.0,89.18444362117742,1.233734594905664,0.267238192493304,0.24407678098144728,2.8520971302428255,2.3883495145631066,3.2674680835801677,0.6142824252708945,0.2221092506461215,Communication Equipment,Technology,KVHI
2012Q2,2012,Q2,2012-08-08,2012-06-30,453000.0,32019000.0,927000.0,0.03,12451000.0,0.3888628626752865,126664000.0,97940000.0,74422000.0,18111000.0,28724000.0,17159000.0,2805000.0,184700000.0,187077000.0,6.628316188413644,4.109215393959472,0.08383597549422094,0.10842352460690219,0.00390730135016652,6.628316188413644,0.004625280784153563,5.768449982822699,101.93156732891832,1.8858484786604044,0.0,1.1403927967830294,0.0,0.25278690077685845,2.9423002595107945,0.003576391081917514,-291.7851500789889,0.3888628626752865,1.3333333333333333,-0.6932992154301031,0.3997105168153802,0.22854774899980593,0.2522377552046666,1.3294545454545454,1.6276235612728505,1.2401077734659571,0.3836975134185386,0.20279789781948312,Communication Equipment,Technology,KVHI
2012Q1,2012,Q1,2012-05-09,2012-03-31,-1375000.0,26728000.0,-1477000.0,-0.09,9943000.0,0.37200688416641725,122053000.0,96741000.0,71214000.0,14655000.0,25312000.0,17522000.0,2352000.0,153352500.0,158454500.0,6.623827456350565,4.859365404298874,0.08727356148558413,0.11010843385948046,-0.013326767576914665,6.623827456350565,-0.014213208463836429,5.737522448368752,-27.882272727272728,1.5851862188730734,0.0,0.9579385914849903,0.0,0.21898683358868687,3.3895598771750257,-0.011265597732132763,53.3771319178559,0.37200688416641725,-1.8196619085597907,-25.623266485282016,0.33757452735067844,0.25198762211750825,-0.2624141127486413,-1.8574195475443815,-2.308619880035794,0.4841308679063601,0.40306130941982937,0.21830009702308784,Communication Equipment,Technology,KVHI
2011Q4,2011,Q4,2012-03-08,2011-12-31,1603649.0,31932864.0,1128670.0,0.10980136939404314,13480464.0,0.42215017105888153,128555714.0,96668261.0,78977116.0,19199608.0,31887453.0,18614726.0,3726865.0,113626900.0,110293238.0,6.618847038685382,4.1134754417902695,0.0286532265691434,0.038104916359258806,0.014978191373306724,6.618847038685382,0.016589198806421065,3.558305950884957,17.713804579431034,1.1754313031450934,0.0,0.9912796997387981,0.0,0.24839708019512846,2.9442745393551784,0.012474350226081744,-33.919581263987396,0.42215017105888153,1.7450342348510783,14.084584899244307,0.8705628934266638,0.2683840093306108,0.2947045716480983,1.6727483333333333,4.688464052287582,4.0221723406031415,0.4439352858009224,0.17285460383888684,Communication Equipment,Technology,KVHI
2011Q3,2011,Q3,2011-11-04,2011-09-30,600000.0,25621000.0,-306000.0,0.04,10412000.0,0.40638538698723703,121112000.0,95877000.0,75283000.0,15141000.0,25235000.0,19586000.0,2123000.0,117677070.0,116129070.0,6.44464609800363,4.972128657288158,0.030674086795693244,0.03874756198045412,-0.003251360790118923,6.44464609800363,0.006258018085672268,4.592992857421646,49.032112500000004,1.2273753872148692,0.0,0.7765240477892372,0.0,0.2115479886386155,3.445413116702992,0.004954092080058128,-29.07760563380282,0.40638538698723703,3.0,-0.04475484918826399,0.32366857961407997,0.23589900790392435,-0.13197165485619008,2.1578947368421053,-1.517766497461929,1.7078238600862046,0.5592700081370329,0.16699684298157214,Communication Equipment,Technology,KVHI
2011Q2,2011,Q2,2011-08-04,2011-06-30,190000.0,30572000.0,591000.0,0.01,11995000.0,0.39235247939290857,117631000.0,97562000.0,73747000.0,15071000.0,20069000.0,17294000.0,1523000.0,158397630.0,154219630.0,6.547345815717066,4.893305022891647,0.03184534688985047,0.03839609684098317,0.0018411995025334404,6.547345815717066,0.0019474795514647096,5.181134044223472,208.4179342105263,1.6235586601340686,0.0,1.0741875795073437,0.0,0.25989747600547475,3.515294273770818,0.0016152204775951918,-54.82784008307373,0.39235247939290857,1.0999999999999999,-0.8882752700046482,0.37970619441066544,0.27441057927965823,0.32118074677827957,1.1238591916558018,1.2922848664688427,-0.907048820603077,0.3297497925023506,0.166860898952792,Communication Equipment,Technology,KVHI
2011Q1,2011,Q1,2011-05-05,2011-03-31,-1534000.0,24409000.0,-2022000.0,-0.1,9079000.0,0.3719529681674792,115527000.0,96190000.0,74716000.0,14427000.0,19337000.0,17106000.0,1333000.0,222989760.0,221456760.0,6.522240303770003,5.178900672350454,0.032702312013641835,0.03927643206154486,-0.015521465117962308,6.522240303770003,-0.01594760370100842,9.135554918267852,-36.341225554106906,2.3182218525834286,0.0,0.896176780077166,0.0,0.21128394228189082,3.703819227836695,-0.01327828126758247,-116.68747252747252,0.3719529681674792,-7.014387550364583,-2.218059897506174,0.19792648587551867,0.301293410062939,-0.08962788452041519,-7.255811297978892,-68.93152106246109,-1.9651403541547332,0.04957871412337831,0.1940456403971689,Communication Equipment,Technology,KVHI
2010Q4,2010,Q4,2011-03-14,2010-12-31,245212.0,27001794.0,-28914.0,0.016626796853810685,9972845.0,0.3693400890326028,115197954.0,96302664.0,74520235.0,13949230.0,18895290.0,14765210.0,2867216.0,176238600.0,172804818.0,6.529879576891782,5.34224720647663,0.03305098630484357,0.03953583257052993,0.0010699900770000524,6.529879576891782,0.002546263933051738,6.526921877857449,179.6798280671419,1.830049062817203,0.0,1.1533157334030468,0.0,0.2343947358648401,4.020041106211598,0.002128614193963896,-247.91157037697656,0.3693400890326028,-0.5843300786547329,-0.7568082551810658,0.5091181333378763,0.3437114693420374,-0.13565219275437684,-0.6150518053375196,-1.0227848699763593,-0.7462281372328586,0.3630896740434014,0.18599526615056552,Communication Equipment,Technology,KVHI
2010Q3,2010,Q3,2010-11-05,2010-09-30,637000.0,27763000.0,1269000.0,0.04,11538000.0,0.41558909339768757,114926000.0,94226000.0,73650000.0,16219000.0,20700000.0,15193000.0,2622000.0,217389830.0,214018830.0,6.505972519505628,4.540970466736543,0.033386701007604894,0.04072124466707703,0.006526683134984993,6.505972519505628,0.006760342156092798,7.830199546158556,85.31782967032967,2.307110882346698,0.0,1.0679260185611794,0.0,0.24157283817412945,3.3550773783833776,0.005542697039834328,-65.75614942528736,0.41558909339768757,-0.888888888888889,-0.047522204995891056,0.6712229059938729,0.35301239431080916,0.0037407568508046976,-0.8803531179564238,-0.3462132921174652,33.99794586756887,0.6374610705626997,0.21250130606463485,Communication Equipment,Technology,KVHI
2010Q2,2010,Q2,2010-08-06,2010-06-30,5324000.0,29497000.0,1941000.0,0.36,11495000.0,0.38970064752347694,110895000.0,91518000.0,81026000.0,14808000.0,19377000.0,14196000.0,1985000.0,178512660.0,175349660.0,6.3673554581506995,5.471772015126958,0.0348798412913116,0.042264909635263005,0.05400674666500154,6.3673554581506995,0.05817434821565157,6.051892056819337,8.382450225394441,1.9505743132498523,0.0,1.2681036911806143,0.0,0.26599035123314846,4.309292274446245,0.04800937824067812,67.92719178082191,0.38970064752347694,1.5714285714285712,4.660917383025011,0.5876107902183073,0.3381674259062015,-0.026177566926465605,1.5769603097773475,-0.1771937261551505,2.705648216247495,0.32561608942741344,0.18017909719917186,Communication Equipment,Technology,KVHI
2010Q1,2010,Q1,2010-05-04,2010-03-31,2066000.0,27982000.0,2359000.0,0.14,11804000.0,0.42184261310842686,104109000.0,84872000.0,77541000.0,14632000.0,19237000.0,15176000.0,-3340000.0,187588180.0,186058180.0,5.96765574462101,5.299412247129579,0.03743192231219203,0.04591620322367801,0.022345587328858517,5.96765574462101,0.024342539353379208,6.7038874991065684,22.699440948693127,2.210248138373079,0.0,1.0660253031101738,0.0,0.2687759943904946,4.119054127938765,0.019844585962789,-4263.367727272727,0.42184261310842686,0.07810972885898776,6.007607417453938,0.5966198795614075,0.2736893682570749,0.16918135415250052,0.11867664776034546,0.5712378876808023,36.99392589193417,0.4380406613988657,0.12796282429741512,Communication Equipment,Technology,KVHI
2009Q4,2009,Q4,2010-03-09,2009-12-31,1846825.0,26284849.0,1501364.0,0.1298569118267473,10095953.0,0.3840978123937482,97746132.0,81600310.0,72126417.0,11436303.0,16145822.0,13386981.0,-5405996.0,209632280.0,207686171.0,5.73761144705386,6.306794861940961,0.04015158369642698,0.04809616532094057,0.02083240633185942,5.73761144705386,0.022632573332135624,7.9754036251073765,28.377388220324068,2.569013279483865,0.0,1.2093014847783827,0.0,0.26890935182990156,4.993489416990788,0.018894098029372662,-125.88440594832328,0.3840978123937482,3.3285637275582434,5.999307166731768,0.6760588165788645,0.22999063727940644,0.12980673679498658,3.796948051948052,2.2638347826086958,16.83982861064865,0.5811781964393209,0.09951092216822399,Communication Equipment,Technology,KVHI
2009Q3,2009,Q3,2009-11-05,2009-09-30,385000.0,22643000.0,460000.0,0.03,8936000.0,0.3946473523826348,94798000.0,77772000.0,69987000.0,13107000.0,17026000.0,14762000.0,-7253000.0,139640220.0,139490220.0,5.563886106739162,5.339665827420462,0.04169919196607523,0.050828061513140975,0.004524057525269008,5.563886106739162,0.004950367741603662,6.167037053393985,90.67546753246754,1.79550763771023,0.0,0.9285327191437475,0.0,0.23885525011076184,4.108110170138094,0.004061267115339986,-193.94475,0.3946473523826348,1.9999999999999996,1.2493045938313083,0.7012672975866745,0.19418952160020173,0.1487337704075074,1.0157068062827226,3.7422680412371134,-0.34762899892437094,0.2450519618427172,0.06699440354676324,Communication Equipment,Technology,KVHI
2009Q2,2009,Q2,2009-08-06,2009-06-30,191000.0,21856000.0,97000.0,0.01,7779000.0,0.3559205710102489,93495000.0,76908000.0,70444000.0,12638000.0,16587000.0,13848000.0,-7639000.0,95319480.0,94410480.0,5.5107480653482375,5.57398322519386,0.042579817102518853,0.051763145576533,0.001308812958851901,5.5107480653482375,0.0024834867634056274,4.36125,124.76371727748692,1.239396161647683,0.0,1.0165366839976893,0.0,0.23376651157815925,4.350213641398955,0.0020428899941173323,93.72613569321534,0.3559205710102489,1.0555555555555556,1.0398851965508733,0.5539324018889995,0.1561689534421099,0.4148781375045471,1.0746969104419242,1.0358860525342213,-0.8800822326872424,0.053144342734015554,0.07264162179518968,Communication Equipment,Technology,KVHI
2009Q1,2009,Q1,2009-05-06,2009-03-31,-2557000.0,18275000.0,-2703000.0,-0.18,5498000.0,0.30084815321477426,85887000.0,76177000.0,64698000.0,9710000.0,9710000.0,14408000.0,-7830000.0,69914890.0,66014890.0,5.436942402398116,6.66302780638517,0.0,0.0,-0.034829334862788115,5.436942402398116,-0.033566562085668904,3.8257121751025993,-6.83563648807196,0.9177952662877247,0.0,0.8867990005552471,0.0,0.21277958247464693,5.048197734294542,-0.029771676738039515,-24.574653778558876,0.30084815321477426,-9.232966731629924,-19.721201436036864,-0.04836539372871566,-0.031134192792892288,-0.3278969347430465,-9.347289008151419,-12.114126412394533,-3.1371647840606443,-0.05593572984568972,0.08475876226806431,Communication Equipment,Technology,KVHI
2008Q4,2008,Q4,2009-03-13,2008-12-31,306327.0,21215717.0,243204.0,0.021863321675826136,8180293.0,0.3855770229212616,93757547.0,79069192.0,72910802.0,14688355.0,14688355.0,15484211.0,-5272821.0,72576980.0,69623850.0,5.643365355791878,4.963850751156273,0.02161059098527823,0.025625100608085132,0.002319595325798818,5.643365355791878,0.003874163783031955,3.4209063026246063,59.231621763670844,0.9178920153882437,0.0,0.8418526458984574,0.0,0.22628276526901883,3.857723414228482,0.0032672249840324853,-11.343203383284786,0.3855770229212616,1.3643886945971022,1.176635962708093,0.27006338254207773,1.9250323237582259,0.26317063001852997,1.37725,1.2696274944567627,-0.6802162561658298,0.24810846125952682,0.1612855436263011,Communication Equipment,Technology,KVHI
2008Q3,2008,Q3,2008-11-05,2008-09-30,-812000.0,15740000.0,-902000.0,-0.06,6476000.0,0.41143583227445996,93517000.0,78700000.0,74694000.0,14817000.0,14817000.0,15215000.0,-5579000.0,130966690.0,125484690.0,5.522419479334784,5.0411014375379635,0.02202808045595988,0.026175349428208386,-0.012919007322177208,5.522419479334784,-0.010317662007623888,8.32062833545108,-40.32225677339901,1.6641256670902158,0.0,0.6088728228721656,0.0,0.16831164387223713,3.9528919484376055,-0.008682913267106516,-109.22993327773145,0.41143583227445996,-1.4285714285714286,-0.40415612559072384,-0.061161981084872696,1.352661531882939,-0.30552278820375334,-1.409274193548387,-1.4616171954964177,-2.233913305474737,-0.03708953864089704,0.14846811598447673,Communication Equipment,Technology,KVHI
2008Q2,2008,Q2,2008-08-08,2008-06-30,1984000.0,22315000.0,1954000.0,0.14,9325000.0,0.4178803495406677,93795000.0,81153000.0,77336000.0,12642000.0,12642000.0,11777000.0,-4766000.0,120476790.0,111586790.0,5.611076540136901,6.117386489479513,0.022325283863745403,0.02580311263908913,0.020799052060900703,5.611076540136901,0.02444764826931845,5.398915079542908,15.18104712701613,1.4845636020849506,0.0,1.1029973677507006,0.0,0.23791246868169946,5.117307388071508,0.021152513460205767,43.730232304900184,0.4178803495406677,0.2727272727272728,2.548562307153586,0.21521910250095372,1.356092122185705,-0.04270608767067036,0.2549019607843137,0.2398477157360406,1.0964257098815464,0.1935816250222546,0.17922737306367031,Communication Equipment,Technology,KVHI
2008Q1,2008,Q1,2008-05-07,2008-03-31,1581000.0,23133000.0,1576000.0,0.11,9741000.0,0.4210867591752043,92827000.0,80132000.0,77390000.0,12695000.0,12695000.0,10114000.0,-6750000.0,115599600.0,107736600.0,5.462304021813225,6.096100827097282,0.02290281922285542,0.026531223481255927,0.017074827371728347,5.462304021813225,0.01972994558977687,4.99717286992608,18.279506641366225,1.4426146857684818,0.0,1.3241052007118845,0.0,0.24920551132752325,5.216778259157149,0.017031682592349207,194.28504201680673,0.4210867591752043,0.6789105652654764,5.618158137516634,0.3507346195531135,1.3685246411164989,0.21458035070586806,0.6448891390498346,5.999311615926099,4.198785235309704,0.27963260815227803,0.1658310828405877,Communication Equipment,Technology,KVHI
2007Q4,2007,Q4,2008-03-13,2007-12-31,961159.0,19704489.0,225165.0,0.0655186775732788,8020054.0,0.40701659403600876,91570341.0,80770418.0,76461787.0,8765330.0,10799923.0,9313382.0,-8331148.0,118240200.0,108114259.0,5.505822631220178,8.723206884395681,0.023570579473980554,0.026722233875278445,0.003401973410088888,5.505822631220178,0.011899888892490317,6.00067324760363,30.754588990999412,1.4639047677083954,0.0,1.254585605959253,0.0,0.21518418283492033,7.544652397570885,0.010496400794226594,-65.88115336397827,0.40701659403600876,50.155387849352415,1.2181304254325287,0.16315715913171036,1.4328109070937947,0.14785372835265492,49.05795,1.2879347826086958,2.531466620007677,0.2180903584400012,0.18030130646076037,Communication Equipment,Technology,KVHI
2007Q3,2007,Q3,2007-11-09,2007-09-30,-20000.0,17566000.0,-782000.0,-0.0013328890369876708,6987000.0,0.3977570306273483,92242000.0,80513000.0,77367000.0,9654000.0,11729000.0,10061000.0,-9293000.0,134294750.0,120781750.0,5.365744751749417,8.013983840894966,0.023741896316211705,0.027200576304447728,-0.0020334454978749588,5.365744751749417,-0.00024840708953833543,7.645152567459865,-1678.6843749999998,1.6679883993889184,0.0,1.0514859357916708,0.0,0.19043385876281954,6.874559767971825,-0.0002168209709243078,41.33417974761465,0.3977570306273483,-1.0133288903698767,-1.0982834790115945,0.04086134114552812,1.3864871133338355,-0.2917384693360365,-1.0133244503664225,-1.6425636811832374,0.9879355206703427,0.22947726441881147,0.15166199221065885,Communication Equipment,Technology,KVHI
2007Q2,2007,Q2,2007-08-08,2007-06-30,1501000.0,23247000.0,1217000.0,0.1,9865000.0,0.4243558308598959,92398000.0,81015000.0,77827000.0,9230000.0,11383000.0,8703000.0,-9272000.0,131690320.0,120017320.0,5.395245071923282,8.43196099674973,0.0240373168250395,0.02741467629451336,0.011972851721252321,5.395245071923282,0.01852743319138431,5.664830730846991,21.933764157228513,1.6255054002345244,0.0,1.537630702056762,0.0,0.2515963548994567,7.372589382448537,0.016244940366674603,-248.0043691148776,0.4243558308598959,25.256140350877192,2.3545779246906706,0.3478131828219465,1.4160083158755696,0.2992229685236402,25.333333333333332,4.034912718204489,1.2913169555960713,0.5361550654105076,0.1319361317917659,Communication Equipment,Technology,KVHI
2007Q1,2007,Q1,2007-05-08,2007-03-31,57000.0,20397000.0,-401000.0,0.003808632901242817,7593000.0,0.3722606265627298,89831000.0,78873000.0,76225000.0,8730000.0,10958000.0,8937000.0,-10773000.0,138942560.0,126827560.0,5.290649315803595,8.731386025200457,0.025058164776079528,0.028539550923636733,-0.0011989525884723885,5.290649315803595,0.0007226807652808946,6.811911555620925,609.3971929824561,1.7615985191383619,0.0,1.4326955354145687,0.0,0.2270597009940889,7.621878579610538,0.0006345248299584776,-88.66787492022974,0.3722606265627298,-0.476767487819972,1.0365999437723066,0.5572254021139206,1.3039522852368406,0.11394875689010975,-0.4747318367798297,0.2234401022502808,-0.6077819349300712,-0.0017739800945270143,-0.0572036926959448,Communication Equipment,Technology,KVHI
