Year,Date,FillingDate,NetIncome,Revenue,OperatingIncome,EPSDiluted,GrossProfit,GrossProfitRatio,TotalAssets,CommonStockEquity,CurrentAssets,CurrentLiability,TotalLiability,Inventory,RetainedEarnings,EnterpriseValue,bookValuePerShare,currentRatio,debtToAssets,debtToEquity,roic,shareholdersEquityPerShare,roe,priceToSalesRatio,peRatio,pbRatio,payoutRatio,inventoryTurnover,dividendYield,assetTurnover,quickRatio,returnOnAssets,priceToFreeCashFlowsRatio,grossProfitMargin,epsdilutedGrowth,fiveYNetIncomeGrowthPerShare,fiveYRevenueGrowthPerShare,fiveYShareholdersEquityGrowthPerShare,grossProfitGrowth,netIncomeGrowth,operatingIncomeGrowth,threeYNetIncomeGrowthPerShare,threeYRevenueGrowthPerShare,threeYShareholdersEquityGrowthPerShare,Industry,Sector,Price,MarketCap,AvgVolume,Symbol
2022,2022-11-30,2022-11-30,-71449435.0,-70379252.0,-69464703.0,-1.5,-70379252.0,1.0,492710557.0,373963200.0,7995358.0,1973493.0,118747357.0,0.0,-43772951.0,398081468.88,7.850557861166604,4.051373883768526,0.23627395302593446,0.31129980436577714,-0.14165546022365272,7.850557861166604,-0.19106006954695007,-4.006871441032081,-3.9468557712177845,0.7540865381406513,-0.22745072791688276,0.0,0.05762833533861407,-0.14284096616180278,4.051373883768526,-0.14501299796586253,7.263015653155392,1.0,-4.0,-3.4005199108548174,-3.268688422217093,-0.22714964488958875,-3.6902276232740725,-3.8562476564192725,-3.6650359485019166,-2.730758195083741,-2.658660023660313,-0.1857478898898968,Asset Management,Financial Services,5.7413,283784995,103773,DSM
2021,2021-11-30,2021-11-30,25015140.0,26161077.0,26065203.0,0.5,26161077.0,1.0,603052478.0,463561868.0,8175498.0,398414.0,139490610.0,0.0,45885745.0,550069839.04,9.284459172618543,20.52010722514771,0.23000431315697206,0.2992150143807773,0.04327851758671255,9.284459172618543,0.053962894117943284,15.726159861079115,16.44657111813086,0.8875045758509196,0.7112389936654362,0.0,0.04324542718094956,0.04338109526846186,20.52010722514771,0.04148086760701446,13.360022175492158,1.0,0.6666666666666667,3.5356295734001923,-0.1188089885230878,-0.07878786894954652,0.581748259286962,0.6227598465746401,0.4648566952505855,15.69649325213647,8.340085699974528,0.04257660323082841,Asset Management,Financial Services,5.7413,283784995,103773,DSM
2020,2020-11-30,2020-11-30,15415183.0,16539343.0,17793688.0,0.3,16539343.0,1.0,610736291.0,456389213.0,8986608.0,1761769.0,154347078.0,0.0,38713090.0,530133361.58,9.23693471593518,5.100900288289782,0.24918229560391394,0.3334536984334904,0.02923833649095596,9.23693471593518,0.03377639646360353,22.883266196244918,24.552039932318674,0.8292794347442213,1.1485781258646102,0.0,0.046781372506351226,0.027080989362723167,5.100900288289782,0.025240325861035168,18.031030951744146,1.0,-0.6428571428571429,-0.40101939289544924,-0.4541685790544138,-0.11869714206047341,-0.6102097383514955,-0.6265897091283428,-0.6039141730136522,-0.5006833477488444,-0.4859926686569109,-0.09066738930049005,Asset Management,Financial Services,5.7413,283784995,103773,DSM
2019,2019-11-30,2019-11-30,41282159.0,42431391.0,44923819.0,0.84,42431391.0,1.0,644472107.0,459272006.0,9132339.0,2722628.0,185200101.0,0.0,39630409.0,571923270.41,9.641433855301955,3.354236788867227,0.28251713925611366,0.39644135418956933,0.0700461052856704,9.641433855301955,0.08988607722805557,9.19443360718483,9.450392539062697,0.8494587136016297,0.49395480987319484,0.0,0.052268179108059136,0.0658389875048541,3.354236788867227,0.06405577301423845,15.776044641302096,1.0,83.0,-0.2768746482372538,0.4548526128481343,-0.07829845419123499,0.0,26.866181149055347,0.0,6.845484842149228,0.4980436000644368,-0.04336852980961279,Asset Management,Financial Services,5.7413,283784995,103773,DSM
2018,2018-11-30,2018-11-30,1481443.0,2769568.0,0.0,0.01,0.0,0.0,607105166.0,439649926.0,0.0,0.0,167455240.0,0.0,-1516350.0,513845175.67,8.905301676487888,0.0,0.0,0.0,0.0,8.905301676487888,0.0033695968369161057,127.09716557600319,237.60903569695222,0.8006466551071363,14.247499228792467,0.0,0.05996194204905491,0.004561924613897948,0.0,0.002440175249637062,5.555447593940185,0.0,-0.9833333333333333,1.0380557396328645,-0.9102565288796829,-0.14046763759680334,0.0,-0.9520334099910918,0.0,-0.942389963300637,-0.9085252060526067,-0.1503384986836678,Asset Management,Financial Services,5.7413,283784995,103773,DSM
2017,2017-11-30,2017-11-30,30884893.0,32190106.0,0.0,0.6,0.0,0.0,616780203.0,502095202.0,0.0,0.0,114685001.0,0.0,549801.0,523706814.8,10.157927481375168,0.0,0.0,0.0,0.0,10.157927481375168,0.061512025761202155,12.898459445893096,13.443555617952116,0.8269403394936246,0.7477039988450017,0.0,0.05561802398812859,0.052190562932189315,0.0,0.050074390925287204,23.056394319457755,0.0,4.431830526887561,-0.6478701046605922,0.021263611207577627,-0.16391655357431198,-1.0,4.686673602032737,-1.0,-0.4786316401806011,0.06365680082711805,-0.028922709805427993,Asset Management,Financial Services,5.7413,283784995,103773,DSM
2016,2016-11-30,2016-11-30,5431100.0,29235330.0,23884660.0,0.11046,25528510.0,0.8732075198056598,589720560.0,495530620.0,0.0,0.0,94189940.0,0.0,0.0,389211278.6,10.078524652114082,0.0,0.0,0.0,0.04820016974934869,10.078524652114082,0.010960170332158283,13.571850517849466,73.0565683931432,0.8007124334718205,4.364841376516727,0.0,0.05974604984219865,0.049574886790448684,0.0,0.009209616161254408,13.882873714676792,0.8732075198056598,-0.7879317296062357,-0.8633238728275051,-0.09977055177280547,-0.08077067017668574,-0.044765078195013255,-0.7875611957999615,-0.04824966697229903,1.1400902321723005,-0.04877410191455168,-0.027229125023089266,Asset Management,Financial Services,5.7413,283784995,103773,DSM
2015,2015-11-30,2015-11-30,25565480.0,30100780.0,25095510.0,0.52087,26724850.0,0.8878457634652657,614531420.0,514432290.0,0.0,0.0,100099130.0,0.0,0.0,386748941.5,10.480999389393789,0.0,0.0,0.0,0.04878292146085931,10.480999389393789,0.049696491641300355,12.963280071147658,15.262957765705945,0.7585154530249257,0.9817613438120466,0.0,0.06432313833809773,0.048981677779795216,0.0,0.04160158320301995,13.294213494515438,0.8878457634652657,-0.5653802828653677,0.0488641128711122,-0.10738512180831541,-0.042756411540322885,0.0009307116104868914,-0.5653607616456987,0.000618421052631579,-0.706460746119393,-0.03828001970787251,-0.13732499985483576,Asset Management,Financial Services,5.7413,283784995,103773,DSM
2014,2014-11-30,2014-11-30,58820000.0,30050000.0,25080000.0,1.19845,26700000.0,0.8885191347753744,618300000.0,513400000.0,0.0,800000.0,104900000.0,0.0,0.0,386078000.0,10.460472697636511,0.0,0.0012938702895034773,0.0015582391897156214,0.048774795799299886,10.460472697636511,0.11456953642384106,12.821231281198003,6.550119007140428,0.750444098169069,0.9143148588915335,0.0,0.13958751862291643,0.04860100274947436,11.375,0.09513181303574317,12.062554790231685,0.8885191347753744,2.519891948104653,-0.2754313372536852,-0.15471432107684327,-0.11072230353133958,-0.019103600293901544,2.5198966408268735,-0.016084739113377794,0.48285560919911136,-0.07304495892116823,-0.04593443590312455,Asset Management,Financial Services,5.7413,283784995,103773,DSM
2013,2013-11-30,2013-11-30,-38700000.0,30680000.0,25490000.0,-0.78851,27220000.0,0.8872229465449805,614900000.0,508500000.0,0.0,0.0,106400000.0,0.0,0.0,336974800.0,10.360635696821516,0.0,0.0,0.0,0.05012782694198623,10.360635696821516,-0.07610619469026549,11.694093872229466,-9.270666666666667,0.7055551622418879,-0.7284237726098192,0.0,0.07857296554830497,0.04989429175475687,0.0,-0.06293706293706294,-9.270666666666667,0.8872229465449805,-1.444371181894006,0.3612382656309534,-0.15432521861100595,-0.02220114556169769,-0.018745493871665464,-1.4451857816634073,-0.01810477657935285,-2.587805167317447,-0.09016487731466047,-0.05374938737378524,Asset Management,Financial Services,5.7413,283784995,103773,DSM
2012,2012-11-30,2012-11-30,86930000.0,31240000.0,25960000.0,1.77444,27740000.0,0.8879641485275288,659200000.0,595200000.0,0.0,2300000.0,64000000.0,0.0,0.0,481912099.99999994,12.149418248622167,0.0,0.003489077669902913,0.003864247311827957,0.04344769874476988,12.149418248622167,0.14605174731182796,15.352499999999997,5.517221902680317,0.8057998991935483,0.3246290118486138,0.0,0.0588392161081841,0.04739077669902913,4.0,0.13187196601941747,5.517221902680316,0.8879641485275288,1.1955184914811745,48.17744146035634,-0.13634358470024976,-0.023131987635651368,-0.04377800758359186,1.2063451776649745,-0.04873580065958227,0.07280631458019944,-0.11962606797938927,0.03286027179347075,Asset Management,Financial Services,5.7413,283784995,103773,DSM
2011,2011-11-30,2011-11-30,39400000.0,32200000.0,27290000.0,0.80821,29010000.0,0.9009316770186335,595100000.0,534500000.0,0.0,2100000.0,60700000.0,0.0,0.0,411112500.0,10.964102564102564,0.0,0.003528818685935137,0.0039289055191768,0.05085724934774506,10.964102564102564,0.07371375116931712,12.702251552795031,10.381027918781726,0.7652245088868102,0.7149746192893401,0.0,0.06887320069680022,0.05410855318433876,4.619047619047619,0.06620736010754495,10.381027918781726,0.9009316770186335,0.6274869109947644,-0.16783656238550665,-0.12367246566751922,-0.16056633080419946,-0.03332222592469177,0.6334991708126037,-0.03364022662889518,1.6547177003164977,-0.10641919679576581,0.0347518473613045,Asset Management,Financial Services,5.7413,283784995,103773,DSM
2010,2010-11-30,2010-11-30,24120000.0,33370000.0,28240000.0,0.4966,30010000.0,0.8993107581660174,582800000.0,531800000.0,0.0,2200000.0,51000000.0,0.0,0.0,384845800.0,10.949145563104798,0.0,0.0037748798901853123,0.004136893569010906,0.05288389513108614,10.949145563104798,0.04535539676570139,11.556661672160624,15.988631840796021,0.7251707408800301,1.1140132669983416,0.0,0.06967533420563636,0.05725806451612903,5.818181818181818,0.04138641043239533,15.98863184079602,0.8993107581660174,-0.6997617924813485,-0.34675335085068737,-0.052853025088973174,-0.14028271209144594,-0.0621875,-0.6993268511593119,-0.0667547918043622,12.762993029206744,-0.06948040975530433,-0.11963932392144778,Asset Management,Financial Services,5.7413,283784995,103773,DSM
2009,2009-11-30,2009-11-30,80220000.0,35130000.0,30260000.0,1.65402,32000000.0,0.9109023626530032,576000000.0,570500000.0,0.0,0.0,5500000.0,0.0,0.0,360025150.0,11.762886597938145,0.0,0.0,0.0,0.05304119193689746,11.762886597938145,0.14061349693251535,10.464706803302022,4.582711917227624,0.644391148115688,0.29468960359012714,0.0,0.06430463204163263,0.06098958333333333,0.0,0.13927083333333334,4.582711917227624,0.9109023626530032,2.339905867485398,2.003796208144058,0.0010962258459463736,-0.07031516356847146,-0.0006246096189881324,2.3399031234341074,0.0016550810989738498,0.7030521532078807,-0.03900391803571279,-0.09940982405890633,Asset Management,Financial Services,5.7413,283784995,103773,DSM
2008,2008-11-30,2008-11-30,-59870000.0,35850000.0,30210000.0,-1.23443,32020000.0,0.893165969316597,519500000.0,513900000.0,0.0,100000.0,5600000.0,0.0,0.0,268790000.0,10.595876288659793,0.0,0.00019249278152069297,0.0001945903872348706,0.058774319066147857,10.595876288659793,-0.11650126483751702,7.494839609483961,-4.4878904292634045,0.5228449114613738,-0.49156505762485386,0.0,0.10953143027280508,0.06900866217516843,99.0,-0.11524542829643888,-4.487890429263404,0.893165969316597,-35.21369179600886,-2.239068874066777,-0.020068292932363216,-0.17016505250297462,0.01650793650793651,-35.21142857142857,0.01888701517706577,-2.6238111164824787,0.019005891016200316,-0.1680211050808218,Asset Management,Financial Services,5.7413,283784995,103773,DSM
TTM,,,,,,,,,,,,,,,,399865849.0,7.850557861166604,4.051373883768526,0.23627395302593446,0.31129980436577714,-0.14165546022365272,7.850557861166604,-0.17062040941800205,-4.032225221717333,-3.827716729610248,0.7313238245653584,-0.22745072791688276,0.0,0.05155626774423911,-0.14284096616180278,4.051373883768526,-0.14501299796586253,7.308972931469322,1.0,,,,,,,,,,,Asset Management,Financial Services,5.7413,283784995,103773,DSM
