Quarters,Year,Quarter,FillingDate,Date,NetIncome,Revenue,OperatingIncome,EPSDiluted,GrossProfit,GrossProfitRatio,TotalAssets,CommonStockEquity,CurrentAssets,CurrentLiability,TotalLiability,Inventory,RetainedEarnings,MarketCap,EnterpriseValue,bookValuePerShare,currentRatio,debtToAssets,debtToEquity,roic,shareholdersEquityPerShare,roe,priceToSalesRatio,peRatio,pbRatio,payoutRatio,inventoryTurnover,dividendYield,assetTurnover,quickRatio,returnOnAssets,priceToFreeCashFlowsRatio,grossProfitMargin,epsdilutedGrowth,fiveYNetIncomeGrowthPerShare,fiveYRevenueGrowthPerShare,fiveYShareholdersEquityGrowthPerShare,grossProfitGrowth,netIncomeGrowth,operatingIncomeGrowth,threeYNetIncomeGrowthPerShare,threeYRevenueGrowthPerShare,threeYShareholdersEquityGrowthPerShare,Industry,Sector,Symbol
2024Q1,2024,Q1,2023-06-01,2023-04-30,26965000.0,569631000.0,37265000.0,1.19,118580000.0,0.2081698503,1378105000.0,564033000.0,1043587000.0,660239000.0,814072000.0,854154000.0,311749000.0,708261781.25,1269438781.25,24.886322708098263,1.5806200481946688,0.4350423226096705,1.0629413527222697,0.023256064982992538,24.886322708098263,0.04780748644139616,1.2433694466242182,6.566491574726497,1.2557098277051166,0.0,0.5280675381722734,0.0,0.4133436857133528,0.2569387752011014,0.019566723870822617,-7.99103914218341,0.20816985030660198,0.4874999999999999,17.28648854900327,1.260257464398552,0.7103134647843221,0.08923896569145272,0.488791961130742,0.4793568876538309,10.73657739871303,0.8078994202365534,0.5999671684996013,Industrial Distribution,Industrials,TITN
2023Q4,2023,Q4,2023-03-30,2023-01-31,18112000.0,582982000.0,25190000.0,0.8,108865000.0,0.186738184,1188695000.0,536306000.0,869250000.0,498151000.0,652389000.0,703939000.0,284784000.0,997339618.3399999,1367357618.34,23.62814552501456,1.7449528355859971,0.34822305132939907,0.7718187005179878,0.018983122179592818,23.62814552501456,0.033771764626910755,1.7107554235636777,13.766282276115282,1.8596465792663144,0.0,0.6735200067051265,0.0,0.49043867434455435,0.2805514793707129,0.015236877415989804,161.6695766477549,0.18673818402626496,-0.5604395604395604,9.466827340396856,0.6715747007194216,0.6225606947037386,-0.22005301619143144,-0.5609957098189399,-0.5396480198834043,25.482213551265822,0.6345398485260219,0.529204617452131,Industrial Distribution,Industrials,TITN
2023Q3,2023,Q3,2022-12-08,2022-10-31,41257000.0,668773000.0,54719000.0,1.82,139580000.0,0.2087105789,1124770000.0,511287000.0,803703000.0,462697000.0,613483000.0,630377000.0,266672000.0,769871340.0,1155460340.0,22.832447639887466,1.7369963496629544,0.38358153222436586,0.8438333069293763,0.04115886214468356,22.832447639887466,0.08069244866386198,1.151169888736537,4.665095256562523,1.5057518380087895,0.0,0.839486529489496,0.0,0.5945864487850849,0.34082995999541815,0.0366803879904336,265.8395511049724,0.20871057892588368,0.6545454545454544,16.034528295185726,0.9927598756759025,0.576891513146902,0.35911742081227666,0.6529909050843383,0.6155117947506716,4.013569679757593,0.849492774103229,0.49103763201004047,Industrial Distribution,Industrials,TITN
2023Q2,2023,Q2,2022-09-09,2022-07-31,24959000.0,496543000.0,33871000.0,1.1,102699000.0,0.2068280089,1077871000.0,474277000.0,812545000.0,459667000.0,603594000.0,556383000.0,225414000.0,642059160.0,927859160.0,21.185375441104213,1.7676818218405932,0.39694638783305236,0.9021247077130031,0.02649275744534044,21.185375441104213,0.052625364502179105,1.2930585266532808,6.431138667414561,1.3537640661469985,0.0,0.7078649060089902,0.0,0.46067015440623227,0.5186928798456274,0.023155832191421793,-17.99997645079899,0.2068280088532111,0.4102564102564103,5.736232131647804,0.8174028827779003,0.4829931093588591,0.15790245112408957,0.42297605473204103,0.38012386928530684,3.5222661390935905,0.5740983137804696,0.40962999238134296,Industrial Distribution,Industrials,TITN
2023Q1,2023,Q1,2022-06-03,2022-04-30,17540000.0,461007000.0,24542000.0,0.78,88694000.0,0.1923918726,1010197000.0,451483000.0,748355000.0,417499000.0,558714000.0,494167000.0,200456000.0,526116959.99999994,718911960.0,20.234985657941916,1.7924713592128365,0.33645912628922875,0.752830117634551,0.021369483769067877,20.234985657941916,0.038849746280590854,1.14123421119419,7.4988164196123135,1.1653084612266684,0.0,0.7534153433960584,0.0,0.45635356272093464,0.5556061212122664,0.017362949998861607,2505.318857142857,0.192391872574603,-0.2121212121212121,3.8934984322138293,0.708064728358931,0.3924243509388829,-0.05893961739647105,-0.21818587029195455,-0.17266720604099245,40.18960925949054,0.6470551950156724,0.365486983214142,Industrial Distribution,Industrials,TITN
2022Q4,2022,Q4,2022-04-01,2022-01-31,22435000.0,507595000.0,29664000.0,0.99,94249000.0,0.1856775579,946667000.0,435199000.0,690329000.0,374721000.0,511468000.0,421758000.0,182916000.0,695706057.2,838704057.2,19.26694336103302,1.8422479658199034,0.30543686428279426,0.6644018023938474,0.029010388587464037,19.26694336103302,0.05155112948329385,1.3705928096218443,7.7524633073322935,1.5985929590830863,0.0,0.980054913006985,0.0,0.5361917126085519,0.6416400468615316,0.023698935317276296,8.83918910897379,0.18567755789556634,0.020618556701030948,3.632386098004823,0.5449205294891944,0.30990187786722384,0.01912846020761246,0.028373670700403374,-0.016217291811760026,11.221233881328095,0.41726755589050496,0.27664451090310693,Industrial Distribution,Industrials,TITN
2022Q3,2022,Q3,2021-12-03,2021-10-31,21816000.0,453975000.0,30153000.0,0.97,92480000.0,0.2037116581,855219000.0,413578000.0,604177000.0,305683000.0,441641000.0,412674000.0,160482000.0,658556800.0,888030800.0,18.30639164305949,1.9764821727083286,0.37418953507814956,0.7737693977919522,0.02842961698166269,18.30639164305949,0.05274942090730165,1.4506455201277604,7.546718005133846,1.5923400180860683,0.0,0.8759820100127461,0.0,0.5308289455683282,0.5770095163944348,0.02550925552402367,19.452275882439817,0.20371165813095435,0.9484523864524305,78.80890661215554,0.3195510512177698,0.2018521806083325,0.23277080167426484,0.9393723886567695,0.8334549434512951,0.9911634762803083,0.22783190680547347,0.20495296613775071,Industrial Distribution,Industrials,TITN
2022Q2,2022,Q2,2021-09-03,2021-07-31,11249000.0,377630000.0,16446000.0,0.497831,75018000.0,0.1986547678944999,839371000.0,391852000.0,595445000.0,310471000.0,447519000.0,427109000.0,138665000.0,644663880.0,911140880.0,17.34165338998053,1.9178763878107778,0.3956069485364636,0.8474143299000643,0.014768608667247959,17.34165338998053,0.028707267029388646,1.7071310012446046,14.32713752333541,1.6451718505966537,0.0,0.7085123469652945,0.0,0.44989641052645374,0.47557420821912516,0.0134017019887511,-70.81883774579809,0.1986547678944999,0.06297148006038365,5.309798194370685,0.309921730569208,0.14723357457823963,0.05691904533799205,0.06655921115009007,0.1313979086406164,1.1352933788807396,0.23815909619404593,0.182055360459534,Industrial Distribution,Industrials,TITN
2022Q1,2022,Q1,2021-06-04,2021-04-30,10547000.0,372706000.0,14536000.0,0.468339,70978000.0,0.1904396494824339,830741000.0,379083000.0,588592000.0,310205000.0,451658000.0,415660000.0,127416000.0,587997200.0,817026200.0,16.83317051509769,1.8974291194532649,0.38370322398918555,0.840865984494161,0.014415240948857903,16.83317051509769,0.027822403009367343,1.577643504531722,13.93754622167441,1.551104111764442,0.0,0.7259009767598518,0.0,0.4486428381408887,0.5211295756032301,0.012695894388263008,32.97796971396523,0.1904396494824339,14.611300000000002,3.7444375177185965,0.2542350628378854,0.0814700510385691,0.04823369565217391,12.487212276214834,1.1436366317652265,7.4110826999984605,0.4883534545217726,0.15686027721618614,Industrial Distribution,Industrials,TITN
2021Q4,2021,Q4,2021-03-31,2021-01-31,782000.0,436677000.0,6781000.0,0.03,67712000.0,0.15506197944934128,815789000.0,371281000.0,580234000.0,317500000.0,444508000.0,418458000.0,116869000.0,493233388.29,721605388.29,16.462623299187197,1.8275086614173228,0.37676654134831433,0.8278419849116976,0.001247291535656657,16.462623299187197,0.002106221433361793,1.12951538159784,157.68330827685423,1.3284638543044218,0.0,0.8817252866476445,0.0,0.5352817946797518,0.4664535433070866,0.0009585812017568269,4.554409022234944,0.15506197944934128,-0.9317342459706139,1.021372199276169,0.24690089075078692,0.053628179489152064,-0.06669790905707709,-0.9211057304277643,-0.5730117750771362,-0.5451850434476557,0.2601153327174291,0.13049944900230048,Industrial Distribution,Industrials,TITN
2021Q3,2021,Q3,2020-12-03,2020-10-31,9912000.0,360872000.0,15881000.0,0.439459,72551000.0,0.2010435833204017,900856000.0,367568000.0,656822000.0,381207000.0,533288000.0,532746000.0,116087000.0,338099450.0,656033450.0,16.29651961870982,1.723006135774002,0.3993335227827755,0.9787087015191747,0.013878590274349843,16.29651961870982,0.0269664388630131,0.9368957691369794,8.527528500807103,0.9198283038784661,0.0,0.5411978691534052,0.0,0.40058788530020334,0.3025626496890141,0.011002868382960206,8.04098865555212,0.2010435833204017,0.5694964285714283,1.7435675755560478,0.0006764178276102198,-0.057386447661564866,0.1573347371107708,0.54875,0.6527214070142575,3.0631533060869844,0.06757617720846211,0.12549665659507708,Industrial Distribution,Industrials,TITN
2021Q2,2021,Q2,2020-09-04,2020-07-31,6400000.0,303465000.0,9609000.0,0.28,62688000.0,0.2065740694973061,948025000.0,354792000.0,698090000.0,449866000.0,593233000.0,570680000.0,106175000.0,245038345.0,617513345.0,15.73147696537046,1.5517731946846394,0.4398185701853854,1.1752209745428308,0.008551741515402705,15.73147696537046,0.01803873819026359,0.807468225330763,9.5718103515625,0.6906535237547634,0.0,0.4219124553164646,0.0,0.32010231797684663,0.2673373849101732,0.006750876822868596,18.261912729169772,0.2065740694973061,1.8,997.1820600363588,-0.150240173491501,-0.09971413948972147,0.07324088341037494,1.8293545534924844,0.8709112149532711,2.205528139406599,0.10254046383684688,0.10121588378449951,Industrial Distribution,Industrials,TITN
2021Q1,2021,Q1,2020-06-04,2020-04-30,2262000.0,310208000.0,5136000.0,0.1,58410000.0,0.18829301629874148,969739000.0,347078000.0,721326000.0,477417000.0,622661000.0,583435000.0,99775000.0,209751600.0,633573600.0,15.554270861342655,1.5108929929181407,0.4894688158360136,1.3675801981110873,0.003872377492930974,15.554270861342655,0.0065172670120261155,0.6761643800288838,23.182095490716183,0.6043356248451357,0.0,0.4315784963192129,0.0,0.31988813484865514,0.2665698959190812,0.002332586396958357,-19.32126013264554,0.18829301629874148,2.3333333333333335,1.343993595789491,-0.15800177029138743,-0.09060930261597178,-0.044307732582872475,2.361069836552749,2.984544049459042,1.3731189748039854,0.14924036383625172,0.07033164611768042,Industrial Distribution,Industrials,TITN
2020Q4,2020,Q4,2020-04-07,2020-01-31,673000.0,350964000.0,-2588000.0,0.03,61118000.0,0.1741432169681221,975343000.0,345104000.0,727546000.0,494163000.0,630239000.0,597394000.0,97717000.0,272710350.0,668350350.0,15.451264830982762,1.4722793895941217,0.4504681942660172,1.2731263619082942,0.00041967755956460583,15.451264830982762,0.0019501367703648755,0.7770322597189455,101.30399331352154,0.7902265693819835,0.0,0.4851839824303558,0.0,0.3598364882918112,0.2357460999710622,0.0006900136669868959,58.90072354211663,0.1741432169681221,-0.9183637927093425,1.023485555562294,-0.3144509048080304,-0.12151220860608658,-0.14846601833533035,-0.9180667153640126,-1.1911514882930792,1.0798597029047121,0.08029033652635519,0.05048530211919087,Industrial Distribution,Industrials,TITN
2020Q3,2020,Q3,2019-12-05,2019-10-31,8214000.0,360936000.0,13539000.0,0.367484,71774000.0,0.19885519870558768,1029524000.0,342279000.0,773399000.0,547717000.0,687245000.0,624215000.0,97044000.0,371043200.00000006,825385200.0,15.313126342161775,1.4120412548816268,0.49222941864395586,1.4805524148428622,0.009422704697786421,15.313126342161775,0.02399796657113057,1.0280027484096905,11.29301193084977,1.0840372912156457,0.0,0.46324103073460265,0.0,0.35058531904064405,0.25802923772678227,0.007978444407318333,-36.96385734210003,0.19885519870558768,0.4906077482527693,2.1234643205944486,-0.31255510117135477,-0.2023605997674092,0.12099582988426758,0.4904735982580294,0.4761229829917139,29.371708653283008,0.06038298734193268,0.0053381706839854175,Industrial Distribution,Industrials,TITN
2020Q2,2020,Q2,2019-09-05,2019-07-31,5511000.0,314981000.0,9172000.0,0.246533,64027000.0,0.20327257834599546,1029196000.0,335959000.0,773519000.0,553856000.0,693237000.0,629246000.0,88830000.0,463621959.99999994,916109960.0,15.029032835286749,1.3966066992142363,0.4877642353837364,1.4942448334469385,0.007214180473829595,15.029032835286749,0.016403787366910845,1.471904527574679,21.031662130284882,1.3799956542316174,0.0,0.3988169968501985,0.0,0.3060456900337739,0.24555660677143518,0.005354665194967722,-28.949232594442705,0.20327257834599546,13.289780658025922,9.426291165052477,-0.34432010494669424,-0.2155358989364003,0.18788497217068645,13.384269662921348,6.580165289256199,3.1342719104283034,0.10443340802537729,-0.005757370745194452,Industrial Distribution,Industrials,TITN
2020Q1,2020,Q1,2019-06-06,2019-04-30,-445000.0,278292000.0,1210000.0,-0.02006,53900000.0,0.19368145688701077,985106000.0,328742000.0,729675000.0,526204000.0,656364000.0,568262000.0,83319000.0,381564800.0,776784800.0,14.818878470970068,1.3866770302012148,0.4654839174667498,1.3948658826678673,0.00116844896997952,14.818878470970068,-0.0013536451077136478,1.3710951087347103,-214.36224719101125,1.160681628754464,0.0,0.3948741953535517,0.0,0.2824995482719626,0.28350981748523385,-0.0004517280373888698,-144.64169825625473,0.19368145688701077,0.7994000000000001,0.8998172506293662,-0.43534853673404883,-0.22940522554078618,-0.030348822566427403,0.793886058360352,66.22222222222223,0.8824526230719444,-0.049303697536340375,-0.047940894915758286,Industrial Distribution,Industrials,TITN
2019Q4,2019,Q4,2019-04-05,2019-01-31,-2159000.0,352286000.0,18000.0,-0.1,55587000.0,0.15778940974094913,792438000.0,335311000.0,640892000.0,420452000.0,457127000.0,491091000.0,89228000.0,416365319.99999994,709866320.0,15.091862453866234,1.5242929038273096,0.4419853666785288,1.044540739790821,2.5207200633591566e-05,15.091862453866234,-0.006438798607859569,1.1818957324446613,-48.21275127373784,1.2417287831296915,0.0,0.6041629759046694,0.0,0.44455970056963445,0.3192873383882108,-0.002724503368086841,12.991928357463802,0.15778940974094913,-1.2083333333333333,-4.257010167809748,-0.5242772044479234,-0.2150419485930998,-0.2006700986454229,-1.2003526354862657,-0.9988808058198098,0.9401045508204334,0.021093998559452713,-0.03410220392075347,Industrial Distribution,Industrials,TITN
2019Q3,2019,Q3,2018-12-06,2018-10-31,10776000.0,363649000.0,16083000.0,0.48,69542000.0,0.19123385462355183,825210000.0,337580000.0,668295000.0,448511000.0,487630000.0,525277000.0,91387000.0,316635000.0,672259000.0,15.192619261926193,1.4900303448521888,0.49425843118721297,1.208208424669708,0.018206102191013363,15.192619261926193,0.031921322353219976,0.8707159926192565,7.345837973273942,0.9379554475976064,0.0,0.559908391191695,0.0,0.44067449497703615,0.2986169792937074,0.013058494201475987,14.105893883369715,0.19123385462355183,1.0869565217391304,0.7401418974515478,-0.4182225437563119,-0.2205365571708281,0.18065907200217313,1.0803088803088803,0.524888593912961,2.0276852685268527,0.023579673946813616,-0.12123759263492692,Industrial Distribution,Industrials,TITN
2019Q2,2019,Q2,2018-09-06,2018-07-31,5180000.0,299891000.0,10547000.0,0.23,58901000.0,0.19640802825026427,839449000.0,325955000.0,686295000.0,480315000.0,513494000.0,547062000.0,80613000.0,336380520.0,721178520.0,14.670762444864524,1.4288435714062646,0.517566880179737,1.3329171204614134,0.009220464589795935,14.670762444864524,0.015891764200579833,1.1216759422590208,16.234581081081082,1.03198453774294,0.0,0.44051679699924323,0.0,0.3572474325420603,0.26666666666666666,0.006170714361444233,33.64478095619124,0.19640802825026427,4.2,0.2701589404256572,-0.4226348338029037,-0.23571783910372968,0.23850876824088482,4.2094175960346965,11.69193742478941,819.0850661625709,-0.14758638823742828,-0.16041704023779157,Industrial Distribution,Industrials,TITN
2019Q1,2019,Q1,2018-06-07,2018-04-30,-1614000.0,245678000.0,831000.0,-0.071875,47558000.0,0.19357858660523125,809415000.0,321484000.0,653346000.0,394043000.0,487931000.0,518173000.0,75432000.0,426856080.0,776854080.0,14.550737756857066,1.658057623152803,0.5031436284229969,1.2667877717087008,0.0008501125527586302,14.550737756857066,-0.005020467581590375,1.7374615553692232,-66.11773234200744,1.327767727165271,0.0,0.3823433486499683,0.0,0.30352538561800807,0.31347340264894946,-0.001994032727340116,-14.305307818626629,0.19357858660523125,-1.9616156480787754,-2.679749108879976,-0.47497564135195797,-0.23498454499467478,-0.08712593815382844,-1.9578635014836796,-0.23480662983425415,0.752106941315349,-0.32651561368232407,-0.14928152697617764,Industrial Distribution,Industrials,TITN
2018Q4,2018,Q4,2018-04-06,2018-01-31,1685000.0,339608000.0,1086000.0,0.074744,52097000.0,0.15340333561046854,760308000.0,321855000.0,599146000.0,328289000.0,438453000.0,472467000.0,77046000.0,474971979.99999994,767938980.0,14.562256809338521,1.825056581243965,0.4555561693418983,1.0761460906308742,-0.0010123817108641793,14.562256809338521,0.0052352767550605086,1.398588902499352,70.47062017804154,1.4757327989311957,0.0,0.6085313894938694,0.0,0.44667161203091377,0.3479830271498588,0.00221620711606349,12.63929269006626,0.15340333561046854,-0.2923108969200034,-0.8969626950545241,-0.5868921933312606,-0.22537358295486096,-0.1525773866649316,-0.29320469798657717,-0.8724753405354626,1.0594210143670146,-0.32963970217426614,-0.1720571123410676,Industrial Distribution,Industrials,TITN
2018Q3,2018,Q3,2017-12-07,2017-10-31,2384000.0,330341000.0,8516000.0,0.105617,61477000.0,0.18610163437175525,818290000.0,319155000.0,655701000.0,385944000.0,499135000.0,529761000.0,75361000.0,328205380.0,706481380.0,14.479402957989294,1.6989537342205088,0.5158770118173264,1.3226708025880842,0.005605303441079272,14.479402957989294,0.007469724741896571,0.9935351046343022,34.41751048657718,1.028357318544281,0.0,0.5075194285725072,0.0,0.40369673343191287,0.3046478245548577,0.0029133925625389532,-19.232662174040435,0.18610163437175525,1.4400708333333334,-0.8398987970808953,-0.4641287231377924,-0.20769996985220232,0.16418277879826537,1.4596991901272658,3.608269525267994,-0.08070797487461372,-0.36197813469800816,-0.24578808839722896,Industrial Distribution,Industrials,TITN
2018Q2,2018,Q2,2017-09-07,2017-07-31,-5186000.0,268871000.0,-3265000.0,-0.24,52807000.0,0.1964027358844948,822421000.0,314725000.0,655202000.0,375520000.0,507696000.0,517464000.0,72977000.0,393253350.00000006,765373350.0,14.285552176478598,1.7447858968896464,0.5224161348020053,1.3651473508618635,-0.003154939156656016,14.285552176478598,-0.01647787751211375,1.4626097645339218,-18.957450347088315,1.2495141790451982,0.0,0.41754402238609833,0.0,0.3269262336443257,0.3389246910950149,-0.006305772834108078,21.32841685649203,0.1964027358844948,0.1111111111111112,-1.9390968566526867,-0.3815321378687474,-0.18777326400509517,0.07947832130664977,0.12575859743762643,0.3967110125646711,-7.045621530928362,-0.43209916361220246,-0.25434304594726653,Industrial Distribution,Industrials,TITN
2018Q1,2018,Q1,2017-06-02,2017-04-30,-5932000.0,264118000.0,-5412000.0,-0.27,48919000.0,0.18521645628090475,782928000.0,317296000.0,616516000.0,328384000.0,465632000.0,484090000.0,78163000.0,343667160.0,675037160.0,14.532197490152972,1.8774239914246735,0.49507873010034126,1.2216069537592658,-0.004839912203309664,14.532197490152972,-0.018695476778780695,1.301187953869104,-14.483612609575186,1.0831121728606727,0.0,0.44454337003449773,0.0,0.3373464737498212,0.37930593451568895,-0.007576686489689984,11.177985363473736,0.18521645628090475,0.28947368421052627,-1.741102600136642,-0.40558462573448056,-0.16488756974013544,0.001986809225349228,0.28000970991625196,0.28798842257597684,-0.35687745970980733,-0.45551704774155716,-0.2443128898547398,Industrial Distribution,Industrials,TITN
2017Q4,2017,Q4,2017-04-07,2017-01-31,-8239000.0,317621000.0,-7601000.0,-0.38,48822000.0,0.1537114989248192,771422000.0,321179000.0,607868000.0,308826000.0,450243000.0,478266000.0,85347000.0,301555160.0,609742160.0,14.708692068144348,1.968318729640639,0.4684051012286401,1.1250361947698946,-0.0073877155666136115,14.708692068144348,-0.025652362078467147,0.9494182059750458,-9.15023546546911,0.93890061305378,0.0,0.5620282436970222,0.0,0.41173443329332066,0.3840771178592476,-0.010680276165315482,4.683333488639364,0.1537114989248192,-39.0,-1.4392478496080998,-0.5034223365747187,-0.09374161710381154,-0.1643788724198131,-32.208333333333336,-2.5177715654952078,-19.412328754672235,-0.5635850059184512,-0.2349714092711641,Industrial Distribution,Industrials,TITN
2017Q3,2017,Q3,2016-12-08,2016-10-31,264000.0,332266000.0,5008000.0,0.01,58426000.0,0.17584104301974923,920297000.0,332343000.0,743913000.0,462025000.0,587954000.0,607629000.0,93586000.0,202698509.99999997,650967510.0,15.231816306888492,1.6101141713110763,0.5440634925464279,1.5065760374071366,0.02834084537910151,15.231816306888492,0.0007943600436898023,0.6100489065989296,191.94934659090907,0.6099075653767342,0.0,0.4506697343280192,0.0,0.3610421418303004,0.27875764298468697,0.0002868639145840962,23.422522532932746,0.17584104301974923,1.0833333333333335,-0.9805537604839818,-0.25932398862512546,-0.012548647735928564,0.10377269378270644,1.1047619047619048,2.5218002812939524,-0.9565849585361579,-0.45866063857332484,-0.21852553701108446,Industrial Distribution,Industrials,TITN
2017Q2,2017,Q2,2016-09-01,2016-07-31,-2520000.0,278333000.0,1422000.0,-0.12,52933000.0,0.19017867087265972,984806000.0,329772000.0,803737000.0,507278000.0,655034000.0,682049000.0,93322000.0,243248400.0,773157400.0,15.116061606160615,1.584411308986394,0.589962896245555,1.7618202879565275,0.0009273844520801075,15.116061606160615,-0.007641643317200976,0.8739473939489748,-24.131785714285716,0.7376259961427897,0.0,0.3304747899344475,0.0,0.2826272382580935,0.2277646576433435,-0.002558879616899166,2.965901359507407,0.19017867087265972,0.2941176470588236,-1.3715795995431685,-0.16941088977199265,0.0058950143989279806,-0.011485022783297228,0.31596091205211724,2.1840133222314737,-1.629301385656437,-0.45426515518458854,-0.21251971245423115,Industrial Distribution,Industrials,TITN
2017Q1,2017,Q1,2016-06-02,2016-04-30,-3684000.0,284860000.0,-1201000.0,-0.17,53548000.0,0.1879800603805378,1006043000.0,336019000.0,822548000.0,522011000.0,669417000.0,684829000.0,95842000.0,280644000.0,810827000.0,15.56508245321475,1.5757292470848316,0.5903972295418785,1.7676530196209144,-0.0008590170034812612,15.56508245321475,-0.010963665745091795,0.9851997472442603,-19.044788273615634,0.8352027712718626,0.0,0.33776607007004666,0.0,0.2831489310099071,0.2510157831923082,-0.003661871311663617,-10.595937476402629,0.1879800603805378,0.8950617283950618,-1.4168583537053394,-0.2636863136282808,0.24404621519805642,2.291413116970926,0.8948930099857346,0.9734626687584241,-7.595996702408478,-0.37697339114901374,-0.18165464637488657,Industrial Distribution,Industrials,TITN
2016Q4,2016,Q4,2016-04-13,2016-01-31,-35050000.0,335474000.0,-45257000.0,-1.62,16269000.0,0.04849556150402118,1047875000.0,337556000.0,858245000.0,523425000.0,709526000.0,689464000.0,99526000.0,181905680.0,711331680.0,15.624699129790779,1.6396713951377944,0.5906152928545867,1.8334468947374658,-0.03146608957771338,15.624699129790779,-0.1038346229958881,0.5422348080626218,-1.2974727532097003,0.5388903767078648,0.0,0.46297558683267004,0.0,0.3201469640939998,0.3038219420165258,-0.03344864606942622,5.921987173226552,0.04849556150402118,-11.328931848177454,-3.779486513294498,-0.25096265309761806,0.29290075993934245,-0.7576890424628766,-11.141782407407407,-4.319178584525119,-3.1927040248170067,-0.5825141475878625,-0.16885790006419232,Industrial Distribution,Industrials,TITN
2016Q3,2016,Q3,2015-12-07,2015-10-31,3456000.0,344975000.0,13635000.0,0.156841,67141000.0,0.19462569751431263,1193670000.0,373020000.0,1002090000.0,613719000.0,819836000.0,813840000.0,134576000.0,263874480.0,897191480.0,17.28865406006674,1.6328156697120344,0.5962502199100254,1.9080102943541901,0.007661967814997219,17.28865406006674,0.009264918771111469,0.7649089934053193,19.08814236111111,0.7074003538684254,0.0,0.3413865133195714,0.0,0.28900366097832736,0.24553093516739746,0.0028952725627686042,23.254999559354896,0.19462569751431263,553.208480565371,-0.6328960257193809,-0.0929252158200437,0.5004172941269714,0.08171551015804991,575.0,1.008691809074838,-0.7628942192840206,-0.42830329661378347,-0.053980252310908076,Industrial Distribution,Industrials,TITN
2016Q2,2016,Q2,2015-09-09,2015-07-31,6000.0,334190000.0,6788000.0,0.000283,62069000.0,0.18572967473592866,1280528000.0,368786000.0,1082766000.0,692394000.0,910915000.0,877823000.0,131120000.0,296525250.0,1002909250.0,17.47386875148069,1.5638003795526825,0.6261479639648645,2.1741606243187106,-0.0020580310173288763,17.47386875148069,1.6269598086695264e-05,0.8872954008198929,12355.21875,0.8040577733428059,0.0,0.30999529517909646,0.0,0.2609782839578674,0.24559282720531952,4.6855672035285445e-06,1.7505992266139268,0.18572967473592866,1.0009758620689655,-0.9981527251624811,0.33185071443589503,0.5766266330640162,0.027037312815421526,1.0009517766497462,2.937354988399072,-0.9988658304615474,-0.19755462389400877,-0.00649668939033977,Industrial Distribution,Industrials,TITN
2016Q1,2016,Q1,2015-06-09,2015-04-30,-6304000.0,353196000.0,1724000.0,-0.29,60435000.0,0.17110895933136275,1297720000.0,365890000.0,1090923000.0,710038000.0,931675000.0,880060000.0,131114000.0,313392800.0,1019292800.0,17.104057591623036,1.536429036192429,0.6243681225534014,2.2144770286151574,0.0011442783830987202,17.104057591623036,-0.017229221897291536,0.8873056320003624,-12.428331218274113,0.8565219054907213,0.0,0.3326602731631934,0.0,0.2721665690595814,0.24259264997084662,-0.004857750516290109,26.06393878908849,0.17110895933136275,0.7734375,-4.330049227996966,0.41571358159047733,0.5663922740991075,-0.11256809738476674,0.7704631517623071,1.0611304162825332,-1.8038505535340537,-0.1886845875825957,-0.017092142305131727,Industrial Distribution,Industrials,TITN
2015Q4,2015,Q4,2015-04-15,2015-01-31,-27464000.0,490652000.0,-28202000.0,-1.28,68101000.0,0.13879694773485077,1349747000.0,376499000.0,1128487000.0,729607000.0,971388000.0,879440000.0,137418000.0,302466780.0,1009409780.0,17.588479865458282,1.5467052810622706,0.6182425298963435,2.216396325089841,-0.01754959644105426,17.588479865458282,-0.0729457448758164,0.6164588751294197,-2.753302323041072,0.8033667552901868,0.0,0.48047734922223234,0.0,0.36351405115180846,0.2797067462346167,-0.020347516979107937,2.5365792254407005,0.13879694773485077,-12.636363636363637,-7.7209916578478825,0.6006795610627067,0.6263371007840406,-0.19588858320246544,-12.119028340080972,-2.8514968487394956,-2.4936075358402294,-0.2174914168868527,0.08369304671175636,Industrial Distribution,Industrials,TITN
2015Q3,2015,Q3,2014-12-10,2014-10-31,2470000.0,493141000.0,15232000.0,0.11,84691000.0,0.17173790051932408,1572772000.0,403044000.0,1307741000.0,884777000.0,1167739000.0,1062123000.0,164882000.0,288877440.0,1209472440.0,19.198056587596454,1.4780458804873997,0.6554141350430959,2.557579321364417,0.004300919236299992,19.198056587596454,0.0061283631563799484,0.5857907576129342,29.23860728744939,0.7167392145770686,0.0,0.38455998034125993,0.0,0.3135489441571951,0.2451883355919062,0.0015704755679780667,-37.900477564943586,0.17173790051932408,4.666666666666667,-0.6387305994132434,0.8214908134427179,0.8082148491634634,0.06324934402972895,5.022801302931596,0.30110190484325616,-0.8109101112222539,0.14249191889045956,0.24457560124927682,Industrial Distribution,Industrials,TITN
2015Q2,2015,Q2,2014-09-09,2014-07-31,-614000.0,450990000.0,11707000.0,-0.03,79653000.0,0.17661810683163706,1624956000.0,402057000.0,1343208000.0,972963000.0,1220345000.0,1137700000.0,162412000.0,307654760.0,1301220760.0,19.158343657676546,1.3805334838015424,0.6666512816347028,2.6943418470515375,-0.0033710439942258885,19.158343657676546,-0.0015271466483608046,0.6821764562407149,-125.26659609120522,0.7652018494890028,0.0,0.3263927221587413,0.0,0.2775398226167355,0.18476858832247475,-0.00037785638503442555,-11.04724622069015,0.17661810683163706,0.85,-1.10449142966059,0.9271758663573828,0.8354252591752166,0.048907675897760045,0.8536352800953516,4.8947633434038265,-1.094116365819676,0.3990521420567674,0.27488778965706695,Industrial Distribution,Industrials,TITN
2015Q1,2015,Q1,2014-06-05,2014-04-30,-4195000.0,465463000.0,1986000.0,-0.2,75939000.0,0.16314723189598315,1596642000.0,402897000.0,1315889000.0,940691000.0,1191323000.0,1116977000.0,165380000.0,369575640.0,1318514640.0,19.230442460980385,1.3988536086770258,0.6456989105885979,2.5588425825955516,0.001002375781832414,19.230442460980385,-0.010412090435024337,0.7939957418742198,-22.02476996424315,0.9172955867132294,0.0,0.3487305468241513,0.0,0.29152621564508513,0.17867610086627808,-0.00262738923315308,-6.128034621698254,0.16314723189598315,-9.0,-2.9654891741277662,1.3473725705302393,0.922595629509285,-0.21694611148920373,-9.674300254452927,-0.7986209693774082,-1.4891122107991739,0.23972174806403487,0.5370017622505796,Industrial Distribution,Industrials,TITN
2014Q4,2014,Q4,2014-04-11,2014-01-31,-393000.0,708631000.0,9862000.0,-0.02,96978000.0,0.13685260735135776,1564648000.0,408771000.0,1287383000.0,875037000.0,1153306000.0,1075978000.0,169575000.0,346554300.0,1249462300.0,19.226329899816566,1.471232645019582,0.6245174633527797,2.390458227222577,-0.002586194548778333,19.226329899816566,-0.0009614184959304843,0.48904761434371347,-220.45438931297713,0.8477957095782235,0.0,0.5684623663309101,0.0,0.45290122762436025,0.1976910690633653,-0.000251174705109392,15.282193411826961,0.13685260735135776,-1.0740740740740742,-1.102448999314234,2.09881169687849,0.9441326115928292,0.03602333183770271,-1.0674678111587983,-0.46981345088973714,-1.0316679229996015,0.607737839704155,0.5909257728311978,Industrial Distribution,Industrials,TITN
2014Q3,2014,Q3,2013-12-05,2013-10-31,5825000.0,587961000.0,18601000.0,0.27,93606000.0,0.15920443702898662,1730930000.0,407384000.0,1437377000.0,1053613000.0,1320684000.0,1175665000.0,169968000.0,368902650.0,1416395650.0,19.491124826563322,1.364236204374851,0.6706573922688959,2.8495498104982033,0.006782779530883673,19.491124826563322,0.014298548789348624,0.6274270742447203,15.832731759656653,0.9055403501364805,0.0,0.4204896803085913,0.0,0.33967924757211443,0.21564654194661606,0.0033652429618759856,-5.9030090888725315,0.15920443702898662,0.5000000000000001,-0.402308500859421,1.307863782328128,1.008262341200377,0.12046635225395609,0.5196973649882598,0.3884451742927521,-0.36127318319566004,0.5959080261222639,0.6915614523928001,Industrial Distribution,Industrials,TITN
2014Q2,2014,Q2,2013-09-05,2013-07-31,3833000.0,488180000.0,13397000.0,0.18,83542000.0,0.1711295014134131,1636811000.0,400840000.0,1343949000.0,969034000.0,1233154000.0,1105819000.0,164143000.0,398637380.0,1373842380.0,19.195479360214538,1.3868956094419804,0.658360678172373,2.688384392775172,0.0054830673923874475,19.195479360214538,0.009562418920267438,0.8165786799950838,26.00035090007827,0.9945049895220038,0.0,0.36591702620410754,0.0,0.298250683799168,0.20908038314445107,0.0023417486808189826,-8.080378238131917,0.1711295014134131,9.999999999999998,-0.0840296834773389,1.8817871856147115,0.9699436573437391,0.12973981716882133,10.258454106280194,1.6713858424725823,0.1927031012665687,0.9663252033346731,0.7319635636601861,Industrial Distribution,Industrials,TITN
2014Q1,2014,Q1,2013-06-06,2013-04-30,-414000.0,441674000.0,5015000.0,-0.02,73948000.0,0.16742665404800827,1514476000.0,396647000.0,1226838000.0,873125000.0,1114744000.0,1001227000.0,160310000.0,470466240.0,1313269240.0,19.02018797353026,1.4051115246957766,0.6319380432572058,2.412863326837213,0.002240629350698972,19.02018797353026,-0.001043749227902896,1.0651888949768382,-284.0979710144927,1.1861081515806244,0.0,0.3672753531416951,0.0,0.29163486248709125,0.23782963493199713,-0.00027336187565864365,-27.7561203539823,0.16742665404800827,-1.0273972602739727,-1.0788270483633913,0.866831783482993,2.211988469474726,-0.292559959437094,-1.0265282583621684,-0.8446647049713489,-1.2243348837850223,0.8160319173652447,0.7418717946928661,Industrial Distribution,Industrials,TITN
2013Q4,2013,Q4,2013-04-10,2013-01-31,15606000.0,784514000.0,32285000.0,0.73,104529000.0,0.1332404520505689,1444051000.0,396510000.0,1192400000.0,804935000.0,1044155000.0,929216000.0,160724000.0,609769720.0,1367645720.0,18.799070737720463,1.481361849093405,0.6109451812989984,2.2250031525056113,0.015112991989678817,18.799070737720463,0.03935840205795566,0.7772579201900794,9.76819364347046,1.5378419711987088,0.0,0.7317835680832013,0.0,0.5432730561455239,0.3064210153614888,0.010807097533258868,16.238009160630593,0.1332404520505689,0.10606060606060598,35.91678165151836,2.7010606711023013,2.321621775635757,0.11131311198290435,0.10987838702794965,0.07227074960975123,2.8759567913087274,1.5974624782097087,0.7382756460415558,Industrial Distribution,Industrials,TITN
2013Q3,2013,Q3,2012-12-06,2012-10-31,14061000.0,582112000.0,30109000.0,0.66,94059000.0,0.16158230718487163,1508448000.0,380379000.0,1269647000.0,889690000.0,1124448000.0,1048004000.0,145118000.0,491210400.0,1362254400.0,18.275151340443934,1.4270667311085883,0.6541239737796729,2.5940233293636084,0.013300441127658668,18.275151340443934,0.03696576309417712,0.8438417349238635,8.733560913164071,1.291370974738353,0.0,0.46569765000896945,0.0,0.3859012707100278,0.23855050635614652,0.009321501304652199,-5.408078917526341,0.16158230718487163,1.6400000000000001,0.08157348691804399,-0.08045154048794227,3.3276621620070554,0.3367489056904099,1.6993664810904203,1.1728368333694161,1.074388404495887,1.16871292902306,0.7212888124233563,Industrial Distribution,Industrials,TITN
2013Q2,2013,Q2,2012-09-10,2012-07-31,5209000.0,410071000.0,13857000.0,0.25,70364000.0,0.17158979786427228,1374806000.0,365499000.0,1139098000.0,779890000.0,1005995000.0,938267000.0,131057000.0,591011640.0,1361795640.0,17.58813339107839,1.4605880316454884,0.6526688129088759,2.4549807249814637,0.006628715053457676,17.58813339107839,0.014251748978793376,1.4412422239075673,28.36492800921482,1.6169993351554997,0.0,0.36205792167901035,0.0,0.29827553851234284,0.2471015143161215,0.003788898215457308,-7.159438400969109,0.17158979786427228,-0.3055555555555555,-0.241642880857059,-0.0008967983622968615,3.8817093036506156,-0.0006391228394097345,-0.3143346057654337,-0.10904648620844853,-0.10477977823148904,0.7696065606372131,0.6849945310795903,Industrial Distribution,Industrials,TITN
2013Q1,2013,Q1,2012-06-07,2012-04-30,7597000.0,421723000.0,15553000.0,0.36,70409000.0,0.1669555608776377,1210445000.0,360611000.0,993975000.0,660441000.0,846439000.0,823195000.0,125848000.0,738360490.0,1352364490.0,17.401486271292768,1.5050171022089784,0.5954182139626336,1.9986106912989343,0.008686978891875308,17.401486271292768,0.021067022359273567,1.7508186416202105,24.29776523627748,2.0475262540521504,0.0,0.42676887007331193,0.0,0.3484032731763938,0.24286196647391667,0.006276204205891222,-14.41913195461558,0.1669555608776377,-0.5764705882352941,3.020641034289478,0.554924614197445,4.3159707129370295,-0.24136407714685917,-0.573226223245885,-0.521534485941057,2.5985947926587922,1.1501872303220038,0.7397426772700311,Industrial Distribution,Industrials,TITN
2012Q4,2012,Q4,2012-04-11,2012-01-31,17801000.0,607018000.0,32506000.0,0.85,92810000.0,0.15289497181302697,1088072000.0,336337000.0,921025000.0,661882000.0,750733000.0,748047000.0,118251000.0,512687019.99999994,1047433020.0,16.23013077257154,1.391524471129295,0.5648412972670926,1.8272982157776279,0.020512441451549217,16.23013077257154,0.05292608306549681,0.8445993693761963,7.20025588450087,1.5243253641437011,0.0,0.6874006579800467,0.0,0.557884037085781,0.2500445698780145,0.016360130579594,-20.586533087054285,0.15289497181302697,0.39344262295081966,3.5406317822922833,0.9253161130539284,4.832810325562798,0.25424003675824697,0.390703125,0.3579813677570289,3.7609172280641436,1.7233763980134147,0.6411622337591166,Industrial Distribution,Industrials,TITN
2012Q3,2012,Q3,2011-12-09,2011-10-31,12800000.0,422960000.0,23937000.0,0.61,73997000.0,0.17495034991488556,1051417000.0,317331000.0,894243000.0,660874000.0,734086000.0,738345000.0,100450000.0,479944759.99999994,1020286760.0,15.425384017110636,1.3531217751038775,0.6070208109627293,2.0112500827211965,0.015028213680711083,15.425384017110636,0.040336431045186256,1.134728484963117,9.373921093749999,1.5124420872842552,0.0,0.47262864920870323,0.0,0.4022761663545482,0.22824623150555173,0.012174047024158826,-4.186501862335464,0.17495034991488556,1.0333333333333334,1.9720670181735604,0.22117108246578102,0.0,0.3249001808383019,1.0346526784295025,1.0301077092697821,0.33438658905747726,0.6867530296629782,0.5893499269933907,Industrial Distribution,Industrials,TITN
2012Q2,2012,Q2,2011-09-08,2011-07-31,6291000.0,310849000.0,11791000.0,0.3,55851000.0,0.17967244546387473,917655000.0,304111000.0,783562000.0,568938000.0,613544000.0,622471000.0,87650000.0,525554890.0,953940890.0,15.027474428027869,1.377236183907561,0.5781911502688919,1.7446919052582774,0.00855897464367666,15.027474428027869,0.02068652564359724,1.6907079964870404,20.885188761723096,1.728167971563015,0.0,0.40965442566802307,0.0,0.3387427737003558,0.2736502044159469,0.0068555175964823386,-5.3489414171433225,0.17967244546387473,-0.25000000000000006,0.484905096220251,-0.08765925098798039,0.0,0.05772399295494574,-0.13442487616951018,-0.1179022967008304,0.5512729711656562,0.8934653286036482,0.542200503559494,Industrial Distribution,Industrials,TITN
2012Q1,2012,Q1,2011-06-09,2011-04-30,7268000.0,318165000.0,13367000.0,0.4,52803000.0,0.16596105794163407,711456000.0,222132000.0,600764000.0,444039000.0,489324000.0,463506000.0,81359000.0,558540840.0,872509840.0,12.511659344373099,1.352953231585514,0.5560090855934872,1.7808150108944232,0.012875739140938064,12.511659344373099,0.032719284029315905,1.7555068596482957,19.212329389102916,2.5144546485873267,0.0,0.5725103882150393,0.0,0.4472026379705843,0.29970565648512854,0.01021567039985607,-39.179351851851855,0.16596105794163407,-0.29824561403508765,0.9554370849883019,0.06441238048091254,0.0,-0.058753275459455606,-0.2986586895686577,-0.23244329600918748,0.6254851120754378,0.5796064868628257,1.1128763608461385,Industrial Distribution,Industrials,TITN
2011Q4,2011,Q4,2011-04-18,2011-01-31,10363000.0,368059000.0,17415000.0,0.57,56099000.0,0.15241849812122513,648846000.0,214557000.0,555151000.0,388054000.0,434289000.0,429844000.0,74091000.0,430179420.0,712484420.0,12.084994930719837,1.4306024419281853,0.5523914765599233,1.6704978164310649,0.018323067645751017,12.084994930719837,0.0482995194750113,1.1687784295452632,10.377772363215286,2.004965673457403,0.0,0.7257516680470124,0.0,0.5672517053353184,0.3119591603230478,0.01597143235837163,-14.778735055654803,0.15241849812122513,0.3571428571428571,2.7132594123971705,0.5769451778401363,4.417110435940298,0.16926507982825462,0.3447962626524786,0.15110053539559787,28.12321226363088,1.062835018165726,1.1353067329962214,Industrial Distribution,Industrials,TITN
2011Q3,2011,Q3,2010-12-09,2010-10-31,7706000.0,311307000.0,15129000.0,0.42,47978000.0,0.1541179607268709,609360000.0,203500000.0,533598000.0,373398000.0,405860000.0,428830000.0,63728000.0,339974250.0,628518250.0,11.522563841232094,1.4290328282422509,0.5818333989759747,1.7422407862407863,0.016316370656843493,11.522563841232094,0.03786732186732187,1.0920867503782439,11.029530560602128,1.6706351351351352,0.0,0.6140638481449525,0.0,0.5108753446238676,0.2704299433848066,0.01264605487724826,-21.101995531003663,0.1541179607268709,1.8000000000000003,1.7732537524694385,0.3396114536155862,0.0,0.3309476253883711,1.8393515106853353,1.2131363370392043,-0.3014313546456592,-0.42044158643194957,1.7286101557285096,Industrial Distribution,Industrials,TITN
2011Q2,2011,Q2,2010-09-08,2010-07-31,2714000.0,209666000.0,6836000.0,0.15,36048000.0,0.17193059437390898,587805000.0,195450000.0,514384000.0,358816000.0,392355000.0,419945000.0,56022000.0,251651450.0,540848450.0,11.0830734335129,1.4335592615713904,0.5965549799678465,1.7941059094397545,0.0073838204151212405,11.0830734335129,0.013885904323356357,1.200249205879828,23.180863117170226,1.2875489895113839,0.0,0.41343033016228314,0.0,0.3566931210180247,0.25344187550164987,0.004617177465315879,-5.61258447264536,0.17193059437390898,0.6666666666666666,-0.021839154760436512,-0.09643832431758319,0.0,0.04659872833376884,0.7408595253367544,0.47105659565310953,-0.5343922158568408,-0.39803632965993685,2.0761844642858702,Industrial Distribution,Industrials,TITN
2011Q1,2011,Q1,2010-06-09,2010-04-30,1559000.0,205457000.0,4647000.0,0.09,34443000.0,0.1676409175642592,528986000.0,192367000.0,462815000.0,305242000.0,336619000.0,352682000.0,53308000.0,253332460.0,462988460.0,10.91939603791792,1.516223193400646,0.5500901725187434,1.5126814890287836,0.00567306764327582,10.91939603791792,0.008104300633684572,1.2330193665827887,40.62419178960873,1.3169226530537983,0.0,0.484895741773042,0.0,0.3883978025883483,0.34911316267092996,0.002947147939643015,42.19394736842105,0.1676409175642592,-0.5263157894736842,-0.43754205471080126,-0.11367245895899628,0.0,-0.06880609927544068,-0.536425810288433,-0.3499790180444817,-0.02944542266740598,-0.10890569882906118,2.3357604422728393,Industrial Distribution,Industrials,TITN
2010Q4,2010,Q4,2010-04-15,2010-01-31,3363000.0,252270000.0,7149000.0,0.19,36988000.0,0.14662068418757682,514812000.0,190524000.0,450889000.0,292286000.0,324288000.0,347580000.0,51749000.0,194844020.0,397601020.0,10.814781177271954,1.5426294793455726,0.5418327467114209,1.464078016417879,0.00850831726975192,10.814781177271954,0.017651319518800782,0.7723630237444008,14.484390425215583,1.0226744137221557,0.0,0.6193739570746303,0.0,0.49002354257476516,0.34224697727568204,0.006532481760331927,-10.019748020158387,0.14662068418757682,-0.40625,0.2143976578326898,0.08925364528350753,3.8477359166191247,-0.06555844680797313,-0.413396127681842,-0.39369010262064286,0.00906565470712583,-0.05878951645355491,2.886633336688724,Industrial Distribution,Industrials,TITN
2010Q3,2010,Q3,2009-12-10,2009-10-31,5733000.0,227018000.0,11791000.0,0.32,39583000.0,0.1743606233866918,526487000.0,186904000.0,464246000.0,308260000.0,339583000.0,355196000.0,48386000.0,188890920.0,401476920.0,10.617132469893207,1.506020891455265,0.5602455521218948,1.5781470701536617,0.014433933996805034,10.617132469893207,0.030673500834653086,0.8320526125681664,8.237001569858712,1.0106306981124,0.0,0.5276945686325296,0.0,0.43119393261372074,0.34376500356841627,0.010889157756981654,-21.440513053348468,0.1743606233866918,0.18518518518518512,1.0698862378733032,-0.019936557685357882,0.0,0.09928349255720952,0.18181818181818182,0.2616092445966189,0.5555920899851798,-0.23404604458975756,0.0,Industrial Distribution,Industrials,TITN
2010Q2,2010,Q2,2009-09-09,2009-07-31,4851000.0,193192000.0,9346000.0,0.27,36008000.0,0.18638452938009856,519548000.0,180840000.0,455586000.0,302286000.0,338708000.0,346463000.0,42653000.0,215349750.0,426549750.0,10.438095238095238,1.5071356265258729,0.5719991223140114,1.6433366511833665,0.011529789277955647,10.438095238095238,0.026824817518248174,1.1146928961861775,11.098214285714285,1.190830291970803,0.0,0.4536819227449973,0.0,0.37184629716599815,0.3523318976069021,0.009336962128619493,-14.516329625884731,0.18638452938009856,1.7,0.7796472445187609,-0.15253620882924646,0.0,0.2627296956094824,1.7100558659217877,1.4523747048018893,0.3374673090158294,-0.33767732282600155,0.0,Industrial Distribution,Industrials,TITN
2010Q1,2010,Q1,2009-06-09,2009-04-30,1790000.0,166301000.0,3811000.0,0.1,28516000.0,0.1714722100288032,453157000.0,175751000.0,394379000.0,249980000.0,277406000.0,290832000.0,37802000.0,177994230.0,329896230.0,10.00233339024529,1.5776422113769102,0.5089097156173247,1.3121746106707786,0.0055439292095806085,10.00233339024529,0.010184863813008177,1.070313648144028,24.85952932960894,1.012763682710198,0.0,0.47376148429333775,0.0,0.3669831868425292,0.4052684214737179,0.003950065871210199,-7.346026826248452,0.1714722100288032,-0.4444444444444444,-0.35251092146788504,-0.28071063632352244,0.0,-0.12245228118861863,-0.4353811019846827,-0.4007982229288467,-0.5133892527585359,-0.43785013356753866,0.0,Industrial Distribution,Industrials,TITN
2009Q4,2009,Q4,2009-04-16,2009-01-31,3170280.0,188989533.0,6360128.0,0.18,32495099.0,0.17194126301163992,410248195.0,173766872.0,350152755.0,216222618.0,236481323.0,241093957.0,36012025.0,178345650.0,281219030.0,9.889412782425588,1.6194085440219765,0.4604884318869459,1.0871724041853041,0.01039110321490867,9.889412782425588,0.01824444419992782,0.943680039677118,14.063872118551043,1.0263501204073007,0.0,0.649101437245895,0.0,0.4606712114845502,0.4953247120520944,0.007727712245022797,-3.68702491571733,0.17194126301163992,-0.6,0.14780245718809765,-0.1818430154673579,3.4329386562521327,-0.12989441269404006,-0.6126672760000396,-0.5518735711413515,0.14780245718809765,-0.1818430154673579,3.4329386562521327,Industrial Distribution,Industrials,TITN
2009Q3,2009,Q3,2008-12-15,2008-10-31,8184901.0,213960167.0,14192709.0,0.45,37346156.0,0.17454723710325015,388125983.0,170364108.0,348805954.0,208984670.0,217761875.0,234688943.0,32841745.0,217311290.08,300738071.08000004,9.705467471402716,1.6690504332207716,0.45137912604011365,1.0283384749092808,0.02425493239777589,9.705467471402716,0.04804357617392039,1.0156623689679585,6.63756623568202,1.2755696762137247,0.0,0.7525450868812341,0.0,0.5512647345745981,0.5380796304341366,0.021088258345229104,8.213046238597574,0.17454723710325015,1.368421052631579,1.9636552369450175,-0.07364694264851356,0.0,0.46865579702322574,1.4560909541841223,1.381816564646257,1.9636552369450175,-0.07364694264851356,0.0,Industrial Distribution,Industrials,TITN
2009Q2,2009,Q2,2008-09-15,2008-07-31,3332491.0,134905496.0,5958775.0,0.19,25428801.0,0.18849343988179695,338010275.0,162042455.0,303348583.0,168548137.0,175967820.0,183170750.0,24656844.0,455985578.82000005,491416960.82000005,9.744176839096816,1.7997741677797363,0.3621712742312345,0.7554662881403519,0.012462380923201918,9.744176839096816,0.020565542530196792,3.380037080327699,34.207562662584834,2.8139883391670413,0.0,0.5976756387141506,0.0,0.3991165534834703,0.7038123654846449,0.009859141116346242,-20.95413435250849,0.18849343988179695,-0.2083333333333333,0.27368262116154773,-0.38347421886996114,0.0,0.033718411258834076,-0.016130484626056242,-0.07146701596657093,0.27368262116154773,-0.38347421886996114,0.0,Industrial Distribution,Industrials,TITN
2009Q1,2009,Q1,2008-06-16,2008-04-30,3387127.0,152581912.0,6417408.0,0.24,24599350.0,0.1612206170283146,240014180.0,79640981.0,212203540.0,146442270.0,160373199.0,140655034.0,21324351.0,244909549.59,313700048.59000003,5.921623989092568,1.449059346048105,0.46147036812574993,1.3907341497965726,0.020052677720776856,5.921623989092568,0.04252995075487581,1.60510211452849,18.076495920436404,3.0751699252674953,0.0,0.9099038858431473,0.0,0.6357204061860012,0.47895484684852263,0.014112195371123489,47.65620020933663,0.1612206170283146,11.631578947368421,0.6007061079939465,-0.13779103290857367,0.0,0.04644821412087307,11.565671442456798,0.04354867901185784,0.6007061079939465,-0.13779103290857367,0.0,Industrial Distribution,Industrials,TITN
2008Q4,2008,Q4,2008-04-28,2008-01-31,269554.0,135161345.0,6149601.0,0.019,23507470.0,0.1739215453945061,239369466.0,76117055.0,212947174.0,146192927.0,163252411.0,145766866.0,17937226.0,221642469.92000002,304724247.92,5.659606062199038,1.4566174873836406,0.525899502152877,1.6538249279350075,0.007032474777417208,5.659606062199038,0.0035413088433334686,1.6398362262524098,205.56407057584008,2.911863444007391,0.0,0.7659756847622696,0.0,0.5646557485322711,0.4510341050904604,0.0011261001852257966,33.27864078597016,0.1739215453945061,-0.9472222222222222,-0.8724982883486965,-0.23554469264228567,1.5369237834693252,0.15322376185088246,-0.9006928738293225,0.024305600666791258,-0.8724982883486965,-0.23554469264228567,1.5369237834693252,Industrial Distribution,Industrials,TITN
2008Q3,2008,Q3,2007-10-31,2007-10-31,2714347.0,132171288.0,6003678.0,0.36,20384136.0,0.1542251445714897,192651833.0,18351365.0,170604886.0,140480728.0,174300468.0,146048648.0,17714103.0,41197330.800000004,181440359.8,4.222869220449593,1.2144362321356992,0.7476731508700465,7.849040275750605,0.02250333809700607,4.222869220449593,0.1479098148829801,0.3116965221675074,3.794405321058804,2.244919154515209,0.0,0.7654103857229818,0.0,0.6860629662423197,0.16736867280471382,0.014089390989599356,-24.300564847781313,0.1542251445714897,0.5652173913043477,2.9699087139285183,1.3114347445467498,0.0,0.3286441753772538,0.8901058574649637,0.5251638864296574,2.9699087139285183,1.3114347445467498,0.0,Industrial Distribution,Industrials,TITN
2008Q2,2008,Q2,2007-07-31,2007-07-31,1436082.0,85811868.0,3936415.0,0.23,15342058.0,0.17878713466533558,155529643.0,15653553.0,135853261.0,111348274.0,139876090.0,122488451.0,15030646.0,41188258.440000005,159780865.44,3.6028637301130813,1.22007514009602,0.7703658716685925,7.654155513447969,0.01720743214041165,3.6028637301130813,0.0917416001338482,0.47998324008049803,7.170248363255023,2.6312402328084876,0.0,0.5753179946736366,0.0,0.5517396320391477,0.11368292067104695,0.009233493836284315,24.2435323949432,0.17878713466533558,2.8333333333333335,1.100825799207023,0.5010236002647369,0.0,0.49871678599436775,2.275824155770687,1.3249954963867732,1.100825799207023,0.5010236002647369,0.0,Industrial Distribution,Industrials,TITN
2008Q1,2008,Q1,2007-04-30,2007-04-30,438388.0,62925950.0,1693085.0,0.06,10236796.0,0.16268003899821934,141265575.0,15738677.0,124275986.0,99156853.0,125526898.0,111657846.0,14181692.0,45579840.0,154341423.0,3.273435316139767,1.2533272511179838,0.7889535861797894,7.081407287283423,0.008249440870926408,3.273435316139767,0.027854183677573408,0.7243409118177795,25.992864768196213,2.8960401182386555,0.0,0.4718804444785725,0.0,0.44544433419111484,0.11960683141083552,0.003103289672660873,-64.3431344731058,0.16268003899821934,-0.5384615384615385,-0.42047777793700203,-0.0053493329759503215,0.0,0.0,-0.518031438755115,1.0081305929145867,-0.42047777793700203,-0.0053493329759503215,0.0,Industrial Distribution,Industrials,TITN
2007Q4,2007,Q4,2007-01-31,2007-01-31,909578.0,73149499.0,-208236351.0,0.13,0.0,0.0,138872083.0,13378537.0,125395048.0,99023965.0,125493546.0,106253862.0,12863630.0,45579840.0,149064658.0,2.782557612312812,1.2663101098809768,0.7997058559278614,8.301118276236034,,2.782557612312812,0.06798785248342176,0.623105292901596,12.52774363496039,3.4069375448152512,,0.0,,0.5267401296198603,0.1867532672520233,0.006549754135969863,0.0,0.0,-0.07142857142857148,0.20348725790806954,0.1572901750724678,0.24728408796833573,0.0,0.0,-3.846722821071914,0.20348725790806954,0.1572901750724678,0.24728408796833573,Industrial Distribution,Industrials,TITN
2007Q3,2007,Q3,2006-10-31,2006-10-31,909578.0,73149500.0,73149500.0,0.14,0.0,0.0,,,,,,,,,,,,,,,,,,,,,,,,,,,,,,,,,,,,,,Industrial Distribution,Industrials,TITN
2007Q2,2007,Q2,2006-07-31,2006-07-31,909578.0,73149500.0,73149500.0,0.14,0.0,0.0,,,,,,,,,,,,,,,,,,,,,,,,,,,,,,,,,,,,,,Industrial Distribution,Industrials,TITN
2007Q1,2007,Q1,2006-04-30,2006-04-30,909578.0,73149500.0,73149500.0,0.14,0.0,0.0,,,,,,,,,,,,,,,,,,,,,,,,,,,,,,,,,,,,,,Industrial Distribution,Industrials,TITN
