Quarters,Year,Quarter,FillingDate,Date,NetIncome,Revenue,OperatingIncome,EPSDiluted,GrossProfit,GrossProfitRatio,TotalAssets,CommonStockEquity,CurrentAssets,CurrentLiability,TotalLiability,Inventory,RetainedEarnings,MarketCap,EnterpriseValue,bookValuePerShare,currentRatio,debtToAssets,debtToEquity,roic,shareholdersEquityPerShare,roe,priceToSalesRatio,peRatio,pbRatio,payoutRatio,inventoryTurnover,dividendYield,assetTurnover,quickRatio,returnOnAssets,priceToFreeCashFlowsRatio,grossProfitMargin,epsdilutedGrowth,fiveYNetIncomeGrowthPerShare,fiveYRevenueGrowthPerShare,fiveYShareholdersEquityGrowthPerShare,grossProfitGrowth,netIncomeGrowth,operatingIncomeGrowth,threeYNetIncomeGrowthPerShare,threeYRevenueGrowthPerShare,threeYShareholdersEquityGrowthPerShare,Industry,Sector,Symbol
2023Q1,2023,Q1,2023-05-15,2023-03-31,2977000.0,12136000.0,6097000.0,0.66,12136000.0,1.0,1362055000.0,60592000.0,77871000.0,14166000.0,1301463000.0,0.0,86060000.0,99729498.66,140280498.66,13.4332282624552,5.49703515459551,0.045019474250305606,1.0119982836017956,0.04333102683574705,13.4332282624552,0.04913189860047531,8.217658096572181,8.374999887470608,1.6459185810007921,0.5374538125629829,0.0,0.01604339760550442,0.008910066039917624,24.939150077650712,0.0021856679796337154,52.93497805732484,1.0,-0.14285714285714285,0.07291446654564517,0.27886207729532486,0.013917654803933836,-0.040632411067193674,-0.13559814169570267,-0.22013302634944998,0.34693889787935694,0.20291767411560818,-0.1841112501009393,Banks—Regional,Financial Services,UNB
2022Q4,2022,Q4,2023-03-24,2022-12-31,3444000.0,12650000.0,7818000.0,0.77,12650000.0,1.0,1336395000.0,55220000.0,271199000.0,13058000.0,1281175000.0,0.0,84669000.0,107389727.9973,152662727.9973,12.34593571215055,20.768800735181497,0.04953999378926141,1.1989315465411083,0.05204022463241961,12.34593571215055,0.062368706990220936,8.489306561051384,7.795421602591463,1.944761463189062,0.4523809523809524,0.0,0.014507905262961198,0.009465764238866503,25.190611119620158,0.002577082374597331,17.544474431841202,1.0,-0.07228915662650595,0.7906976065874215,0.34657311178880207,-0.0592820437719774,-0.019911675834818315,-0.08355508249068654,0.4051042415528397,0.2622952092635295,0.18719685742391187,-0.2227487399578658,Banks—Regional,Financial Services,UNB
2022Q3,2022,Q3,2022-11-14,2022-09-30,3758000.0,12907000.0,5564000.0,0.83,12907000.0,1.0,1300290000.0,49728000.0,316203000.0,12954000.0,1250562000.0,0.0,82801000.0,101684771.76,124378771.76,11.062102422326369,24.40968040759611,0.03168216320974552,0.828426640926641,0.05064235133793046,11.062102422326369,0.07557110682110682,7.878265418765012,6.764553736029804,2.044819251930502,0.41511442256519426,0.0,0.015341530231114323,0.009926247221773604,24.40968040759611,0.0028901245106860776,16.429919495879787,1.0,0.2769230769230768,0.5740371260275072,0.3753156092238596,-0.17184758973236194,0.09048665089557283,0.28215626066189015,0.21009134406263594,0.34834728664061887,0.22318610535352693,-0.30817737090612596,Banks—Regional,Financial Services,UNB
2022Q2,2022,Q2,2022-08-15,2022-06-30,2931000.0,11836000.0,4598000.0,0.65,11836000.0,1.0,1191913000.0,59946000.0,280019000.0,12726000.0,1131967000.0,0.0,80617000.0,117518806.05,115352806.05,13.339038684013246,22.003693226465504,0.013581528182006572,0.27004303873486135,0.04998966321119616,13.339038684013246,0.048894004604143726,9.928929203278134,10.02378079580348,1.9604111375237714,0.5315591948140567,0.0,0.013257452593052447,0.009930254976663565,26.265676567656765,0.0024590720967050447,80.93581683884297,1.0,0.18181818181818177,0.30670138085153,0.3177051312255835,0.018132812799917304,0.07424214921038301,0.18090249798549557,0.2538860103626943,0.15172366086329653,0.17974619245262125,-0.13298033923383942,Banks—Regional,Financial Services,UNB
2022Q1,2022,Q1,2022-05-13,2022-03-31,2482000.0,11018000.0,3667000.0,0.55,11018000.0,1.0,1233543000.0,69417000.0,342569000.0,13703000.0,1164126000.0,0.0,79259000.0,139770261.1805,136710261.1805,15.44360227468152,24.999562139677444,0.013115878408778616,0.2330697091490557,0.036615300694388925,15.44360227468152,0.03575493034847372,12.685629077917952,14.078390529865029,2.0134874912557446,0.628525382755842,0.0,0.011161172532870982,0.008931995074350874,24.999562139677444,0.002012090377068331,9.570683455251986,1.0,-0.2763157894736842,0.2766220745673551,0.28149561406558,0.20535654425325517,-0.10027764167891556,-0.26524570751924215,-0.23364681295715778,-0.06409332473191263,0.13501301762853146,0.028101508560995133,Banks—Regional,Financial Services,UNB
2021Q4,2021,Q4,2022-03-24,2021-12-31,3378000.0,12246000.0,4785000.0,0.76,12246000.0,1.0,1205361000.0,84341000.0,60284000.0,9767000.0,1121020000.0,0.0,78350000.0,132586504.71,130902504.71,18.975475939296295,6.172212552472612,0.013415897809867749,0.1917335578188544,0.04014326826379342,18.975475939296295,0.04005169490520625,10.826923461538462,9.812500348579041,1.5720290808740707,0.4351687388987567,0.0,0.011087101234135853,0.010159611933686257,6.172212552472612,0.002802479920953142,-5.9227421026534435,1.0,-0.1264367816091954,0.43396211537126095,0.36831527634229905,0.4918091047591954,-0.08249044729152619,-0.13936305732484078,0.0,8.599999730017771,0.219299154980261,0.2828623388586291,Banks—Regional,Financial Services,UNB
2021Q3,2021,Q3,2021-11-15,2021-09-30,3925000.0,13347000.0,0.0,0.87,13347000.0,1.0,1158286000.0,83748000.0,0.0,0.0,1074538000.0,0.0,76452000.0,144277578.12,150211578.12,18.56325199590202,0.0,0.019998515047233587,0.27659167980130867,0.0,18.56325199590202,0.046866790848736684,10.809738377163407,9.18965465732484,1.7227584911878493,0.37452229299363055,0.0,0.01018869334483392,0.011523060798455649,0.0,0.003388627679174228,4.923645296386035,1.0,0.2985074626865671,0.7058825162512653,0.4427429207698071,0.45325018673785844,0.1068999834135014,0.3122701437646272,0.0,0.6812278484533798,0.3964760042368526,0.3640241036899306,Banks—Regional,Financial Services,UNB
2021Q2,2021,Q2,2021-08-16,2021-06-30,2991000.0,12058000.0,0.0,0.67,12058000.0,1.0,1066137000.0,82367000.0,0.0,0.0,983770000.0,0.0,74006000.0,161603279.8,150867279.8,18.450649044314755,0.0,0.006719586694768121,0.08697658042662716,0.0,18.450649044314755,0.03631308655165297,13.402162862829657,13.507462370444669,1.9619906006046113,0.49147442326980945,0.0,0.009096350035836339,0.011309991117464266,0.0,0.002805455584038449,-945.048419883041,1.0,0.04687500000000004,0.39653437583485884,0.373788305622014,0.4694103094919673,0.09419237749546279,0.03998609179415855,0.0,0.22124239184670613,0.2881469720343781,0.370772199025288,Banks—Regional,Financial Services,UNB
2021Q1,2021,Q1,2021-05-10,2021-03-31,2876000.0,11020000.0,0.0,0.64,11020000.0,1.0,1104318000.0,79823000.0,0.0,0.0,1024495000.0,0.0,72494000.0,134812500.0,122601500.0,17.763115438108485,0.0,0.006487261821323206,0.08974856870826704,0.0,17.763115438108485,0.03602971574608822,12.233439201451906,11.71875,1.6888929255978853,0.5100834492350487,0.0,0.010881780250347705,0.009979009669316266,0.0,0.002604322305712666,-26.54834580543521,1.0,-0.24705882352941172,0.6220725412166004,0.34623015486044784,0.44839322427315814,-0.16025299093195153,-0.24196099103848182,0.0,0.0404018929741536,0.16561659391813927,0.3407303140493755,Banks—Regional,Financial Services,UNB
2020Q4,2020,Q4,2021-03-19,2020-12-31,3794000.0,13123000.0,0.0,0.85,13123000.0,1.0,1093554000.0,80867000.0,964482000.0,0.0,1012687000.0,0.0,71097000.0,114757330.59,103809330.59,18.117278951251354,0.0,0.006551116817276513,0.0885899068841431,0.0,18.117278951251354,0.04691654197633151,8.7447481970586,7.561764008302583,1.4190872740425637,0.37453874538745385,0.0,0.012382651223187536,0.012000321886253445,0.0,0.0034694217203722908,25.22139133846154,1.0,-0.07608695652173919,0.9318181595301186,0.5517091843071655,0.4812096483825812,-0.041627108741692835,-0.08512177477694718,0.0,0.976744172991229,0.39980187836441594,0.3804745160515149,Banks—Regional,Financial Services,UNB
2020Q3,2020,Q3,2020-11-09,2020-09-30,4147000.0,13693000.0,0.0,0.92,13693000.0,1.0,1009135000.0,78424000.0,897466000.0,0.0,930711000.0,0.0,68735000.0,90755940.60000001,86188940.60000001,17.524348373069476,0.0,0.009411030238768846,0.1210981332245231,0.0,17.524348373069476,0.05287922064674079,6.627907733878625,5.471180407523511,1.157247023870244,0.34338075717386063,0.0,0.015690432941201867,0.013569046757866887,0.0,0.004109460082149564,6.118103047054065,1.0,0.5333333333333334,1.0153326237773628,0.6153458309904392,0.45173716874154424,0.2718744194686977,0.5543478260869565,0.0,0.7448111876704012,0.4656554126943357,0.3119415088976538,Banks—Regional,Financial Services,UNB
2020Q2,2020,Q2,2020-08-10,2020-06-30,2668000.0,10766000.0,0.0,0.6,10766000.0,1.0,917083000.0,75767000.0,808260000.0,0.0,841316000.0,0.0,66020000.0,83241606.24,76887606.24,17.03905419497345,0.0,0.01035566028374749,0.12534480710599602,0.0,17.03905419497345,0.03521321947549725,7.731897291473156,7.800000584707646,1.0986525299932688,0.5322338830584707,0.0,0.017058777024387222,0.011739395452756185,0.0,0.002909224137837033,-4.072485628180039,1.0,0.22448979591836732,0.3263506194628566,0.3036169791575754,0.4400801018421349,0.07402234636871509,0.21493624772313297,0.0,0.20211890404868965,0.21134744049149043,0.3005450082223722,Banks—Regional,Financial Services,UNB
2020Q1,2020,Q1,2020-05-08,2020-03-31,2196000.0,10024000.0,0.0,0.49,10024000.0,1.0,883087000.0,73788000.0,770308000.0,0.0,809299000.0,0.0,64783000.0,100836742.5,150709742.5,16.464534244548805,0.0,0.07039397024302249,0.8424676099094703,0.0,16.464534244548805,0.029760936737680925,10.059531374700718,11.479592725409836,1.366573731501057,0.6484517304189436,0.0,0.014121836591458714,0.011351089983206638,0.0,0.0024867312054191715,-14.378545914729788,1.0,-0.19672131147540983,0.16666650204097516,0.2721095359826548,0.4101499172156413,-0.0696983758700696,-0.20405944182674882,0.0,0.13285376204278165,0.1693280211068912,0.2850391862450359,Banks—Regional,Financial Services,UNB
2019Q4,2019,Q4,2020-03-13,2019-12-31,2759000.0,10775000.0,0.0,0.61,10775000.0,1.0,872912000.0,71843000.0,761683000.0,0.0,801069000.0,0.0,64019000.0,164002203.26,199196203.26,15.884098678053332,0.0,0.05403064684641751,0.6564870620658937,0.0,15.884098678053332,0.03840318472224155,15.220622112296983,14.860656330192096,2.2827861205684616,0.4976440739398333,0.0,0.00837183874794244,0.012343741408068626,0.0,0.00316068515497553,16.45782270546914,1.0,-0.01612903225806453,0.4186046171809709,0.32227312946416714,0.3538020947438393,0.03945591356357322,0.007669831994156318,0.0,0.1509432718096748,0.18313250157382377,0.24877199942802744,Banks—Regional,Financial Services,UNB
2019Q3,2019,Q3,2019-11-08,2019-09-30,2738000.0,10366000.0,0.0,0.62,10366000.0,1.0,844888000.0,70613000.0,0.0,0.0,774275000.0,0.0,62645000.0,139373031.23999998,174349031.23999998,15.989795587945913,0.0,0.05582278361155561,0.6679223372466826,0.0,15.989795587945913,0.038774729865605484,13.445208493150682,12.725806358655953,1.9737588155155565,0.5032870708546384,0.0,0.00988713517773096,0.01226908181912869,0.0,0.0032406662184810294,-56.95669441765426,1.0,0.10714285714285703,0.31914887134799275,0.2581830907700068,0.3731831964173924,0.039302185682775215,0.08221343873517786,0.0,0.2156863316314273,0.14470908343755595,0.2517835468274829,Banks—Regional,Financial Services,UNB
2019Q2,2019,Q2,2019-08-08,2019-06-30,2530000.0,9974000.0,0.0,0.56,9974000.0,1.0,773888000.0,68736000.0,0.0,0.0,705152000.0,0.0,61292000.0,167183130.16,197968130.16,15.384932185074002,0.0,0.05476373842209725,0.616576466480447,0.0,15.384932185074002,0.036807495344506516,16.761893940244637,16.52007215019763,2.432249915037244,0.5442687747035573,0.0,0.008236476962012637,0.012888169864373139,0.0,0.0032692069136619254,-96.91775661449275,1.0,-0.0508474576271185,0.31693222823155914,0.2830565063751778,0.3232550907001482,0.03960808838857619,-0.03471957268218237,0.0,0.1803441980406072,0.13544690426534603,0.22525651587028594,Banks—Regional,Financial Services,UNB
2019Q1,2019,Q1,2019-05-08,2019-03-31,2621000.0,9594000.0,0.0,0.59,9594000.0,1.0,813332000.0,66731000.0,0.0,0.0,746601000.0,0.0,60147000.0,202083547.77,227608547.77,15.021476134489383,0.0,0.046455813861989936,0.5662136038722633,0.0,15.021476134489383,0.039277097600815214,21.063534268292685,19.27542424360931,3.0283308772534503,0.5238458603586418,0.0,0.0067942195945741735,0.011795920976919635,0.0,0.003222546266469289,-465.6302944009217,1.0,6.8999999999999995,0.4749999606066396,0.270216782891514,0.30444056697184496,-0.026187576126674786,7.011467889908257,0.0,0.4953480839972484,0.18558124571186219,0.22484168543421792,Banks—Regional,Financial Services,UNB
2018Q4,2018,Q4,2019-03-15,2018-12-31,-436000.0,9852000.0,0.0,-0.1,9852000.0,1.0,805337000.0,64491000.0,708622000.0,0.0,740846000.0,0.0,58911000.0,208190000.0,222666000.0,14.79151376146789,0.0,0.034545786422330034,0.43139352777907,0.0,14.79151376146789,-0.006760633266657363,21.131749898497766,-119.375,3.228202384828891,-3.055045871559633,0.0,0.0063980018252557756,0.012233388010236709,0.0,-0.0005413882635468133,33.422700272917,1.0,-1.1923076923076923,-1.2943101439790576,0.32262176794471786,0.3351728238585513,0.04132755522672022,-1.1886629164863696,0.0,-1.2272727036844837,0.19259635183453072,0.20930593146034734,Banks—Regional,Financial Services,UNB
2018Q3,2018,Q3,2018-11-08,2018-09-30,2311000.0,9461000.0,0.0,0.52,9461000.0,1.0,779658000.0,60777000.0,684893000.0,0.0,718881000.0,0.0,60686000.0,239460592.83999997,267640592.83999997,13.609181792084968,0.0,0.053856947533405676,0.690886355035622,0.0,13.609181792084968,0.03802425259555424,25.310283568333155,25.904434534833403,3.939987048390016,0.5763738641280831,0.0,0.005562501888943374,0.0121348078259955,0.0,0.0029641201655084665,116.92411759765623,1.0,-0.03703703703703707,0.1010190024109109,0.19656360961372038,0.2858312488984631,0.010358821016659548,-0.05673469387755102,0.0,0.1254145175769011,0.11841714820436221,0.12740026750962602,Banks—Regional,Financial Services,UNB
2018Q2,2018,Q2,2018-08-09,2018-06-30,2450000.0,9364000.0,0.0,0.54,9364000.0,1.0,717645000.0,60109000.0,625284000.0,0.0,657536000.0,0.0,59715000.0,231771750.29999998,286578750.29999995,13.460040302418168,0.0,0.09620216123570846,1.1485634430784075,0.0,13.460040302418168,0.04075928729474788,24.751361629645448,23.650178602040818,3.855857696850721,0.5436734693877551,0.0,0.0057470334424962926,0.013048234154770116,0.0,0.0034139442203317797,-69.20625568826514,1.0,-0.12903225806451607,0.3715541242128678,0.24177670875863397,0.3204618740143605,-0.0032996274614156464,-0.1081179468511103,0.0,0.21277453243034214,0.1290118562839433,0.13759460987123176,Banks—Regional,Financial Services,UNB
2018Q1,2018,Q1,2018-05-10,2018-03-31,2747000.0,9395000.0,0.0,0.62,9395000.0,1.0,722731000.0,59164000.0,633700000.0,0.0,663567000.0,0.0,58604000.0,226852480.0,245188480.0,13.248835542816195,0.0,0.043259525328234155,0.5284463525116625,0.0,13.248835542816195,0.04643026164559529,24.14608621607238,20.64547506370586,3.834299236021905,0.4848926101201311,0.0,0.005871657210888768,0.012999304028746519,0.0,0.0038008609012205093,25.88753623188406,1.0,0.4418604651162791,0.5772996910354383,0.2585992239398487,0.2925387857759564,0.0007456327226246272,0.4292403746097815,0.0,0.464635384693065,0.19656612813233415,0.13473263600466276,Banks—Regional,Financial Services,UNB
2017Q4,2017,Q4,2018-03-16,2017-12-31,1922000.0,9388000.0,0.0,0.43,9388000.0,1.0,745831000.0,58661000.0,659165000.0,0.0,687170000.0,0.0,57197000.0,236674162.65,255046162.65,13.123950308819229,0.0,0.04234337269435033,0.5383645011165851,0.0,13.123950308819229,0.03276452839194695,25.21028575308905,30.7848806776795,4.0346083880261165,0.6696149843912591,0.0,0.005437855934883985,0.012587301949101069,0.0,0.0025769913023191583,-114.72329745516238,1.0,-0.1886792452830189,-0.1399999149843828,0.016297712853132338,0.2807549073740027,0.007728638900815801,-0.1890295358649789,0.0,1.147704897720199e-07,0.16577294631303272,0.11855458591062984,Banks—Regional,Financial Services,UNB
2017Q3,2017,Q3,2017-11-09,2017-09-30,2370000.0,9316000.0,0.0,0.53,9316000.0,1.0,705346000.0,59607000.0,620961000.0,0.0,645739000.0,0.0,55731000.0,215980837.6,236632837.6,13.357568347535661,0.0,0.04610503214025457,0.5455735064673612,0.0,13.357568347535661,0.03976043082188334,23.18385976814083,22.78278877637131,3.6234139882899656,0.5430379746835443,0.0,0.005958861972669746,0.013207702319145498,0.0,0.0033600530803322057,118.41054692982456,1.0,0.06000000000000005,0.2070516009149148,0.11523635634274877,0.4278114747569902,0.04462884054720789,0.06421194431971262,0.0,0.13000562181531256,0.11901011251456428,0.14713088725539558,Banks—Regional,Financial Services,UNB
2017Q2,2017,Q2,2017-08-09,2017-06-30,2227000.0,8918000.0,0.0,0.5,8918000.0,1.0,664923000.0,58457000.0,579164000.0,0.0,606466000.0,0.0,54655000.0,211938587.5,236511587.5,13.101472142254416,0.0,0.05473566112166371,0.6225943856167782,0.0,13.101472142254416,0.0380963785346494,23.765259867683337,23.79193842613381,3.6255467694202577,0.5783565334530759,0.0,0.006077232160471957,0.013412079293391867,0.0,0.003349259989502544,642.2381439393939,1.0,0.16279069767441862,0.5597457565390257,0.1975638737015427,0.43498928632289613,0.044874048037492675,0.1538860103626943,0.0,0.16074110675486072,0.1487251527128985,0.12685512677941924,Banks—Regional,Financial Services,UNB
2017Q1,2017,Q1,2017-05-10,2017-03-31,1930000.0,8535000.0,0.0,0.43,8535000.0,1.0,676451000.0,57170000.0,588821000.0,0.0,619281000.0,0.0,53722000.0,191645348.15,211154348.15,12.812476398217235,0.0,0.046902140731553355,0.5549588945251006,0.0,12.812476398217235,0.03375896449186636,22.45405367896895,24.824526962435232,3.352201297008921,0.6678756476683938,0.0,0.006725965500561511,0.012617321875494308,0.0,0.00285312609486866,24.601456758664956,1.0,-0.1886792452830189,0.5711880205244966,0.18590651445765682,0.4102396680358194,-0.0419800202042878,-0.17697228144989338,0.0,0.08133983945072865,0.12502342416782047,0.11261462106446922,Banks—Regional,Financial Services,UNB
2016Q4,2016,Q4,2017-03-15,2016-12-31,2345000.0,8909000.0,0.0,0.53,8909000.0,1.0,691381000.0,56279000.0,605541000.0,0.0,635102000.0,0.0,53086000.0,201094797.60000002,217814797.60000002,12.719774855080587,0.0,0.04410881988368208,0.5418717461219993,0.0,12.719774855080587,0.04166740702571119,22.572095364238415,21.43867778251599,3.573176453028661,0.5279317697228145,0.0,0.006156300485020603,0.012885803919980445,0.0,0.0033917622844712248,62.76366966292136,1.0,0.03921568627450984,0.36310045653617024,0.20382924636933322,0.4054157721028641,-0.023028840881675623,0.033950617283950615,0.0,0.5598438695175849,0.17858188963905558,0.14816495363335702,Banks—Regional,Financial Services,UNB
2016Q3,2016,Q3,2016-11-09,2016-09-30,2268000.0,9119000.0,0.0,0.51,9119000.0,1.0,672579000.0,56805000.0,592555000.0,0.0,615774000.0,0.0,51989000.0,151466829.54000002,175274829.54000002,12.773610604221801,0.0,0.055774860648340197,0.6603820086260013,0.0,12.773610604221801,0.03992606284658041,16.610026268231167,16.696079093915344,2.6664348127805653,0.550705467372134,0.0,0.00824602986537167,0.013558258583750014,0.0,0.003372094579224151,531.4625597894737,1.0,0.06250000000000006,0.592974036296205,0.28476286470040985,0.3366495663711663,0.04026922199406799,0.06030855539971949,0.0,0.08510626663632018,0.158191348100332,0.20688428790933625,Banks—Regional,Financial Services,UNB
2016Q2,2016,Q2,2016-08-09,2016-06-30,2139000.0,8766000.0,0.0,0.48,8766000.0,1.0,636469000.0,55983000.0,558040000.0,0.0,580486000.0,0.0,50970000.0,162110623.68,175485623.68,12.556498974540247,0.0,0.04369105172443591,0.496722219245128,0.0,12.556498974540247,0.03820802743690049,18.493112443531828,18.94701071528752,2.895711621027812,0.5839177185600748,0.0,0.007704615352448936,0.01377286246462907,0.0,0.003360729273538853,135.7710416080402,1.0,0.23076923076923067,1.0740872835794253,0.37380082765004313,0.33732084719992084,0.07942371629109715,0.2160318362706083,0.0,0.19939764332661647,0.1643649176399117,0.23182232701057046,Banks—Regional,Financial Services,UNB
2016Q1,2016,Q1,2016-05-10,2016-03-31,1759000.0,8121000.0,0.0,0.39,8121000.0,1.0,640819000.0,54675000.0,559689000.0,0.0,586144000.0,0.0,50080000.0,127369774.05,132768774.05,12.264014454377529,0.0,0.03414848810662605,0.40023776863283034,0.0,12.264014454377529,0.032171925011431186,15.684001237532323,18.102583008811823,2.3295797722908094,0.6839113132461626,0.0,0.009444940991476932,0.012672845218384599,0.0,0.002744924853975928,124.50613299120235,1.0,-0.1136363636363636,0.7101576028377714,0.36688736133140953,0.3078964833992669,-0.021330441070137384,-0.08718214841722885,0.0,0.011684460862645475,0.0897424450196302,0.19646094936962602,Banks—Regional,Financial Services,UNB
2015Q4,2015,Q4,2016-03-15,2015-12-31,1927000.0,8298000.0,0.0,0.44,8298000.0,1.0,628879000.0,53568000.0,550976000.0,0.0,575311000.0,0.0,49524000.0,122237042.5405,113209042.5405,12.231407600561246,0.0,0.01262882048852005,0.14826015531660694,0.0,12.231407600561246,0.03597296893667861,14.730904138406846,15.85846426316814,2.281904169289501,0.6248053969901401,0.0,0.00984971474257557,0.013194907128398308,0.0,0.003064182457992714,42.695439238735595,1.0,-0.02222222222222224,0.4188326301227673,0.3338668844911647,0.30618001731785754,-0.017406749555950268,-0.06,0.0,-0.11999990866631127,-0.08319454327102607,0.1936524399961647,Banks—Regional,Financial Services,UNB
2015Q3,2015,Q3,2015-11-10,2015-09-30,2050000.0,8445000.0,0.0,0.45,8445000.0,1.0,620266000.0,53818000.0,545543000.0,0.0,566448000.0,0.0,48801000.0,118012392.14999999,118182392.14999999,12.071295514366879,0.0,0.028086337152125055,0.32370210710171315,0.0,12.071295514366879,0.03809134490319224,13.974232344582592,14.391755140243902,2.192805235237281,0.5873170731707317,0.0,0.01020231840118665,0.013615126413506463,0.0,0.0033050336468547366,135.6464277586207,1.0,-0.021739130434782625,0.40345955361499475,0.3349818709247155,0.2658983584990435,0.0198043714527231,0.01636093207734259,0.0,0.04502706527142171,0.011889943780672164,0.2903197499846893,Banks—Regional,Financial Services,UNB
2015Q2,2015,Q2,2015-08-10,2015-06-30,2017000.0,8281000.0,0.0,0.46,8281000.0,1.0,600981000.0,52756000.0,519616000.0,0.0,548225000.0,0.0,47955000.0,116507111.36999999,130311111.36999999,11.832018353129993,0.0,0.05091841505804676,0.5800477670786262,0.0,11.832018353129993,0.03823261809083327,14.069207990580846,14.440643451908775,2.208414424330882,0.5969261279127417,0.0,0.010334133134383281,0.013779137776402248,0.0,0.0033561793134891118,28.43717631681718,1.0,0.09523809523809533,0.322146045403804,0.3221775387605245,0.2587434191426001,0.0499556231773805,0.07059447983014862,0.0,0.4136532466842157,0.11280073551273392,0.2959474620838916,Banks—Regional,Financial Services,UNB
2015Q1,2015,Q1,2015-05-11,2015-03-31,1884000.0,7887000.0,0.0,0.42,7887000.0,1.0,622487000.0,52374000.0,541005000.0,0.0,570113000.0,0.0,47142000.0,113488564.2,115000564.2,11.675733227753708,0.0,0.02985925810498854,0.35488983083209225,0.0,11.675733227753708,0.035972047198991865,14.389319665271968,15.059522850318473,2.1668874670638103,0.6390658174097664,0.0,0.010608998435104001,0.01267014411545944,0.0,0.0030265692295582077,37.69131989372302,1.0,-0.023255813953488393,0.5555264321380018,0.3669738830800225,0.27273301000402006,-0.001392757660167131,-0.0005305039787798408,0.0,0.5256512952192515,0.09008986926378214,0.2851209742304965,Banks—Regional,Financial Services,UNB
2014Q4,2014,Q4,2015-03-13,2014-12-31,1885000.0,7898000.0,0.0,0.43,7898000.0,1.0,624063000.0,51434000.0,553103000.0,0.0,572629000.0,0.0,46462000.0,104113373.75,100275373.75,11.73295472043043,0.0,0.02120939712817456,0.25733950305245556,0.0,11.73295472043043,0.03664890928179803,13.182245346923272,13.80813975464191,2.024213044873041,0.6143236074270557,0.0,0.011122490399558298,0.012655773535684698,0.0,0.0030205283761415114,-32.12384256402345,1.0,-0.08510638297872336,0.5171791331945154,0.3731378022092599,0.2863434759330861,-0.06410712169688351,-0.11335841956726246,0.0,0.10591159809461086,0.07715227360163768,0.29638140653686945,Banks—Regional,Financial Services,UNB
2014Q3,2014,Q3,2014-11-12,2014-09-30,2126000.0,8439000.0,0.0,0.47,8439000.0,1.0,602666000.0,52672000.0,532103000.0,0.0,549994000.0,0.0,45735000.0,108425993.88,106999993.88,11.644328032605534,0.0,0.02478985043125048,0.28364216281895505,0.0,11.644328032605534,0.04036300121506683,12.848204038393174,12.749999280338663,2.0585129457776428,0.5456255879586077,0.0,0.010698541544233619,0.014002780976527629,0.0,0.003527658769534037,43.52709509433962,1.0,0.09302325581395345,0.45197677399693775,0.3697826590794293,0.2914517371408928,0.08679974243399871,0.10786868160500261,0.0,0.46803503731170315,0.16889165978678058,0.2184797625130066,Banks—Regional,Financial Services,UNB
2014Q2,2014,Q2,2014-08-14,2014-06-30,1919000.0,7765000.0,0.0,0.43,7765000.0,1.0,571488000.0,51887000.0,504313000.0,0.0,519601000.0,0.0,44769000.0,111078867.99000001,117970867.99000001,11.626580765265503,0.0,0.043323744330589616,0.47717154585927113,0.0,11.626580765265503,0.03698421569950084,14.30506992788152,14.470931212871287,2.140784165397884,0.6039603960396039,0.0,0.010434027830607172,0.013587336916960636,0.0,0.0033579007783190546,-74.54957583221477,1.0,0.07499999999999993,0.5562116759531112,0.35792232752868414,0.31439677736036065,0.03560949586556415,0.08786848072562359,0.0,0.8589695345904441,0.21575151919013666,0.23828058048421652,Banks—Regional,Financial Services,UNB
2014Q1,2014,Q1,2014-05-14,2014-03-31,1764000.0,7498000.0,0.0,0.4,7498000.0,1.0,586125000.0,50784000.0,516698000.0,0.0,535341000.0,0.0,44009000.0,101033100.0,94592100.0,11.515646258503402,0.0,0.02345915973555129,0.27075456836798995,0.0,11.515646258503402,0.03473534971644612,13.474673246198986,14.31875,1.9894671550094516,0.6575963718820862,0.0,0.011481385803266454,0.012792493068884624,0.0,0.0030095969289827256,44.429683377308706,1.0,0.1764705882352941,0.4118535122336228,0.34765903392197023,0.32101630894097843,-0.024079135754262657,0.1544502617801047,0.0,0.733749805447471,0.27581058794237356,0.2280867167594164,Banks—Regional,Financial Services,UNB
2013Q4,2013,Q4,2014-03-31,2013-12-31,1528000.0,7683000.0,0.0,0.34,7683000.0,1.0,585443000.0,49820000.0,522664000.0,0.0,535623000.0,0.0,43405000.0,103432357.0,92422357.0,11.078351429234084,0.0,0.020200087796762453,0.23737454837414693,0.0,11.078351429234084,0.030670413488558812,13.462496030196538,16.922833278795814,2.076121176234444,0.7578534031413613,0.0,0.011195722823951504,0.013123395445841866,0.0,0.0026099893584857962,41.33987090327738,1.0,-0.27659574468085096,0.1296398406189017,0.24721167196683808,0.2654608470613093,-0.016135228582404917,-0.26290400385914137,0.0,0.09565346122325269,0.20273597398069151,0.18304628005580556,Banks—Regional,Financial Services,UNB
2013Q3,2013,Q3,2013-11-14,2013-09-30,2073000.0,7809000.0,0.0,0.47,7809000.0,1.0,574670000.0,46682000.0,520338000.0,0.0,527988000.0,0.0,43035000.0,92927732.022,83523732.022,10.583956334661789,0.0,0.024692432178467644,0.30397155220427574,0.0,10.583956334661789,0.04440683775330963,11.900080935074914,11.206914136758321,1.990654471145195,0.5383502170767004,0.0,0.012009332152169545,0.013588668279186316,0.0,0.0036072876607444273,47.87621433384853,1.0,0.17499999999999988,0.8105300879393375,0.5128751004442941,0.1533572345522225,0.029396256261534404,0.15358931552587646,0.0,0.4345563092114894,0.24779544103479983,0.10992336609834269,Banks—Regional,Financial Services,UNB
2013Q2,2013,Q2,2013-08-14,2013-06-30,1797000.0,7586000.0,0.0,0.4,7586000.0,1.0,546674000.0,45794000.0,492419000.0,0.0,500880000.0,0.0,42078000.0,97487250.0,91426250.0,10.19343350027824,0.0,0.03691048046916444,0.440625409442285,0.0,10.19343350027824,0.03924094859588592,12.850942525705246,13.562499999999998,2.1288214613268113,0.6199220923761826,0.0,0.01142713534333977,0.013876643118202072,0.0,0.003287151026022822,10.059565576307914,1.0,0.025641025641025664,0.5094571428571429,0.3827226068084135,0.09609188368665246,0.018938885157824045,0.03454231433506045,0.0,0.16908623853211022,0.20211154456682928,0.08442338018760065,Banks—Regional,Financial Services,UNB
2013Q1,2013,Q1,2013-05-14,2013-03-31,1737000.0,7445000.0,0.0,0.39,7445000.0,1.0,562738000.0,45653000.0,510165000.0,0.0,517085000.0,0.0,41395000.0,90822827.632,78952827.632,10.250242150267432,0.0,0.025823740355191936,0.3183142400280376,0.0,10.250242150267432,0.03804788294307056,12.199170937810612,13.071794420264824,1.9894164158324752,0.641335636154289,0.0,0.012265638816198887,0.013229957813405172,0.0,0.0030866939854781446,37.95354267948182,1.0,-0.21999999999999997,0.247556508242849,0.37644459481486076,0.09245259112049663,-0.18051733626857458,-0.2097361237488626,0.0,0.4444173591634118,0.29959928102836425,0.11734494876685621,Banks—Regional,Financial Services,UNB
2012Q4,2012,Q4,2013-04-01,2012-12-31,2198000.0,9085000.0,0.0,0.5,9085000.0,1.0,577256000.0,45046000.0,533371000.0,0.0,532210000.0,0.0,40772000.0,85897840.0,70710840.0,10.247042766151047,0.0,0.020368779189822193,0.26102206633219377,0.0,10.247042766151047,0.04879456555521023,9.454908090258668,9.77,1.9068916218976155,0.5068243858052776,0.0,0.012968894212008126,0.015738251313108916,0.0,0.003807669387585404,14.920590585374327,1.0,0.13636363636363635,0.4871573332486855,0.6175780427807822,0.09538118951367865,0.07795443758898908,0.10954063604240283,0.0,0.7641618108611655,0.5750964320103926,0.1234353940609228,Banks—Regional,Financial Services,UNB
2012Q3,2012,Q3,2012-11-14,2012-09-30,1981000.0,8428000.0,0.0,0.44,8428000.0,1.0,582915000.0,42120000.0,529846000.0,0.0,540795000.0,0.0,39688000.0,87794323.5,89709323.5,9.355274546878876,0.0,0.04418482969215066,0.6114909781576449,0.0,9.355274546878876,0.047032288698955364,10.41698190555292,11.079546125694094,2.084385648148148,0.5628470469459869,0.0,0.012700137725874725,0.01445836871585051,0.0,0.003398437164938284,30.484140104166666,1.0,0.375,0.3980377212203851,0.4853919791887853,0.008302256119995365,0.12373333333333333,0.3776077885952712,0.0,0.35929724637965765,0.37441775345592415,0.03757688130787408,Banks—Regional,Financial Services,UNB
2012Q2,2012,Q2,2012-08-14,2012-06-30,1438000.0,7500000.0,0.0,0.32,7500000.0,1.0,534260000.0,41028000.0,481190000.0,0.0,493232000.0,0.0,38822000.0,87583187.5,84319187.5,9.130013908205841,0.0,0.044890128401901694,0.5845520132592376,0.0,9.130013908205841,0.03504923466900653,11.677758333333333,15.226562499999998,2.134717449059179,0.7746870653685675,0.0,0.012719336116877455,0.014038108785984353,0.0,0.0026915733912327333,-99.86680444697834,1.0,0.14285714285714277,-0.024676608344549114,0.3634731981046306,-0.00826756685385295,0.04326053693142301,0.1719641401792991,0.0,0.1581110931174089,0.30254391211820736,0.032157355673518004,Banks—Regional,Financial Services,UNB
2012Q1,2012,Q1,2012-05-14,2012-03-31,1227000.0,7189000.0,0.0,0.28,7189000.0,1.0,555402000.0,40494000.0,490731000.0,0.0,514908000.0,0.0,38498000.0,85530938.68190001,84279938.68190001,9.085318395604657,0.0,0.04911937659569105,0.67370474638218,0.0,9.085318395604657,0.03030078530152615,11.897473735137016,17.426841622229016,2.1121879459154442,0.9079054604726976,0.0,0.013024526763854445,0.012943777660145265,0.0,0.002209210625816976,-13.563421928623535,1.0,-0.282051282051282,0.010114255648520122,0.3646485260174294,-0.018704407354107,-0.03568075117370892,-0.2919792267743797,0.0,-0.028319061561448436,0.2784717534391506,0.04222147008491237,Banks—Regional,Financial Services,UNB
2011Q4,2011,Q4,2012-03-30,2011-12-31,1733000.0,7455000.0,0.0,0.39,7455000.0,1.0,552751000.0,40339000.0,488330000.0,0.0,512412000.0,0.0,38385000.0,84862822.24,83986822.24,9.050542271948839,0.0,0.05249199006424231,0.7192791095465926,0.0,9.050542271948839,0.042960906318946925,11.383343023474177,12.242184396999422,2.1037413480750637,0.6428159261396422,0.0,0.013127067549668615,0.013487085505046577,0.0,0.0031352272542247775,28.50615459858918,1.0,0.21875000000000003,0.11074144808738176,0.33848863533109536,-0.021718976645072174,0.04793365195389373,0.21443587946741416,0.0,0.29268666274961275,0.22105447559095598,0.03382772815832121,Banks—Regional,Financial Services,UNB
2011Q3,2011,Q3,2011-11-14,2011-09-30,1427000.0,7114000.0,0.0,0.32,7114000.0,1.0,545790000.0,42595000.0,491698000.0,0.0,503195000.0,0.0,37766000.0,86915478.0,87605478.0,9.55643941807465,0.0,0.04766851719525825,0.6107993895997182,0.0,9.55643941807465,0.03350158469303909,12.217525723924656,15.226958304134547,2.0405089329733537,0.7813594954449895,0.0,0.012828555116500655,0.013034317228237967,0.0,0.002614558713058136,-96.57275333333334,1.0,0.3913043478260869,-0.12530412737710298,0.2696792438364454,0.01778601438321296,0.115221821602132,0.38409311348205627,0.0,0.2333016732177754,0.36383055599882425,0.041386433473852485,Banks—Regional,Financial Services,UNB
2011Q2,2011,Q2,2011-08-15,2011-06-30,1031000.0,6379000.0,0.0,0.23,6379000.0,1.0,513555000.0,41850000.0,461392000.0,0.0,471705000.0,0.0,37454000.0,86915478.0,97575478.0,9.389294275065714,0.0,0.06342066575147745,0.7782556750298686,0.0,9.389294275065714,0.024635603345280765,13.62525129330616,21.07552812803104,2.076833405017921,1.0805043646944714,0.0,0.012817049685902896,0.012421259650865048,0.0,0.0020075746512058104,-87.26453614457832,1.0,0.0,-0.3152913004142457,0.15265694354827342,0.01662383386089212,0.07426743011114853,0.0029182879377431907,0.0,-0.12711516329199074,0.17192657173551082,0.009623425528224795,Banks—Regional,Financial Services,UNB
2011Q1,2011,Q1,2011-05-16,2011-03-31,1028000.0,5938000.0,0.0,0.23,5938000.0,1.0,459652000.0,41781000.0,0.0,0.0,417871000.0,0.0,37537000.0,84837232.47999999,93510232.47999999,9.376899938214486,0.0,0.05850512996788875,0.6436418467724564,0.0,9.376899938214486,0.02460448529235777,14.287172866284942,20.631622684824904,2.030521827624997,1.083657587548638,0.0,0.013131027114334741,0.012918468754623063,0.0,0.0022364745503119753,17.748374995815897,1.0,-0.2580645161290322,-0.2886705211568901,0.115631813019882,0.019102991545233025,-0.0618145404210522,-0.25603584344041447,0.0,-0.26197823443698165,0.09736188995599644,-0.0006266696916253189,Banks—Regional,Financial Services,UNB
2010Q4,2010,Q4,2011-03-28,2010-12-31,1381787.0,6329239.0,0.0,0.31,6329239.0,1.0,454085411.0,41724674.0,0.0,0.0,412360737.0,0.0,37622575.0,81049856.03,90547276.03,9.364258707369848,0.0,0.06383360111959202,0.6946946308076607,0.0,9.364258707369848,0.033116783608662825,12.805624187994797,14.663956172333364,1.9424922536243183,0.8064354346943486,0.0,0.013748599375519456,0.013938432829325142,0.0,0.0030430112188739753,-64.91092333850166,1.0,-0.060606060606060656,-0.26469234446872963,0.07539654754681789,0.022234927090169762,0.0009867151668511783,-0.05357054794520548,0.0,-0.07762299703160164,0.11180837724457202,0.0010139584540313235,Banks—Regional,Financial Services,UNB
2010Q3,2010,Q3,2010-11-12,2010-09-30,1460000.0,6323000.0,0.0,0.33,6323000.0,1.0,450774000.0,42494000.0,0.0,0.0,408280000.0,0.0,37355000.0,80302183.62,85225183.62,9.535754141177362,0.0,0.055225012977678394,0.5858238810184967,0.0,9.535754141177362,0.03435779168823834,12.700013224735095,13.750373907534247,1.889729929401798,0.7623287671232877,0.0,0.013860146135836799,0.014026984697431528,0.0,0.003238873581883605,73.67172809174312,1.0,-0.029411764705882377,-0.0011829690655236788,0.19368190654599796,0.047264336514209755,0.00925778132482043,-0.04325032765399738,0.0,0.040989926059865366,0.1258978410489321,0.027754168643021934,Banks—Regional,Financial Services,UNB
2010Q2,2010,Q2,2010-08-13,2010-06-30,1526000.0,6265000.0,0.0,0.34,6265000.0,1.0,427856000.0,41924000.0,0.0,0.0,385932000.0,0.0,37008000.0,81395721.9936,84883721.9936,9.399865114043207,0.0,0.05972570210538125,0.609531533250644,0.0,9.399865114043207,0.0363991985497567,12.99213439642458,13.334816840366972,1.941506583188627,0.7313237221494102,0.0,0.013710794285819458,0.01464277700908717,0.0,0.003566620545230171,10.674848786045901,1.0,0.25925925925925924,0.08748556644058376,0.22050402794198767,0.0428513138774145,0.0788703289133804,0.25184577522559476,0.0,0.0428266105501919,0.1475569151818304,0.021044567349138996,Banks—Regional,Financial Services,UNB
2010Q1,2010,Q1,2010-05-14,2010-03-31,1219000.0,5807000.0,0.0,0.27,5807000.0,1.0,440290000.0,41417000.0,0.0,0.0,398873000.0,0.0,36598000.0,81265140.0,81180140.0,9.173749039255947,0.0,0.06210452201957801,0.6602119902455513,0.0,9.173749039255947,0.029432358693290195,13.994341312209402,16.66635356849877,1.9621203853490112,0.9146841673502871,0.0,0.013720520262439714,0.013189034499988643,0.0,0.0027686297667446455,28.07086010362694,1.0,-0.03571428571428574,-0.11843576161176986,0.13578192887956841,0.028766104158183113,-0.01969787719939146,-0.04733472546984607,0.0,-0.009285801507438197,0.08823551914946814,-0.009153107433585665,Banks—Regional,Financial Services,UNB
2009Q4,2009,Q4,2010-03-31,2009-12-31,1279568.0,5923684.0,0.0,0.28,5923684.0,1.0,447522096.0,41179610.0,0.0,0.0,406342486.0,0.0,36494110.0,76524673.5,79600865.5,9.121167821774502,0.0,0.0692537961298787,0.7526201438041789,0.0,9.121167821774502,0.031072853773991545,12.918426016647748,14.951271347048378,1.8583146732084155,0.871680129543721,0.0,0.014575351308098035,0.013236629102666698,0.0,0.002859228653594794,-17.061760268369646,1.0,-0.12499999999999993,-0.26534289247668197,0.08458670728302538,-0.02026219652100944,-0.02570986842105263,-0.11448581314878893,0.0,-0.1903514733044054,0.049971877853178255,-0.014084999245442013,Banks—Regional,Financial Services,UNB
2009Q3,2009,Q3,2009-11-16,2009-09-30,1445000.0,6080000.0,0.0,0.32,6080000.0,1.0,443941000.0,40250000.0,0.0,0.0,403691000.0,0.0,36330000.0,71603462.704056,71592462.704056,9.01646395116907,0.0,0.05801897098938823,0.6399254658385093,0.0,9.01646395116907,0.03590062111801242,11.776885313167105,12.388142336341868,1.7789680174920748,0.772318339100346,0.0,0.01558583841974983,0.013695513593022497,0.0,0.0032549370299206426,5.953559715977051,1.0,0.14285714285714277,-0.017212252035215172,0.1938847777431357,-0.020048495352690446,0.06163785577090972,0.1700404858299595,0.0,-0.11563035235916554,0.08346931455696575,-0.03972279766315363,Banks—Regional,Financial Services,UNB
2009Q2,2009,Q2,2009-08-14,2009-06-30,1235000.0,5727000.0,0.0,0.28,5727000.0,1.0,424880000.0,39536000.0,0.0,0.0,385344000.0,0.0,36001000.0,64362024.0,77644024.0,8.845563961754838,0.0,0.0671107136132555,0.7212161068393363,0.0,8.845563961754838,0.031237353298259815,11.238348873755893,13.02874979757085,1.6279346418454068,0.9052631578947369,0.0,0.017370491642711545,0.013479099981171154,0.0,0.002906703069101864,-5.107286462466275,1.0,0.0,-0.036459591933194604,0.17678469328134022,-0.017866151724473162,0.015065579581708614,-0.025256511444356748,0.0,-0.1820825969453084,0.03197686775959698,-0.04224844977520875,Banks—Regional,Financial Services,UNB
2009Q1,2009,Q1,2009-05-15,2009-03-31,1267000.0,5642000.0,0.0,0.28,5642000.0,1.0,421765000.0,38984000.0,0.0,0.0,382781000.0,0.0,35884000.0,75801179.7,84547179.7,8.717262747297323,0.0,0.06447429255628134,0.697542581571927,0.0,8.717262747297323,0.03250051303098707,13.435161237149947,14.956823145224941,1.9444177021342086,0.9881610102604578,0.0,0.01651689333800698,0.013377117589178807,0.0,0.0030040425355351915,58.219032027649774,1.0,-0.06666666666666654,0.01191071831993241,0.15160337326067994,-0.043748366639118685,-0.078989166940641,-0.05807660283097419,0.0,-0.12649057790549245,0.056153554771127094,-0.05258789126546485,Banks—Regional,Financial Services,UNB
2008Q4,2008,Q4,2009-03-31,2008-12-31,1345120.0,6125878.0,0.0,0.3,6125878.0,1.0,440103642.0,39150083.0,0.0,0.0,400953559.0,0.0,35868916.0,74683168.2,82517859.2,8.754400782102868,0.0,0.062295012773377595,0.7002861781927767,0.0,8.754400782102868,0.03435803699317828,12.1914227152418,13.880391377720946,1.907612001742116,0.932794100154633,0.0,0.016800572742708044,0.013919171339191053,0.0,0.0030563709809063567,194.1648204285588,1.0,0.15384615384615377,-0.1483582936090286,0.20096348356634658,-0.02809207194777184,0.16638956587966489,0.15460944206008584,0.0,-0.28681483347347236,0.037047794773673,-0.04433927715303543,Banks—Regional,Financial Services,UNB
2008Q3,2008,Q3,2008-11-14,2008-09-30,1165000.0,5252000.0,0.0,0.26,5252000.0,1.0,423068000.0,41183000.0,0.0,0.0,381885000.0,0.0,35778000.0,91999961.5,88901961.5,9.17665057935921,0.0,0.06533228700823508,0.6711507175290775,0.0,9.17665057935921,0.028288371415389844,17.51712899847677,19.74248100858369,2.233930541728383,1.078969957081545,0.0,0.013663049195949933,0.012414080006051037,0.0,0.0027536944415554945,36.277587342271296,1.0,-0.03703703703703707,-0.13311219326999998,0.07945313383201424,0.033529133657932864,-0.04230488694383661,-0.02100840336134454,0.0,-0.20859681757304827,-0.015470053941397135,0.007825782642167161,Banks—Regional,Financial Services,UNB
2008Q2,2008,Q2,2008-08-14,2008-06-30,1190000.0,5484000.0,0.0,0.27,5484000.0,1.0,395558000.0,41762000.0,0.0,0.0,353796000.0,0.0,35870000.0,90037231.75,97759231.75,9.29979835813866,0.0,0.07041950864348591,0.6669939179158086,0.0,9.29979835813866,0.02849480388870265,16.418167715171407,18.91538482142857,2.1559607238638,1.0571428571428572,0.0,0.013971997756361494,0.013863959267667448,0.0,0.003008408375004424,17.592268806174285,1.0,-0.12903225806451607,0.5197659248250516,0.7392215199131499,0.5780010876249033,0.004027828634199927,-0.15362731152204837,0.0,-0.15773401295679787,0.06108193715434658,0.03174958564999511,Banks—Regional,Financial Services,UNB
2008Q1,2008,Q1,2008-05-15,2008-03-31,1406000.0,5462000.0,0.0,0.31,5462000.0,1.0,388584000.0,42200000.0,0.0,0.0,346384000.0,0.0,35938000.0,85499395.01,88775395.01,9.382779841964638,0.0,0.06459092499948531,0.5947630331753555,0.0,9.382779841964638,0.033317535545023695,15.653495974002197,15.202595129800857,2.0260520144549767,0.895448079658606,0.0,0.014725250393324391,0.014056162888847713,0.0,0.0036182652914170423,30.126636719520793,1.0,-0.08823529411764713,0.15620144088210017,0.13911705566299498,0.07727608214678885,-0.04946356993429952,-0.07019621769576635,0.0,0.020672555297000204,0.07237253409058148,0.0522073170833973,Banks—Regional,Financial Services,UNB
2007Q4,2007,Q4,2007-12-31,2007-12-31,1512147.0,5746229.0,0.0,0.34,5746229.0,1.0,393360702.0,42074038.0,0.0,0.0,351286664.0,0.0,35791516.0,91615682.60990001,87261128.60990001,9.354773355840146,0.0,0.05167692374110111,0.48314048202361753,0.0,9.354773355840146,0.03594014437121533,15.943618433915532,15.1466230812712,2.1774872811090775,0.8354782967528951,0.0,0.01378984431496754,0.014608040332407176,0.0,0.003844174042581407,-30.040509253548997,1.0,0.06250000000000006,-0.0023273970907889676,0.11195446574468781,0.08561763831829149,0.009172637864418687,0.0633945147679325,0.0,-0.12850242257882616,0.05610277072666094,0.004830223364044708,Banks—Regional,Financial Services,UNB
2007Q3,2007,Q3,2007-11-14,2007-09-30,1422000.0,5694000.0,0.0,0.32,5694000.0,1.0,397491000.0,41921000.0,0.0,0.0,355570000.0,0.0,35543000.0,93662368.92,85585368.92,9.278244187292119,0.0,0.036775675424097654,0.34870351375205744,0.0,9.278244187292119,0.03392094654230576,16.44930961011591,16.466661202531647,2.2342589375253454,0.8895921237693389,0.0,0.01350595777777601,0.01432485263817294,0.0,0.003577439489195982,99.85327176972281,1.0,-0.030303030303030328,0.023839503002155215,0.14280161777886788,0.09349427935266531,0.027056277056277056,-0.04306864064602961,0.0,-0.04444589777015956,0.10468917100729598,0.008403005996954186,Banks—Regional,Financial Services,UNB
2007Q2,2007,Q2,2007-08-13,2007-06-30,1486000.0,5544000.0,0.0,0.33,5544000.0,1.0,375700000.0,41696000.0,0.0,0.0,334004000.0,0.0,35386000.0,94206486.4,90489486.4,9.206126171796171,0.0,0.05036465264838967,0.45380851880276285,0.0,9.206126171796171,0.035638910207214124,16.992511976911977,15.849005114401077,2.2593650805832692,0.8539703903095559,0.0,0.013470410037498225,0.014756454618046314,0.0,0.003955283470854405,40.34539032119915,1.0,0.2222222222222222,0.37580353526659455,0.20140598294666273,0.10428164285245545,0.0351008215085885,0.20323886639676114,0.0,0.14411983224867397,0.12419792353694371,0.022167514011450257,Banks—Regional,Financial Services,UNB
2007Q1,2007,Q1,2007-04-02,2007-03-31,1235000.0,5356000.0,0.0,0.27,5356000.0,1.0,376655000.0,41955000.0,0.0,0.0,334700000.0,0.0,35169000.0,97518202.8,93320202.8,9.258493020546108,0.0,0.04076143951361325,0.36593969729472053,0.0,9.258493020546108,0.029436300798474556,18.20728207617625,19.74052688259109,2.3243523489452986,1.0275303643724696,0.0,0.01301295515671665,0.014219909466222405,0.0,0.0032788626196386616,60.68338693217175,1.0,-0.22857142857142848,0.05874790540080827,0.19094890096663805,0.1268134855941941,-0.054166453283133756,-0.221446470504799,0.0,-0.02659095157323032,0.0788802800203353,0.015622601957528036,Banks—Regional,Financial Services,UNB
