Quarters,Year,Quarter,FillingDate,Date,NetIncome,Revenue,OperatingIncome,EPSDiluted,GrossProfit,GrossProfitRatio,TotalAssets,CommonStockEquity,CurrentAssets,CurrentLiability,TotalLiability,Inventory,RetainedEarnings,MarketCap,EnterpriseValue,bookValuePerShare,currentRatio,debtToAssets,debtToEquity,roic,shareholdersEquityPerShare,roe,priceToSalesRatio,peRatio,pbRatio,payoutRatio,inventoryTurnover,dividendYield,assetTurnover,quickRatio,returnOnAssets,priceToFreeCashFlowsRatio,grossProfitMargin,epsdilutedGrowth,fiveYNetIncomeGrowthPerShare,fiveYRevenueGrowthPerShare,fiveYShareholdersEquityGrowthPerShare,grossProfitGrowth,netIncomeGrowth,operatingIncomeGrowth,threeYNetIncomeGrowthPerShare,threeYRevenueGrowthPerShare,threeYShareholdersEquityGrowthPerShare,Industry,Sector,Symbol
2023Q1,2023,Q1,2023-03-02,2023-03-31,749895000.0,2263850000.0,1024566000.0,2.63,1065600000.0,0.4707025642,11167935000.0,5429480000.0,7023508000.0,2832230000.0,5702418000.0,1897140000.0,3875041000.0,23154111419.46,24040634419.46,19.008012910834665,2.479850859570021,0.26639535419932153,0.5479504482933909,0.08799509701786364,19.008012910834665,0.13811543646905414,10.227758649848708,7.719117816314284,4.264517305425197,0.0,0.6316086319407107,0.0,0.20270981161691934,1.0008043728793212,0.067147149405866,45.98257424809499,0.470702564215827,-0.3473945409429281,5.114595858410993,3.0505711430386664,1.2975488918508638,-0.3509839390451132,-0.3484975117808143,-0.3571265880209245,14.470999924058757,4.3595157232648685,1.4392824975127962,Specialty Chemicals,Basic Materials,SQM
2022Q4,2022,Q4,2022-12-31,2022-12-31,1151024000.0,3133599000.0,1593729000.0,4.03,1641870000.0,0.523956639,10819101000.0,4896632000.0,6991509000.0,3051547000.0,5887100000.0,1784281000.0,3350114000.0,22805332810.24,23060775810.24,17.142792965707468,2.291135938591147,0.2690315027098832,0.5944246984457888,0.1454215280828833,17.142792965707468,0.23506442795782898,7.277680650983103,4.953270481380058,4.657350768904014,1.223604373149474,0.8360392785665487,0.061757397347325896,0.28963580245715426,1.706006822113505,0.10638813705501039,26.27200233425149,0.5239566389956085,0.0467532467532468,8.668216426652881,4.058127099760738,1.0764865020428864,0.005638637221130618,0.04647488058070417,0.01456860133787951,15.238026455641181,5.262049795470817,1.2148490450898926,Specialty Chemicals,Basic Materials,SQM
2022Q3,2022,Q3,2022-09-30,2022-09-30,1099906000.0,2958348000.0,1570844000.0,3.85,1632664000.0,0.5518836864,10253248000.0,4608680000.0,6949520000.0,3274467000.0,5607994000.0,1661960000.0,3079015000.0,25921642692.0,25000413692.0,16.134691576821925,2.1223362458684116,0.252115817348805,0.5608994332433582,0.15370321784868152,16.134691576821925,0.23865965959884392,8.76220197623809,5.891785909886845,5.624526478731437,0.0,0.7976630003128836,0.0,0.2885278889187114,1.6144856552226667,0.10727390969183619,29.646045776907055,0.5518836864358081,0.2790697674418606,8.045472098928341,3.914580098463781,0.9511000973911456,0.2583802015210034,0.28006042401552034,0.2648613828699342,13.543301226579302,4.002547781184104,0.7615325468014565,Specialty Chemicals,Basic Materials,SQM
2022Q2,2022,Q2,2022-06-30,2022-06-30,859261000.0,2598812000.0,1241910000.0,3.01,1297433000.0,0.499240807,9279197000.0,3534848000.0,6163170000.0,3387838000.0,5709014000.0,1673503000.0,1979108000.0,23859474535.05,24511171535.05,12.375203527900378,1.8192044601896549,0.27999524096751044,0.735005012945394,0.14213211430356287,12.375203527900378,0.24308287089006372,9.18091594738288,6.941858915699072,6.749787978167661,0.0,0.7776376857406291,0.0,0.280068630938647,1.3250199684872772,0.09260079293499211,-111.08177389757275,0.499240806953331,0.07885304659498199,6.884654250495914,3.7698663156395193,0.49883590955293117,0.11400438068890668,0.07761351636747624,0.10405150480146079,10.361352159530668,3.881105948848635,0.5703129923649829,Specialty Chemicals,Basic Materials,SQM
2022Q1,2022,Q1,2022-03-31,2022-03-31,797374000.0,2019818000.0,1124866000.0,2.79,1164657000.0,0.5766148237,8496297000.0,3202172000.0,5898902000.0,2490980000.0,5260157000.0,1270747000.0,1648032000.0,24450267832.0,24815095832.0,11.210753398834179,2.368104922560599,0.3099438496559148,0.8223715028424456,0.13704996768657918,11.210753398834179,0.2490103592186803,12.105183651200257,7.665871922084241,7.635526084170369,0.0,0.6729592908737931,0.0,0.23772921309130318,1.8575608796537908,0.09384959118072261,39.66758736426777,0.5766148237118394,1.4690265486725667,6.209977969646179,2.5435112211325874,0.3613246096152542,1.1457533812477776,1.4685125906296244,1.2864152462101963,8.189773659521759,2.7178621990768685,0.4233164120547625,Specialty Chemicals,Basic Materials,SQM
2021Q4,2021,Q4,2021-12-31,2021-12-31,323018000.0,1084292000.0,491978000.0,1.13,542773000.0,0.5005782575,7044297000.0,3181520000.0,4586095000.0,991709000.0,3828326000.0,1183776000.0,1648032000.0,14404521107.1,15499204107.1,11.138451074289238,4.624436200538666,0.3704747258668963,0.8202789861449873,0.05832174216022612,11.138451074289238,0.10152945761774246,13.284725062160378,11.14838887236934,4.5275595020933395,1.2515556408621191,0.4574505649717514,0.028065841064353923,0.15392479902536763,2.4404548108366466,0.045855249998686884,100.77178930685173,0.5005782575173477,2.042058477517034,2.6761633848042345,0.8017927731146435,0.30356862356021946,1.414610275505256,2.044381402976353,1.8433268411653538,1.7774828838585346,0.7918671061832847,0.4249800379096775,Specialty Chemicals,Basic Materials,SQM
2021Q3,2021,Q3,2021-09-30,2021-09-30,106103000.0,661551000.0,173029000.0,0.371459,224787000.0,0.33978786216028695,6813338000.0,3285509000.0,4476574000.0,622700000.0,3489003000.0,1111932000.0,1754133000.0,15344497856.32,16086867856.32,11.502334265523407,7.18897382367111,0.38269244825370474,0.7936100616373293,0.020726463732068087,11.502334265523407,0.03229423507894819,23.194731557083276,36.15472195960529,4.670356360710015,0.849570700168704,0.3927974012799344,0.005874548704301383,0.0970964599143621,4.193311385900112,0.01557283669179483,221.08953167425508,0.33978786216028695,0.18148536895674292,0.7649054997172472,0.21848614185908793,0.33354112239973527,0.2091563387554867,0.1815347267847797,0.16587719239139956,0.17957113916774814,0.13064873088975912,0.4621015893186267,Specialty Chemicals,Basic Materials,SQM
2021Q2,2021,Q2,2021-06-30,2021-06-30,89801000.0,587995000.0,148411000.0,0.3144,185904000.0,0.3161659537921241,6017237000.0,3201942000.0,3759936000.0,581318000.0,2777275000.0,1095626000.0,1648137000.0,13518706504.699999,14230641504.699999,11.210237814343545,6.467950416123361,0.32486471780985193,0.6105007523559141,0.020447876197603153,11.210237814343545,0.028045792209852646,22.991192960314287,37.635178073462434,4.22203353611652,0.0,0.3669965846009496,0.0,0.09771843788104075,3.3471043387612287,0.01492395928563226,138.82140954899262,0.3161659537921241,0.21766072811773832,0.0031232251943737626,0.11461785748283904,0.3144517141215883,0.360508771031081,0.3211469428588242,0.2914063451732479,-0.3773377837536068,-0.14544533624662317,0.42309685412783415,Specialty Chemicals,Basic Materials,SQM
2021Q1,2021,Q1,2021-03-31,2021-03-31,67972000.0,528477000.0,114922000.0,0.2582,136643000.0,0.25855997517394325,4883562000.0,2148451000.0,2637252000.0,514596000.0,2695262000.0,1069894000.0,1661732000.0,13970852206.44,15385351206.44,8.161155302855624,5.124897978219807,0.39971582218061324,0.9085787853667596,0.020219194037637403,8.161155302855624,0.03163767756397516,26.43606477943222,51.38458558833049,6.502755802408339,0.0,0.36623628135123665,0.0,0.10821547878372385,1.6222687311988433,0.013918529139181606,-428.82998884066427,0.25855997517394325,0.040311045750317236,0.16959061102141795,0.3582022608362845,-0.08642124812363519,0.031182316939725757,0.014613467078650008,0.16732521407022927,-0.3986254328957654,0.025988319216758624,-0.013539531446195,Specialty Chemicals,Basic Materials,SQM
2020Q4,2020,Q4,2020-12-31,2020-12-31,66993000.0,513806000.0,98449000.0,0.248195,132511000.0,0.2579008419520208,4818463000.0,2123085000.0,2569258000.0,475882000.0,2655885000.0,1093028000.0,1638267000.0,13251778148.52,14696615148.52,7.864774182145501,5.398939232835031,0.405510844433173,0.9203300857007609,0.01901116067325812,7.864774182145501,0.03155455386854507,25.791404048454087,49.45210002731629,6.2417558168985225,1.585270102846566,0.3488428475757254,0.008014169782329246,0.10663275820526172,3.024697298910234,0.013903396165955824,-140.781665234463,0.2579008419520208,37.4619556795289,0.26656333049567066,0.22277104782326274,-0.11173495490233988,0.15460890325616247,38.33822665883734,2.658590062804266,-0.4045762241329368,-0.12243306555833748,-0.04734908345977655,Specialty Chemicals,Basic Materials,SQM
2020Q3,2020,Q3,2020-09-30,2020-09-30,1703000.0,452874000.0,26909000.0,0.006453,114767000.0,0.25341927335196984,4805616000.0,2047611000.0,2749722000.0,751866000.0,2713622000.0,1092482000.0,1575643000.0,8555800164.84,9823725164.84,7.758894240284237,3.657196894127411,0.3965081687758656,0.9305800760007639,0.0023354685629652927,7.758894240284237,0.0008317009431967302,18.89223087401794,1255.9894546153846,4.178430456195049,0.19260129183793306,0.3094851906026827,3.8336566268566394e-05,0.09423849096557028,2.1249039057491625,0.0003543770455234043,-527.3220440579353,0.25341927335196984,-0.966339081718882,-0.8747591519866409,0.02281688334224193,-0.11187765526123097,-0.10230979217345734,-0.96649945903413,-0.7129737282802316,-0.9848414179226891,-0.1857030464685203,-0.061749694080734184,Specialty Chemicals,Basic Materials,SQM
2020Q2,2020,Q2,2020-06-30,2020-06-30,50835000.0,458473000.0,93751000.0,0.191706,127847000.0,0.2788539346919012,4742403000.0,2075294000.0,2721225000.0,635405000.0,2622737000.0,1075428000.0,1623104000.0,6913021630.68,8227924630.68,7.826232503004357,4.282662239044389,0.3999099190853245,0.9138628069083223,0.015632242824898886,7.826232503004357,0.02449532451787554,15.07836149714378,33.99735236884037,3.331104716093238,0.0,0.3074366670758061,0.0,0.09667525092236995,2.461142106215721,0.010719249291972866,231.92611234542224,0.2788539346919012,0.12990227859441475,-0.38911736899004634,-0.053190789230319974,-0.10332898283882516,0.1865701424660077,0.12999310912041256,0.12416662669672407,-0.49752797212857347,-0.09356510265673751,-0.05211754412224659,Specialty Chemicals,Basic Materials,SQM
2020Q1,2020,Q1,2020-03-31,2020-03-31,44987000.0,392037000.0,83396000.0,0.169666,107745000.0,0.2748337529365851,5033604000.0,2065861000.0,3020772000.0,932221000.0,2923161000.0,1041387000.0,1623104000.0,5978235573.75,7388507573.75,7.792460664238809,3.2404032949268466,0.42471974354756553,1.0348571370484267,0.01353773583185872,7.792460664238809,0.021776392506562638,15.249161619311442,33.22201732583858,2.8938227565891412,0.0,0.2729936133253056,0.0,0.07788395749844446,2.0105018016114204,0.0089373339658821,-99.57253741318144,0.2748337529365851,-0.316400410967183,-0.37243495849898867,0.011658783182243936,-0.0920493596231882,-0.218327178810061,-0.3274581034817838,-0.2079324525828909,-0.5617294610589065,-0.25897645178528517,-0.05375953833840745,Specialty Chemicals,Basic Materials,SQM
2019Q4,2019,Q4,2019-12-31,2019-12-31,66891000.0,472219000.0,105289000.0,0.248195,137839000.0,0.29189634470446973,4684151000.0,2086267000.0,2682166000.0,776812000.0,2549679000.0,983338000.0,1623104000.0,7194175266.8,8396565266.8,7.739937402827246,3.452786517201073,0.3823360946305958,0.8584327892834426,0.01947308005907069,7.739937402827246,0.032062530826591225,15.234828049697281,26.887680206604774,3.44834830191917,0.97196932322734,0.34004584385023257,0.009037311100834411,0.10081207885911449,2.1187340051389527,0.014280282595501298,754.8185150351485,0.29189634470446973,-0.06261920498536487,2.518175472794649,-0.06635580165086084,-0.09210239733373428,0.02721575115324137,0.10563636363636364,0.017570140425819794,-0.1932979032819261,-0.1684670555045313,-0.09417032230492588,Specialty Chemicals,Basic Materials,SQM
2019Q3,2019,Q3,2019-09-30,2019-09-30,60500000.0,473065000.0,103471000.0,0.264775,134187000.0,0.2836544660881697,4696845000.0,2092901000.0,2715471000.0,982120000.0,2555637000.0,963572000.0,1623104000.0,6349905118.34,7359600118.34,9.159462654334071,2.7649075469392743,0.3826641075019508,0.858766850414807,0.018620985716954155,9.159462654334071,0.02890724405980025,13.422901965564986,26.239277348512395,3.0340207770649448,1.160198347107438,0.3516893392502065,0.011054023436865098,0.10071973846273402,1.735877489512483,0.012880987130722858,208.0435462400891,0.2836544660881697,0.0,0.057913527490834824,0.1767065609526938,0.10026020425691741,-0.05852183430624158,-0.13806613383482214,-0.03194087102961127,0.2580188692299333,0.0892211590049554,0.06191663593453226,Specialty Chemicals,Basic Materials,SQM
2019Q2,2019,Q2,2019-06-30,2019-06-30,70191000.0,494132000.0,106885000.0,0.264775,142528000.0,0.28844114528101805,4716013000.0,2089156000.0,2767727000.0,989906000.0,2578661000.0,952821000.0,1620117000.0,8098712066.900001,9124850066.900002,7.880724153764149,2.7959493123589514,0.38717620159231964,0.8740027073133839,0.019651834364580102,7.880724153764149,0.03359777824154826,16.389774527656577,28.84526530075081,3.87654730757301,2.7721360288356056,0.3690136972211989,0.02402591898473066,0.10477748895094224,1.8056684170012103,0.014883546758670936,155.822374012006,0.28844114528101805,-0.1284304011639581,-0.012222219735859815,-0.053885969457032785,-0.14947144435885626,-0.02040591902238534,-0.12841940570946073,-0.09426399681380233,-0.15521064379817393,0.009227867663819863,-0.07594900804151344,Specialty Chemicals,Basic Materials,SQM
2019Q1,2019,Q1,2019-03-31,2019-03-31,80533000.0,504238000.0,118009000.0,0.303791,145497000.0,0.2885482649066512,4367575000.0,2088141000.0,2447666000.0,625151000.0,2230981000.0,933352000.0,1623104000.0,10270370116.5,11044719116.5,7.876501179839442,3.915319658770441,0.31530540402855134,0.659495694974621,0.024226127245649483,7.876501179839442,0.038566840074496886,20.368100215572806,31.88248952758497,4.918427499148764,0.0,0.38435766998945736,0.0,0.1154503357126094,2.343301058464275,0.018438836196287414,922.9304561915887,0.2885482649066512,-0.25365811713836484,-0.012966172939464737,-0.06274844071283861,-0.14479470084792187,-0.2780487562830901,-0.25866227262685026,-0.37963790438741285,0.3760209137819088,0.28683025175771026,-0.11828609430914898,Specialty Chemicals,Basic Materials,SQM
2018Q4,2018,Q4,2018-12-31,2018-12-31,108632000.0,565227000.0,190226000.0,0.40704,201533000.0,0.35655232322588976,4268094000.0,2085491000.0,2399596000.0,555663000.0,2130292000.0,913674000.0,1623104000.0,10218592319.099998,10996320319.099998,7.81656639248672,4.31843761416542,0.31250342658807423,0.6395587418022902,0.03762025723486734,7.81656639248672,0.05208941203774075,18.07874061058654,23.516533616015536,4.899849636896059,0.7716602842624641,0.3980566372688727,0.008203380405275141,0.1324307758920024,2.5932858585149634,0.025452110473668105,-1657.7859051103178,0.35655232322588976,0.2925597789844717,0.577982334899115,0.15054137447742114,-0.12081889279659087,0.23119452131786497,0.300966455491551,0.5104854014308742,1.0779930219812415,0.36099866921670104,-0.11717964962129668,Specialty Chemicals,Basic Materials,SQM
2018Q3,2018,Q3,2018-09-30,2018-09-30,83501000.0,543155000.0,125937000.0,0.31491,163689000.0,0.3013670130993915,4124423000.0,2085995000.0,2321910000.0,534853000.0,1986315000.0,910207000.0,1624784000.0,12263560136.25,13064998136.25,7.866987047653619,4.341211510452404,0.2980930908396156,0.5893887569241537,0.02799967459687624,7.866987047653619,0.04002933851711054,22.57838027128536,36.71680619468629,5.878997857736955,1.6032382845714424,0.41690077092353717,0.01091624279676227,0.1316923603616797,2.425111198777982,0.020245498582468383,153.2159785141365,0.3013670130993915,-0.3763281570280177,-0.3990147781450794,0.042126947784907436,-0.10796687954545135,-0.27048310901149836,-0.37626239990438626,-0.32722008237663536,5.111753389635411,0.2209196281671271,-0.09950480488367835,Specialty Chemicals,Basic Materials,SQM
2018Q2,2018,Q2,2018-06-30,2018-06-30,133872000.0,638697000.0,187189000.0,0.504929,224380000.0,0.35130899315324793,4301414000.0,2088527000.0,2520410000.0,692520000.0,2161604000.0,905767000.0,1624784000.0,12739521582.099998,13573832582.099998,7.87735408298257,3.6394761162132503,0.3167174794149087,0.6522936979028761,0.03972437522403702,7.87735408298257,0.06409876434443988,19.94611150843044,23.79048938930471,6.09976389201576,0.0,0.4574211690202889,0.0,0.14848535853558853,2.1441286894241323,0.03112278892475823,182.90245193389993,0.35130899315324793,0.28922870303228365,0.24595786273988834,0.1273256886170175,-0.10079984045011413,0.16453961811736742,0.1761212387436855,0.13232394110601642,0.6089844936288882,0.3192003064437543,-0.0974718556578536,Specialty Chemicals,Basic Materials,SQM
2018Q1,2018,Q1,2018-03-31,2018-03-31,113825000.0,518724000.0,165314000.0,0.391652,192677000.0,0.37144415912893947,4323611000.0,2193302000.0,2478295000.0,769485000.0,2070638000.0,923657000.0,1717320000.0,13030167558.75,13608254558.75,8.273170150264857,3.220719052353197,0.26671594646234364,0.5257716447620985,0.03490483384037169,8.273170150264857,0.05189663803707834,25.119654303155436,28.618861319459697,5.9408907477173685,0.0,0.3529957549176805,0.0,0.11997471557917676,1.9664151997764738,0.026326373949922877,209.3435014178301,0.37144415912893947,-0.060714491279906385,-0.25435945125626735,-0.1725663587840051,-0.04495680877143513,-0.10844739350527963,0.030519492277328118,0.03371643676292192,0.5878496198646859,0.3385769471948472,-0.036038748279897836,Specialty Chemicals,Basic Materials,SQM
2017Q4,2017,Q4,2017-12-31,2017-12-31,110454000.0,574774000.0,159922000.0,0.416968,216114000.0,0.37599821843020037,4296236000.0,2187821000.0,2466261000.0,748045000.0,2048768000.0,902074000.0,1724784000.0,15733537071.48,16311668071.48,8.255672718720813,3.2969420288886364,0.2813088014718,0.5524076238412557,0.03402467599062737,8.255672718720813,0.050485848705172864,27.373432116762412,35.61106223287522,7.191418800477735,1.0263729697430604,0.39759487580841485,0.007205436354518086,0.13378548105830312,2.052114511827497,0.025709481508930144,79.03440499658414,0.37599821843020037,-0.02052360202487637,-0.2222717710403471,-0.04538817053083516,0.023845906801976065,0.14626837172544382,-0.021292432015736728,0.03240758673225652,4.908869214526379,0.15586784317683441,-0.0316064485242436,Specialty Chemicals,Basic Materials,SQM
2017Q3,2017,Q3,2017-09-30,2017-09-30,112857000.0,558685000.0,154902000.0,0.425705,188537000.0,0.33746565595997746,4144828000.0,2192306000.0,2349476000.0,619891000.0,1893332000.0,916386000.0,1724787000.0,14755816880.64,15350951880.64,8.2695355294154,3.7901437510788187,0.26917787662117704,0.5089143577584516,0.03441316924555804,8.2695355294154,0.05147867131686909,26.411693316699033,32.686977503920886,6.73072868506495,0.8963024003827853,0.40392149159851853,0.006855194857610125,0.13479087672636839,2.277516531132086,0.027228391624453414,88.610752087627,0.33746565595997746,0.11579551590193074,-0.3167534254259933,-0.09192775786989806,-0.05302892185117633,0.047969228545859804,0.11569488107242422,0.012682888560557524,0.7009123386489792,0.1977688180194093,-0.006640324430043697,Specialty Chemicals,Basic Materials,SQM
2017Q2,2017,Q2,2017-06-30,2017-06-30,101154000.0,505719000.0,152962000.0,0.381526,179907000.0,0.35574498881790084,4127738000.0,2189058000.0,2319806000.0,553591000.0,1879649000.0,951857000.0,1724784000.0,8754595340.660002,9437407340.660002,8.25654326069064,4.190469136962125,0.2908219950006517,0.5483806276489704,0.03247143404564329,8.25654326069064,0.046208917260301005,17.31118534336262,21.636799683304666,3.9992523453741295,1.5759337248156278,0.3422909113448764,0.018208951276094284,0.12251722371914109,2.396863388313755,0.024505915830898183,56.4929233174591,0.35574498881790084,-0.014615752159820306,-0.47356164445974197,-0.2596864542171467,0.016504379117606556,0.011281618887015177,-0.01982558139534884,-0.01758509955041747,0.4233333333842186,-0.03182133058308426,-0.10891110041586245,Specialty Chemicals,Basic Materials,SQM
2017Q1,2017,Q1,2017-03-31,2017-03-31,103200000.0,531900000.0,155700000.0,0.387185,177900000.0,0.3344613649182177,4249500000.0,2195000000.0,2400000000.0,665300000.0,1993500000.0,959300000.0,0.0,9160959281.109999,9871559281.109999,8.235180147079417,3.6073951600781604,0.2876573714554653,0.5569020501138953,0.03207640557364724,8.235180147079417,0.04701594533029613,17.223085694886255,22.192246320518407,4.173557759047836,0.0,0.3690190764098822,0.0,0.12516766678432756,2.023898992935518,0.02428521002470879,95.8620325761793,0.3344613649182177,0.25806629798350683,-0.3158213143386339,-0.001089516676888734,0.11316726221767501,-0.1314664010779776,0.27621685793430945,0.09289233922479749,0.2580645188050405,-0.016632959275393207,-0.10585048609135483,Specialty Chemicals,Basic Materials,SQM
2016Q4,2016,Q4,2016-12-31,2016-12-31,80864000.0,553815000.0,142466000.0,0.307762,204828000.0,0.3698491373473091,4218644000.0,2246074000.0,2335066000.0,580349000.0,1911372000.0,993072000.0,1781576000.0,7531089068.7,8236369068.7,8.544583593818517,4.023554792030313,0.2891803622206567,0.5431472872220595,0.025244591764780784,8.544583593818517,0.03600237570088964,13.598564626635248,23.28319483546448,3.353001311933623,2.773780668777206,0.3514216491855575,0.029783076252837097,0.13127796514709467,2.2665775249031186,0.019168244582856483,58.00999097778531,0.3698491373473091,0.46226065472513894,-0.48674217841216944,0.03644010641524878,0.24956641318980982,0.4056658156962859,0.44883808431727373,0.5940608461168362,0.19222636957057204,0.1442033035048809,-0.03893396570824159,Specialty Chemicals,Basic Materials,SQM
2016Q3,2016,Q3,2016-09-30,2016-09-30,55813000.0,504048000.0,89373000.0,0.21047,145716000.0,0.2890915150938006,4361667000.0,2287312000.0,2494058000.0,692132000.0,2013683000.0,1015600000.0,1830908000.0,7133425282.4,7849139282.4,8.625406500269534,3.6034426959019377,0.29532791017746196,0.5631597263512804,0.017627637751214308,8.625406500269534,0.02440113110935456,14.152273756467638,31.952346596671028,3.118693594227635,0.0,0.3528278849940922,0.0,0.11556315509643446,2.084095230389579,0.012796254276174682,40.55478966207304,0.2890915150938006,-0.3284751181318419,-0.6104766425287863,-0.1231461561868874,0.185133076684588,-0.008275937168213867,-0.3282583316282932,-0.2689624146251687,-0.5983327023005124,-0.03299719999992727,-0.021970135578243875,Specialty Chemicals,Basic Materials,SQM
2016Q2,2016,Q2,2016-06-30,2016-06-30,83087000.0,489614000.0,122255000.0,0.313421,146932000.0,0.300097627927306,4239246000.0,2260867000.0,2324715000.0,570562000.0,1918341000.0,1017854000.0,1803002000.0,6553198037.759999,7249120037.759999,8.528451592331816,4.0744301232819575,0.30168407306393635,0.5656736995143898,0.02472126861797548,8.528451592331816,0.03675006092795374,13.384417189377753,19.71788016705381,2.898533190037273,0.0,0.3366710746334936,0.0,0.11549553859341968,2.19492360164189,0.01959947594454297,50.573384662211176,0.300097627927306,0.4195113113974502,-0.37157378565518784,-0.11243524459011973,0.2654069125891465,0.2938710813666784,0.4196596384512866,0.29732798505878855,-0.2266046038233135,-0.13570250260278863,-0.026477043972784428,Specialty Chemicals,Basic Materials,SQM
2016Q1,2016,Q1,2016-03-31,2016-03-31,58526000.0,391845000.0,94236000.0,0.220795,113560000.0,0.2898084701859153,4688945000.0,2368275000.0,2752934000.0,779657000.0,2259972000.0,1039938000.0,1911459000.0,5448015123.75,6562447123.75,8.93317109892687,3.5309552790521987,0.349997494105817,0.6929596436224679,0.01667131415954098,8.93317109892687,0.02471250171538356,13.903495320215901,23.271772903282304,2.3004149111695225,0.0,0.2675976837080672,0.0,0.08356783882088614,2.128115312246283,0.012481698974929328,83.78596994525014,0.2898084701859153,0.3082365070242277,-0.4746083756003412,-0.18371577072505121,0.3675206518990045,-0.03755371172377554,0.13030379111222695,0.10226568257050285,-0.6166100702325878,-0.3749552071192358,0.031232777659815754,Specialty Chemicals,Basic Materials,SQM
2015Q4,2015,Q4,2015-12-31,2015-12-31,51779000.0,411344000.0,85493000.0,0.168773,117991000.0,0.2868426426543234,4643762000.0,2339785000.0,2696845000.0,702927000.0,2243406000.0,1003846000.0,1882196000.0,5023592276.09,6112780276.09,8.854084966588784,3.8365932735547217,0.3480899753260395,0.6908527920300369,0.015932520217645175,8.854084966588784,0.022129811072384854,12.212630489541601,24.254969563384773,2.1470315760166,1.6410320786419206,0.29222908693166083,0.01691439020726723,0.08857990568853442,2.328933160911446,0.01115022690654689,1584.2296676411227,0.2868426426543234,2.2755555555555556,-0.5090078858884524,-0.1839323217021275,0.44645222569174714,-0.08896404221969996,2.786952387917794,0.8406570930307663,-0.6343823735175291,-0.3148874613442049,0.09805935389883781,Specialty Chemicals,Basic Materials,SQM
2015Q3,2015,Q3,2015-09-30,2015-09-30,13673000.0,445220000.0,46447000.0,0.051525,129513000.0,0.29089663537127713,4799849000.0,2318301000.0,2827429000.0,825418000.0,2421250000.0,998196000.0,1859901000.0,3858399510.12,5070185510.12,8.736289866196786,3.425451104773581,0.3529823542365604,0.7308205448731636,0.007262547046082703,8.736289866196786,0.005897853643681299,8.666276245721216,70.54778596723469,1.6643220660820142,0.17677173992540043,0.3162775647267671,0.0006264255408649554,0.09275708464995461,2.1551541158540277,0.002848631279859012,52.56245416069531,0.29089663537127713,-0.8358124772957575,-0.8559127926026265,-0.03193819269027488,0.4233721031704275,-0.21292616226071104,-0.8356985784496329,-0.660343554154753,-0.9173029451332292,-0.27705489379801324,0.00042061663381709176,Specialty Chemicals,Basic Materials,SQM
2015Q2,2015,Q2,2015-06-30,2015-06-30,83219000.0,484249000.0,136747000.0,0.313818,164550000.0,0.3398045220537368,4767965000.0,2314536000.0,2706540000.0,787085000.0,2393840000.0,970736000.0,1853064000.0,4248218427.48,5491365427.48,8.728097990478048,3.4386883246409217,0.35992189539981945,0.7414423452476003,0.025463199652446308,8.728097990478048,0.035954938700456594,8.772797522514244,12.762164972782658,1.8354514371260588,0.0,0.3293367094658074,0.0,0.10156303580248596,2.1521703500892535,0.017453777450128095,28.99372399694244,0.3398045220537368,0.16042361537380645,-0.20796792749113077,0.015341392722560224,0.5021858209843557,0.25903821875358657,0.16089837483434472,0.3685511554127761,-0.5669863004284658,-0.29125527588815847,0.07455984284958306,Specialty Chemicals,Basic Materials,SQM
2015Q1,2015,Q1,2015-03-31,2015-03-31,71685000.0,387519000.0,99921000.0,0.270434,130695000.0,0.3372608826922035,4738551000.0,2275301000.0,2634236000.0,561418000.0,2403332000.0,965998000.0,1811454000.0,4838261606.25,6108821606.25,8.582471687012449,4.692111759865199,0.36812455959638296,0.7666576861698738,0.017921970141492397,8.582471687012449,0.03150572166056271,12.485224224489638,16.873340330089977,2.1264270556950486,0.0,0.2658639044801335,0.0,0.08178006314588573,2.8737215408127277,0.015128042306603855,52.07863692507239,0.3372608826922035,-0.09199755568538173,-0.06285542467938247,-0.002584145597557823,0.5128029361116467,-0.0689382497934061,2.8805283386564176,-0.09491027998442014,-0.5221923761406129,-0.26831437337738967,0.1601114171473905,Specialty Chemicals,Basic Materials,SQM
2014Q4,2014,Q4,2014-12-31,2014-12-31,18473000.0,491416000.0,110399000.0,0.297834,140372000.0,0.2856480049489638,4663655000.0,2232648000.0,2511818000.0,530875000.0,2371140000.0,919603000.0,1768424000.0,6253944184.8,7647214184.8,8.52512153363662,4.7314678596656465,0.37477815147132454,0.7828533651520526,0.0062800616777281045,8.52512153363662,0.008274031553563302,12.726374771680206,84.63628247712877,2.8011330871682416,6.119146862989227,0.3817342918629017,0.018074833522617212,0.10537143077693355,2.922428066870732,0.003961056295973866,72.9561161055505,0.2856480049489638,0.19000319642000954,-0.7518529576443114,0.28306958397044824,0.5410315386095373,-0.014442283523720591,-0.7215783206981266,0.012314774061032863,-0.8823122484840252,-0.07691378042668115,0.24672026668451125,Specialty Chemicals,Basic Materials,SQM
2014Q3,2014,Q3,2014-09-30,2014-09-30,66349000.0,466425000.0,109056000.0,0.25028,142429000.0,0.3053631344803559,4524455000.0,2206899000.0,2334555000.0,615444000.0,2260311000.0,923321000.0,1736629000.0,6929684304.96,8180486304.96,8.324815001847764,3.7932858229180884,0.3417112116265937,0.7005563009453536,0.02037699944439302,8.324815001847764,0.03006435727235365,14.857017323170927,26.110733790109872,3.14000971723672,3.4624636392409833,0.35090288209625903,0.03315172667181497,0.1030897644025634,2.17039893150311,0.014664528655937566,107.86676065812618,0.3053631344803559,-0.06629708525616387,-0.22135957949312257,0.2153936463099314,0.48146921510313334,-0.0200828356771335,-0.0663355051151795,-0.015100065024203453,-0.5367979319946556,-0.18833820450291064,0.14383172731181454,Specialty Chemicals,Basic Materials,SQM
2014Q2,2014,Q2,2014-06-30,2014-06-30,71063000.0,522301000.0,110728000.0,0.268051,145348000.0,0.2782839780126785,4687957000.0,2456424000.0,2460251000.0,582545000.0,2175912000.0,893188000.0,1985759000.0,7770374012.07,8820467012.07,9.265678502497211,4.223280604931808,0.3403331131236912,0.6495079839636806,0.01952005920825144,9.265678502497211,0.02892945191872413,14.877195356834468,27.336215794682182,3.163286961888501,0.0,0.4220309722029405,0.0,0.11141335127433977,2.6039653588993126,0.015158628801416054,32.692311626753394,0.2782839780126785,-0.12903152435973253,-0.14484884337390894,0.5147953862804634,0.7451165903486067,-0.061059431524547805,-0.12267901234567902,-0.17057677902621723,-0.4625433091897039,-0.053227141128214035,0.374792774509125,Specialty Chemicals,Basic Materials,SQM
2014Q1,2014,Q1,2014-03-31,2014-03-31,81000000.0,534100000.0,133500000.0,0.307762,154800000.0,0.28983336453847597,4639000000.0,2424000000.0,2368000000.0,552900000.0,2158700000.0,906000000.0,0.0,8353655837.099999,9530255837.099998,9.210070596672942,4.282872128775547,0.34406122009053675,0.658457095709571,0.024530778947902523,9.210070596672942,0.03341584158415842,15.640621301441676,25.782888386111107,3.4462276555693068,0.0,0.41865342163355407,0.0,0.11513257167492995,2.463194067643335,0.017460659624919165,91.54290044381615,0.28983336453847597,0.19230754330299893,-0.05477567992536292,0.6761524838346562,0.575134424239507,0.05833851791586619,0.17435555426682517,0.315607938979443,-0.2675531037747898,0.12074419066599427,0.40990938233692303,Specialty Chemicals,Basic Materials,SQM
2013Q4,2013,Q4,2013-12-31,2013-12-31,68974000.0,492210000.0,101474000.0,0.258123,146267000.0,0.29716381219398225,4767608000.0,2376620000.0,2455049000.0,722635000.0,2335367000.0,955530000.0,1909725000.0,6918092194.759999,8256454194.759999,8.890735172131336,3.397356895251406,0.3806906943691679,0.7636828773636509,0.01865195165976942,8.890735172131336,0.02902188822781934,14.055163842181182,25.074999981007334,2.9108953870454677,2.941456200887291,0.3620430546398334,0.029326582284299605,0.10324045097667425,1.9954430660015083,0.014467212908443815,78.75519045069044,0.29716381219398225,-0.5073894539972137,-0.43167326241959153,0.2265670380131989,0.6106145184568942,-0.01490436422413793,-0.5034519498657375,-0.4660415384048705,-0.3534286383270299,-0.034657032947958785,0.45243960570663627,Specialty Chemicals,Basic Materials,SQM
2013Q3,2013,Q3,2013-09-30,2013-09-30,138907000.0,521074000.0,190041000.0,0.52399,148480000.0,0.28494993033619026,4975264000.0,2337914000.0,2666028000.0,951071000.0,2580572000.0,956787000.0,1857238000.0,8098643665.45,9495047665.45,8.81916474541313,2.803185040864457,0.3700300124777298,0.7874528318834654,0.03603195322368273,8.81916474541313,0.05941493143032635,15.542214091376657,14.575657932015666,3.4640468663304125,0.0,0.38942209708116854,0.0,0.10473293477491848,1.7287153114751685,0.027919523466493436,102.18850837139756,0.28494993033619026,0.29299474649169777,-0.27107373530608025,-0.11543023577358458,0.6167459680363417,-0.20956528219924833,0.2930482378567572,0.23150548225718656,0.46530304937611716,0.13414748974261564,0.4368746074298831,Specialty Chemicals,Basic Materials,SQM
2013Q2,2013,Q2,2013-06-30,2013-06-30,107426000.0,566459000.0,154316000.0,0.405253,187846000.0,0.3316144681256719,4794703000.0,2322238000.0,2533999000.0,746654000.0,2417647000.0,917518000.0,1857631000.0,10682866017.199999,12153894017.199999,8.760401117951035,3.3938062342129016,0.38547017406500467,0.7958766500246744,0.02819306335403186,8.760401117951035,0.04625968569974309,18.859027779945237,24.86098806899633,4.600245977027332,,0.41264912513977925,,0.11814266702233694,2.071636929555055,0.02240514167405155,0.0,0.3316144681256719,-0.2962072756259411,-0.1453734007089082,0.22945853059993765,0.8495980819922593,-0.2137044788614483,-0.29231884057971014,-0.2842486085343228,0.022801301097904264,0.18815590733839174,0.5077454858868706,Specialty Chemicals,Basic Materials,SQM
2013Q1,2013,Q1,2013-03-31,2013-03-31,151800000.0,623400000.0,215600000.0,0.575813,238900000.0,0.38322104587744626,4560500000.0,2283700000.0,2347300000.0,624500000.0,2221300000.0,891200000.0,0.0,14483674741.96,15868474741.96,8.662613613968887,3.7586869495596478,0.3537989255564083,0.7065288785742435,0.0424931297731994,8.662613613968887,0.06647107763716775,23.23335698100738,23.853219272002633,6.342196760502693,,0.43144075403949733,,0.13669553776998136,2.179183346677342,0.03328582392281548,0.0,0.38322104587744626,0.07407359047345478,1.3563531298377824,0.9210537054969147,0.8401674743286514,0.0194763075242387,0.07089947089947089,0.10547095318668923,0.9956595174285744,0.6135648866145623,0.52692927952724,Specialty Chemicals,Basic Materials,SQM
2012Q4,2012,Q4,2012-12-31,2012-12-31,141750000.0,600952000.0,195030000.0,0.536102,234336000.0,0.38994129314820486,4416431000.0,2132783000.0,2246734000.0,609093000.0,2228985000.0,896236000.0,1676169000.0,14845072498.178503,16109421498.178503,8.063393782085567,3.6886550986466764,0.35972530760697946,0.7448962224473845,0.0405599935625999,8.063393782085567,0.06646245773714438,24.702592716520627,26.181785711073196,6.960423305220692,1.7756472663139329,0.40906189887484995,0.01695498624414825,0.13607186436287583,1.9995271658022666,0.03209605221954107,-2340.38664640998,0.38994129314820486,-0.1395798224918549,2.1864894589263137,0.9668630488771184,0.8078679163850986,-0.10670610838339788,-0.14184525971667272,-0.14567691404641547,0.8853223589591078,0.5535726950863487,0.4575679745320039,Specialty Chemicals,Basic Materials,SQM
2012Q3,2012,Q3,2012-09-30,2012-09-30,165180000.0,615252000.0,228286000.0,0.62307,262328000.0,0.4263748837874562,4498637000.0,2315106000.0,2411891000.0,573698000.0,2128060000.0,839918000.0,1859002000.0,16017613560.54615,17239828560.54615,8.732616782321392,4.204112616742607,0.3526550375146961,0.6852675428252529,0.043525530222197774,8.732616782321392,0.07134878489365065,26.03423241297249,24.242664911832772,6.918738736172836,0.0,0.42018863746222845,0.0,0.1367640909902266,2.6607971441420397,0.036717788076699676,240.616706883777,0.4263748837874562,-0.1402729292288162,2.9812002291577158,0.9077936045850111,1.0397139818148071,-0.11285762597226918,-0.14058272632674298,-0.15574704142011833,0.9383911283224786,0.6031330368100557,0.554040891891366,Specialty Chemicals,Basic Materials,SQM
2012Q2,2012,Q2,2012-06-30,2012-06-30,192200000.0,683300000.0,270400000.0,0.72473,295700000.0,0.43275281721059566,4260400000.0,2154100000.0,2235200000.0,539500000.0,2053100000.0,794200000.0,0.0,14375654274.281301,15513554274.281301,8.122486661452328,4.1430954587581095,0.3645667073514224,0.7210435912910265,0.054943740537029453,8.122486661452328,0.08922519845875307,21.038569112075663,18.698821896827916,6.673624378757393,0.0,0.4880382775119617,0.0,0.16038400150220636,2.574791473586654,0.04511313491690921,128.5974726650562,0.43275281721059566,0.2807019093985528,2.76872675841156,1.1236695225603732,0.9759676646924115,0.2515713421060428,0.2810856567730239,0.30093817656964156,1.3120753522202366,0.9810424783961454,0.5298055316688871,Specialty Chemicals,Basic Materials,SQM
2012Q1,2012,Q1,2012-03-31,2012-03-31,150029000.0,529625000.0,207850000.0,0.565885,236263000.0,0.44609487845173473,4089006000.0,1961278000.0,2133045000.0,660527000.0,2074394000.0,812133000.0,1501589000.0,15145099224.8601,16140425224.8601,7.397971919038581,3.2293078102787622,0.35325895828961856,0.7364983444468352,0.04528248420820707,7.397971919038581,0.07649552995546781,28.595891857182156,25.236952897206706,7.722056345332023,0.0,0.36122408521756905,0.0,0.1295241435204546,1.9152055858428194,0.03669082412693941,470.22786962432,0.44609487845173473,-0.056858333333333344,2.492051247267483,1.2333005494814828,0.7382238688816167,0.09422051787938995,-0.055803796193736786,0.016963250368181308,0.7380739919543339,0.650070887581754,0.2652237696684268,Specialty Chemicals,Basic Materials,SQM
2011Q4,2011,Q4,2011-12-31,2011-12-31,158896000.0,538907000.0,204383000.0,0.6,215919000.0,0.40066096747676316,3871583000.0,1812834000.0,1956413000.0,629303000.0,2007203000.0,744402000.0,1351560000.0,13900862973.182325,13455870973.182325,6.8380387817934976,3.108856941727594,0.0,0.0,0.08734351159466508,6.8380387817934976,0.0876506067295737,25.794548916941746,21.871008353234703,7.668028607794384,1.2195020642432786,0.43388921577319783,0.013939710101008161,0.13919551769909105,1.8245884732791675,0.04104161011141954,135.0555536757345,0.40066096747676316,0.11034826073197845,4.358152001435408,1.0180683560537025,0.6693546130139122,-0.10663571818678318,0.10925261438364771,-0.0027616626575391926,0.3201437846172766,0.3540985611981048,0.2387552127579229,Specialty Chemicals,Basic Materials,SQM
2011Q3,2011,Q3,2011-09-30,2011-09-30,143246000.0,574679000.0,204949000.0,0.540371,241692000.0,0.4205687000917034,3844605000.0,1929474000.0,1980626000.0,655257000.0,1863969000.0,707515000.0,1465568000.0,12341693801.69985,13256741801.69985,7.278006723429849,3.0226704941725155,0.3543807491276737,0.7061271621177585,0.04660599199764793,7.278006723429849,0.07424095893492216,21.475804408547816,21.53933408559375,6.396403269336539,0.0035603088393393184,0.4706430252362141,4.1323339259134475e-05,0.14947673428089492,1.8774892904616052,0.03725896418487725,-121.58106395133336,0.4205687000917034,0.08340066523248055,2.9396589064547642,1.1196402762206046,0.8249430574975699,0.15324824048669927,0.0833831237095469,0.15700188553557112,-0.2483484305984772,-0.02448800921871904,0.334217963392336,Specialty Chemicals,Basic Materials,SQM
2011Q2,2011,Q2,2011-06-30,2011-06-30,132221000.0,551665000.0,177138000.0,0.498773,209575000.0,0.3798954075389956,3594486000.0,1786761000.0,1772628000.0,520488000.0,1758482000.0,637085000.0,1322322000.0,16706848979.272726,16552643979.272726,6.739691009654569,3.405703877899202,0.08922165783925713,0.17949015005364455,0.06306244864516106,6.739691009654569,0.07400038393495269,30.28440988511638,31.588872000803057,9.350354624526014,0.6281150498029814,0.5369613159939411,0.004971015186827606,0.15347535085684016,2.1116394614285054,0.036784396990279,531.4728480761166,0.3798954075389956,0.18714491425579272,2.2268699940217473,0.9316812739906553,0.7515186659633868,0.117107752991658,0.18695632658557385,0.06047163203362129,0.05177706189577059,0.19722862436156396,0.42296219052503425,Specialty Chemicals,Basic Materials,SQM
2011Q1,2011,Q1,2011-03-31,2011-03-31,111395000.0,480035000.0,167037000.0,0.420145,187605000.0,0.3908152530544648,3484257000.0,1731802000.0,1755615000.0,487355000.0,1703726000.0,625339000.0,1266526000.0,14264840224.171125,14959948224.171125,6.5323847844797385,3.6023330016107353,0.3613174917923678,0.7269439577965611,0.04145097951935639,6.5323847844797385,0.06432317320340317,29.716250323770403,32.01409449295553,8.236992580081976,0.0,0.4676343551257798,0.0,0.13777255810923247,2.1840362774568844,0.03197094818206579,381.6679658641104,0.3908152530544648,0.05036249999999992,2.248898950601252,1.1905802458619361,0.6442880319461889,0.09307176442484166,0.052912653477886894,0.49646571881635176,0.7194831797861375,0.4709883792949002,0.387650719041082,Specialty Chemicals,Basic Materials,SQM
2010Q4,2010,Q4,2010-12-31,2010-12-31,105797000.0,505677000.0,111621000.0,0.4,171631000.0,0.33940835750884457,3372836000.0,1622804000.0,1695263000.0,476837000.0,1702016000.0,605101000.0,1155131000.0,15080564238.119026,14846870238.119026,6.121242588813766,3.5552253705144525,0.08626508967527624,0.17929337122659297,0.048565494919043585,6.121242588813766,0.0651939482525308,29.82252354392038,35.63561404888377,9.292905513000353,1.045937030350577,0.5520499883490525,0.007337722796889334,0.14992635277849264,2.19303451703622,0.03136737155319737,126.64548349487329,0.33940835750884457,0.11856823266219253,2.9473546154663133,1.3533870972965916,0.5903356822266896,0.13534341904201203,0.11596679429975845,-0.15298750967506944,1.3728216386778236,0.651238705367058,0.372424364206629,Specialty Chemicals,Basic Materials,SQM
2010Q3,2010,Q3,2010-09-30,2010-09-30,94803000.0,459468000.0,131782000.0,0.3576,151171000.0,0.3290131195208371,3388327000.0,1627178000.0,1855928000.0,448616000.0,1713748000.0,639539000.0,1163970000.0,12452694922.6869,11836847922.6869,6.137741386625129,4.137008042512973,0.0,0.0,0.06261705852368152,6.137741386625129,0.05826221839282488,27.102420457326517,32.838346156468944,7.652939581709499,0.003248842336212989,0.4820612972781957,2.473360199637359e-05,0.13560320476742652,2.5954691763111435,0.027979294796517572,254.75532257291994,0.3290131195208371,-0.09746882405942173,1.9441925021616857,0.8761453371478869,0.6425273939454548,-0.11957857463177696,-0.09736358529548982,-0.14098728252863224,1.2849601969054298,0.4247334619171752,0.43361803628060824,Specialty Chemicals,Basic Materials,SQM
2010Q2,2010,Q2,2010-06-30,2010-06-30,105029000.0,476745000.0,153411000.0,0.396219,171703000.0,0.3601568972931022,3128020000.0,1540174000.0,1651518000.0,349377000.0,1542641000.0,618071000.0,1069167000.0,8416939236.62502,8030006236.62502,5.810265193928325,4.727036982972549,0.0,0.0,0.07470699903907668,5.810265193928325,0.06819294443355102,17.655013134117862,20.034798095347522,5.464927493013789,0.6206857153738491,0.49353876819976994,0.007745095713217902,0.15241110990338935,2.768201684713075,0.03357683135018318,74.79662703277337,0.3601568972931022,0.3733665624501737,2.5314144456436285,1.075568114200478,0.6151514757315748,0.30574609499764255,0.37305374347979553,0.34897646934683973,1.0604093861562038,0.48239752723550583,0.41347060635706,Specialty Chemicals,Basic Materials,SQM
2010Q1,2010,Q1,2010-03-31,2010-03-31,76493000.0,388523000.0,113724000.0,0.288502,131498000.0,0.3384561531749729,3017143000.0,1504030000.0,1568205000.0,364087000.0,1468194000.0,633509000.0,1027666000.0,9651870347.567026,10424484347.567026,5.673225165117641,4.307226020154523,0.37514628905557346,0.7525581271650167,0.033992474143142694,5.673225165117641,0.050858692978198575,24.842468393292098,31.544946425055315,6.417338980982445,0.0,0.40571641444715073,0.0,0.1287718215543645,2.472197579150038,0.025352792360189755,4740.604296447459,0.3384561531749729,0.03036428571428555,2.0905069894449557,0.8814524965723303,0.5494502076342546,0.0951413295134667,0.015047970381772581,0.13789998198955394,0.7804389555168105,0.6383075371936636,0.3329782139574388,Specialty Chemicals,Basic Materials,SQM
2009Q4,2009,Q4,2009-12-31,2009-12-31,75359000.0,387709000.0,99942000.0,0.28,120074000.0,0.3097013481760805,3203134000.0,1466613000.0,1745131000.0,545474000.0,1690428000.0,637689000.0,989227000.0,9698336216.702774,9785218216.702774,5.532087643922448,3.1992927252261336,0.19740635265337012,0.43114236680023976,0.03911916817319766,5.532087643922448,0.051383016514922476,25.014472753283453,32.173782218125154,6.612743932245777,1.3491553762656086,0.4196951805660753,0.010483344537478404,0.12104051844225062,1.8494355367991875,0.02352664609098464,113.7581370575313,0.3097013481760805,-0.12898218457489655,3.0446080100133304,1.0966801248857716,0.5460387585039331,-0.08434819079574485,-0.11566038842926715,-0.1147976581667449,1.54119031741624,0.4518706646178747,0.3505357782655073,Specialty Chemicals,Basic Materials,SQM
2009Q3,2009,Q3,2009-09-30,2009-09-30,85215000.0,383781000.0,112903000.0,0.321463,131135000.0,0.3416922672044734,3087286000.0,1489733000.0,1712258000.0,533987000.0,1553832000.0,646671000.0,1012347000.0,10101034936.934624,10987546936.934624,5.619296652929927,3.2065537175998666,0.38199408801128243,0.7916351453582622,0.028128955961116447,5.619296652929927,0.05720152537400997,26.319788986256807,29.63396977332226,6.780433095685351,0.00016429032447339082,0.39068707271549213,1.3859965921718315e-06,0.1243101546147652,1.8257073674078208,0.027601913136651415,-250.73313153290533,0.3416922672044734,0.03697741935483871,2.3157587048354333,0.7156056960638703,0.6082618779259564,-0.22907113462669018,0.025451263537906138,0.005369545859305432,1.343646829325375,0.4155340021963912,0.4090254110058115,Specialty Chemicals,Basic Materials,SQM
2009Q2,2009,Q2,2009-06-30,2009-06-30,83100000.0,344800000.0,112300000.0,0.31,170100000.0,0.49332946635730857,2958500000.0,1407600000.0,1660800000.0,519500000.0,1508200000.0,632400000.0,0.0,9342102570.276,10132002570.276,5.309489666043624,3.196920115495669,0.4254520872063546,0.8942171071327082,0.03344330153384541,5.309489666043624,0.05903665814151748,27.094264994999996,28.10500171563177,6.636901513410059,2.934873646209386,0.2762492093611638,0.026106328651965834,0.11654554672976171,1.6465832531280078,0.02808855839107656,-371.8249779214328,0.49332946635730857,-0.047902775516973514,4.226415015483138,0.6553048238004588,0.5828179228179933,0.2106761565836299,-0.03707995365005794,-0.0602510460251046,1.0280658632381179,0.20733362325320254,0.3798362927162968,Specialty Chemicals,Basic Materials,SQM
2009Q1,2009,Q1,2009-03-31,2009-03-31,86300000.0,320900000.0,119500000.0,0.325597,140500000.0,0.4378311000311624,2948800000.0,1549800000.0,1685200000.0,619100000.0,1352700000.0,579100000.0,0.0,6854691712.635156,7322591712.635156,5.847164822849751,2.7220158294298176,0.3517023874118285,0.6691831204026326,0.03706841624456562,5.847164822849751,0.05568460446509227,21.36083425564087,19.857160233589674,4.422952453629601,0.0008574739281575898,0.3115178725608703,1.0795525619860752e-05,0.10882392837764514,1.5772896139557422,0.02926614215952252,-1247.2146493149846,0.4378311000311624,-0.2764511111111111,5.165650617162923,0.8704606878122169,0.7237219597566145,-0.18524274547099348,-0.2828413774763994,-0.20741251691295465,1.517546260690084,0.4647116586438394,0.471809064565741,Specialty Chemicals,Basic Materials,SQM
2008Q4,2008,Q4,2008-12-31,2008-12-31,120336000.0,397894000.0,150772000.0,0.45,172444000.0,0.4333918078684273,2567215000.0,1463108000.0,1339414000.0,445906000.0,1057038000.0,540727000.0,826001000.0,6294651341.034339,6794492341.034339,5.520088804768392,3.003803492215848,0.2563369254230752,0.449776776560582,0.050683970944336756,5.520088804768392,0.08224683345316955,15.819920232610542,13.07724068656582,4.302246547099967,0.8047550192793511,0.4169386770033677,0.015384648768185316,0.15499052475153036,1.6748193565459986,0.04687414182294822,59.73288423832168,0.4333918078684273,-0.37393394864032364,10.29847413203647,1.4325642221200368,0.6443573089622755,-0.33968715896689705,-0.36856355765446674,-0.3693131431439806,3.490808332534308,0.8521822393060554,0.43415230942260236,Specialty Chemicals,Basic Materials,SQM
2008Q3,2008,Q3,2008-09-30,2008-09-30,190575000.0,589105000.0,239060000.0,0.718774,261155000.0,0.443308069019954,2445115000.0,1446146000.0,1290406000.0,380439000.0,947606000.0,562517000.0,805665000.0,6507720509.796946,7002073509.796946,5.454885875561923,3.3918867413698384,0.21132462072336067,0.35730348111463156,0.10158868925955272,5.454885875561923,0.13178130009003242,11.046792184410156,8.536954623897344,4.500043916587223,0.0028072937163846254,0.583004602527568,8.221004562113456e-05,0.24093140813417774,1.7656864832469856,0.07794111933385546,68.967671444133,0.443308069019954,0.5146433463281003,13.328947368421055,1.8991387795275596,0.659756685412602,0.4506757469878849,0.5159650630011455,0.5314345748292783,4.9184782608695645,1.4054920375663538,0.45978771620796344,Specialty Chemicals,Basic Materials,SQM
2008Q2,2008,Q2,2008-06-30,2008-06-30,125712000.0,460785000.0,156102000.0,0.47455,180023000.0,0.3906876308907625,2251655000.0,1255663000.0,1139745000.0,378681000.0,944633000.0,535989000.0,615090000.0,12029343934.42804,12562129934.42804,4.736380948511223,3.0097760384069967,0.24966835505439333,0.44770531583713147,0.0697128343669786,4.736380948511223,0.10011603431812517,26.106196891018673,23.922425731887248,9.580073582185697,0.9182576046837215,0.5238204515391174,0.009596200809390913,0.2046428071796079,1.3495422268347237,0.055830933246878406,-482.8153294974128,0.3906876308907625,0.9422979322538924,9.475999999999999,1.6558213256484147,0.4699871224537578,0.7269552871655651,0.9404791306495431,0.8104660063556864,3.2263314677033437,1.0058411525007875,0.3166305535604416,Specialty Chemicals,Basic Materials,SQM
2008Q1,2008,Q1,2008-03-31,2008-03-31,64784000.0,326335000.0,86222000.0,0.244324,104243000.0,0.31943554935878776,2165005000.0,1248010000.0,1058564000.0,280551000.0,865964000.0,442154000.0,606392000.0,6035322992.989035,6528286992.989035,4.707513709929728,3.773160673103999,0.23959113258398942,0.4156344901082523,0.04096397754662137,4.707513709929728,0.05190984046602191,18.494255881192746,23.290175787960898,4.8359572383146245,0.0002932822919239318,0.5022955802729365,3.148133086178064e-06,0.15073175350634294,2.0018855751717157,0.029923256528275915,914.8587225995202,0.31943554935878776,0.4372,4.998518518518518,1.1540264026402642,0.45421813097180147,0.29581334062601,0.452979568035526,0.4351198402130493,1.6174343773294924,0.5803023494947748,0.28569867808877386,Specialty Chemicals,Basic Materials,SQM
2007Q4,2007,Q4,2007-12-31,2007-12-31,44587000.0,306241000.0,60080000.0,0.17,80446000.0,0.26268853615289917,1986319000.0,1182436000.0,903954000.0,192422000.0,757884000.0,387768000.0,541608000.0,4562632003.790941,4903426003.790941,4.4601675316018845,4.697768446435439,0.25424214338180323,0.42708949998139434,0.029077541774976328,4.4601675316018845,0.03770774908747704,14.898828059570539,25.582748355972264,3.858671423900271,0.0019960975172135377,0.5822940521136349,1.950628495264418e-05,0.15417513501104305,2.5322936046813775,0.022447049038950943,85.53224362235568,0.26268853615289917,0.08652580179212858,3.5496938775510203,1.1872951024576988,0.3916545638147877,-0.053676669529108684,0.07464449264883104,-0.10531331903740768,1.3930378596239283,0.6561117431192718,0.2464719138809791,Specialty Chemicals,Basic Materials,SQM
2007Q3,2007,Q3,2007-09-30,2007-09-30,41490000.0,322494000.0,67152000.0,0.156462,85009000.0,0.26359870261152146,1971885000.0,1135015000.0,904241000.0,236754000.0,794384000.0,385930000.0,497021000.0,4594641146.76426,5083353146.76426,4.281294760038693,3.819327234175558,0.25447122930596866,0.44209812205125043,0.030793910502353392,4.281294760038693,0.03655458297907957,14.24721435674543,27.68523226539082,4.04808848056128,0.006218365871294288,0.6153577073562563,5.615237224384639e-05,0.1635460485778836,1.953458019716668,0.021040780775755177,4443.560103253637,0.26359870261152146,-0.18595019822894673,2.5767241379310346,1.044984147114775,0.0,-0.06868029536142334,-0.18616739569643592,-0.08586986114892459,0.6143968871595331,0.4416361198033079,0.2253211702472201,Specialty Chemicals,Basic Materials,SQM
2007Q2,2007,Q2,2007-06-30,2007-06-30,50981000.0,321643000.0,73460000.0,0.192202,91278000.0,0.2837866827507516,1871600000.0,1089772000.0,819771000.0,193117000.0,742620000.0,377544000.0,455531000.0,4441047684.456363,4914070684.456363,4.110637439361495,4.244944774411367,0.26130904039324643,0.4487782765569312,0.036864751176482566,4.110637439361495,0.046781345088697454,13.807381738313481,21.77795494623665,4.075208102664009,1.8673819658304074,0.6101672917593711,0.021436608378064225,0.17185456294079932,2.187212933092374,0.027239260525753366,56.31202288031906,0.2837866827507516,0.1859782058718268,4.541413043478261,1.3089949748743717,0.0,0.24988703117939448,0.18662570118474037,0.2493834719458476,2.206352201257862,0.5441334613538165,0.22542674013268882,Specialty Chemicals,Basic Materials,SQM
2007Q1,2007,Q1,2007-03-31,2007-03-31,42963000.0,237149000.0,58797000.0,0.162062,73029000.0,0.30794563755276216,1896190000.0,1128323000.0,858244000.0,180560000.0,728833000.0,384042000.0,496336000.0,3768850379.812244,4274838379.812244,4.256052428849961,4.753234381922907,0.2763784219935766,0.46446451946827283,0.02863593548883788,4.256052428849961,0.03807686274231758,15.892330896660935,21.930791493914786,3.340222950176717,0.0013034471522007309,0.42734909202639293,1.4858642386007854e-05,0.12506605350729622,2.3421521931767835,0.02265753959255138,303.6701619379779,0.30794563755276216,0.4732909090909092,3.4753125000000007,1.0200085178875637,0.0,0.06959884001933302,0.44876074860900356,0.1906082941843512,2.0687857142857147,0.38198717948717953,0.25466807516957635,Specialty Chemicals,Basic Materials,SQM
