Quarters,Year,Quarter,FillingDate,Date,NetIncome,Revenue,OperatingIncome,EPSDiluted,GrossProfit,GrossProfitRatio,TotalAssets,CommonStockEquity,CurrentAssets,CurrentLiability,TotalLiability,Inventory,RetainedEarnings,MarketCap,EnterpriseValue,bookValuePerShare,currentRatio,debtToAssets,debtToEquity,roic,shareholdersEquityPerShare,roe,priceToSalesRatio,peRatio,pbRatio,payoutRatio,inventoryTurnover,dividendYield,assetTurnover,quickRatio,returnOnAssets,priceToFreeCashFlowsRatio,grossProfitMargin,epsdilutedGrowth,fiveYNetIncomeGrowthPerShare,fiveYRevenueGrowthPerShare,fiveYShareholdersEquityGrowthPerShare,grossProfitGrowth,netIncomeGrowth,operatingIncomeGrowth,threeYNetIncomeGrowthPerShare,threeYRevenueGrowthPerShare,threeYShareholdersEquityGrowthPerShare,Industry,Sector,Symbol
2023Q2,2023,Q2,2023-05-15,2023-03-31,60558198.0,6240020.0,-1400643.0,2025.29,4015508.0,0.6435088349,33684122.0,25786224.0,10146202.0,4679414.0,7897898.0,4531890.0,-154717429.0,262530.77999999997,2830086.7800000003,862.386676030902,2.1682633765680914,0.12724416566357288,0.16621696918478643,1.8471114731173637,862.386676030902,2.3484709510008135,0.042072105538123274,0.0010837953764740488,0.010181047833913177,0.016521264387688684,0.49085745682265014,3.8109740884478387,0.18525108061299625,0.6154841183105406,1.7978262280370556,-0.16094038241081882,0.6435088349075804,24669.57490864799,11572.735401038624,542.6225565001264,487.82926828718536,0.12549645912876572,13.217777879999128,0.6538358022045974,4966.099273222556,809.4861047438721,340.58539412193954,Drug Manufacturers—Specialty & Generic,Healthcare,YCBD
2023Q1,2023,Q1,2023-02-13,2022-12-31,-4956564.0,6085218.0,-4046181.0,-0.0821,3567766.0,0.5863004415,35726893.0,26590761.0,11529220.0,5552419.0,9136132.0,4690609.0,-152380127.0,616853128.7800001,618081732.7800001,0.44055475240512565,2.076431911928837,0.12823023821298987,0.17228796122081652,-0.14182911245027616,0.44055475240512565,-0.1864017355501785,101.36910933675672,-31.112940778127754,23.198024636451738,-0.20185394559618317,0.5367004582986985,0.00162194524647832,0.17032597824837442,0.9457830902170747,-0.13873481805428756,-275.168710900123,0.5863004414960976,0.7067857142857142,0.4989937359916141,0.013226410196000859,-0.7719118104855087,-0.2820051401982947,0.7019756835981656,-1.0809351289753404,-1.1760589393435315,-0.7246066111621415,-0.780053958890345,Drug Manufacturers—Specialty & Generic,Healthcare,YCBD
2022Q4,2022,Q4,2022-12-15,2022-09-30,-16631408.0,7859623.0,49992890.0,-0.28,4969069.0,0.6322273982,40791909.0,31424431.0,16011603.0,5285612.0,9367478.0,4255914.0,-147423563.0,605270549.13,603418982.13,0.5259292501304721,3.0292808098664827,0.11935374242965682,0.15493254277221438,1.3809830527516185,0.5259292501304721,-0.5292508876294371,77.0101249296563,-9.09830588501587,19.26114586227512,-0.06018744774946294,0.6791852466943646,0.0016538091956379074,0.19267602798388278,1.734792489497905,-0.4077134021847323,-281.24125248822105,0.6322273981843658,0.4909090909090909,-5.164017696579776,-0.08709556467921829,-0.06444952361520365,-0.16242818625153976,0.49037568787329194,22.27155167828755,-1.0099030749842242,-0.9939795261671277,-0.9944406496569257,Drug Manufacturers—Specialty & Generic,Healthcare,YCBD
2022Q3,2022,Q3,2022-08-11,2022-06-30,-32634644.0,8592893.0,-2350223.0,-0.55,5932708.0,0.6904203276,57137755.0,46600000.0,19858328.0,5725274.0,10537755.0,4318204.0,-131791631.0,1174471887.6000001,1170065230.6000001,0.7856126738678015,3.4685375756688677,0.09008077058680376,0.11045092274678112,-0.042622354484931374,0.7856126738678015,-0.7003142489270386,136.67944981975222,-8.997125015367104,25.20325939055794,-0.030642313732608818,0.6160396776067087,0.0008514473701396751,0.15038905536278072,2.1283309759497975,-0.5711572672044956,-477.5522260687546,0.6904203275893229,-6.534246575342467,-11.239045893407976,-0.620051030381347,0.09623691637016504,-0.07910408700465453,-6.5823070910853305,0.5309290037597961,0.5393137752240462,-0.5823201319330081,-0.28192174310329776,Drug Manufacturers—Specialty & Generic,Healthcare,YCBD
2022Q2,2022,Q2,2022-05-13,2022-03-31,-4304052.0,9628886.0,-5010378.0,-0.073,6442322.0,0.6690620286,92988029.0,80023429.0,24327090.0,5785135.0,12964600.0,4713041.0,-99156987.0,2759654617.2,2751794001.2,1.3570888378053079,4.205103251695942,0.05889181713917175,0.06843288357463412,-0.05093179355926064,1.3570888378053079,-0.05378489842018642,286.60165020127977,-160.29398675945365,34.48558318089569,-0.2324553699630023,0.6761163333822048,0.00036254536845452316,0.10354973756890792,2.832056123150108,-0.04628608699728435,-516.3225333953746,0.6690620285669598,0.7787878787878788,0.38385876512118733,-0.45663993528464436,0.0,0.2901384836964445,0.7754111351107992,0.7384662122272698,0.9766714069894573,-0.7075432681523407,1.938690351298935,Drug Manufacturers—Specialty & Generic,Healthcare,YCBD
2022Q1,2022,Q1,2022-02-10,2021-12-31,-19164138.0,9321822.0,-19157670.0,-0.33,4993512.0,0.5356798274,99326697.0,84400000.0,29678529.0,6760698.0,14926697.0,4867208.0,-93499271.0,2810312836.2000003,2796365131.2000003,1.4595670443388626,4.389861668129534,0.05788186030186829,0.06811864928909953,-0.19993020984755583,1.4595670443388626,-0.22706324644549764,301.476775269899,-36.66109109890568,33.297545452606634,-0.05220699203898448,0.8892798499673735,0.00035601089925377895,0.09385011564413544,3.2257559796340556,-0.19294045386408046,-493.0801598033514,0.5356798273985494,0.8669354838709677,-1.4481818951634415,2.7809118248652354,0.0,-0.13044662389987005,-5.3329891037285515,-1.7318528578570713,-4.701193565940701,0.29748842725400676,-0.12760055674477055,Drug Manufacturers—Specialty & Generic,Healthcare,YCBD
2021Q4,2021,Q4,2021-12-17,2021-09-30,-3026081.0,9793327.0,-7012702.0,-2.48,5742617.0,0.5863806038540325,124883376.0,103142187.0,36502360.0,6917146.0,21741189.0,5021867.0,-73337865.0,114271279.19999999,93929533.19999999,84.4841220890087,5.277083930279916,0.04860276999558372,0.05884767597568975,-0.058355542086057165,84.4841220890087,-0.02933892607881196,11.66827975824763,-9.440533746452921,1.1079004869268478,-0.4408338706069005,0.8066143527895103,0.01167396575359244,0.0784197810283412,4.130188086242505,-0.02423125556759452,-17.95419370358016,0.5863806038540325,-83.66666666666666,-6.158708306431162,102.84781561574297,691.7980688954639,-0.2012573490128966,-2.968454186853732,-0.05049448590542901,-20.57275077656648,41.74434284990531,50.88553866377054,Drug Manufacturers—Specialty & Generic,Healthcare,YCBD
2021Q3,2021,Q3,2021-08-12,2021-06-30,1537288.0,10560523.0,-6675620.0,0.03,7189571.0,0.6807968696247335,115522296.0,89280032.0,29983213.0,6750486.0,26242264.0,4738418.0,-68977784.0,7396260543.0,7383657410.0,1.5752614592554923,4.441637683568264,0.05523504311237027,0.07147039329018162,-0.06134761270509274,1.5752614592554923,0.017218721426981567,700.368773686682,1202.809841584661,82.84339036751241,0.364460010095701,0.7114087444374895,7.575179332078324e-05,0.0914154528230637,3.1825099703932427,0.013307283989577215,-1575.9243512644878,0.6807968696247335,1.1304347826086956,1.105372358984934,1.2655057540979884,0.0,-0.11843723805969088,1.1228800763264446,-0.6017427261840578,0.0628970871180027,-0.5295561913981467,-0.07918062426847758,Drug Manufacturers—Specialty & Generic,Healthcare,YCBD
2021Q2,2021,Q2,2021-05-12,2021-03-31,-12510474.0,11798611.0,-4167723.0,-0.23,8155484.0,0.6912240771392497,121057878.0,85884569.0,34746335.0,6863646.0,35173309.0,4331545.0,-69954791.0,9961760384.1,9946330263.1,1.6061714584340059,5.062372826337489,0.06840925296906328,0.0964256920239071,-0.0396498733776162,1.6061714584340059,-0.14566614405435277,844.3163677571878,-199.0684042846818,115.99010742081038,-0.04478487385849649,0.8410687179747642,5.6243071344525086e-05,0.09746256249428063,3.8775770195607406,-0.10334291503110603,-3221.5467819815417,0.6912240771392497,-0.2777777777777779,-0.9749775892367284,-0.2657766432838122,0.0,-0.083450400470756,-0.3315217801995206,-1.3680984348942722,-2.3370167467777696,-0.4252157671459523,-0.0895689363109752,Drug Manufacturers—Specialty & Generic,Healthcare,YCBD
2021Q1,2021,Q1,2021-02-09,2020-12-31,-9395621.0,12328303.0,-1759945.0,-0.18,8898028.0,0.721756108687465,124078753.0,85719646.0,37375449.0,6737130.0,38359107.0,4383501.0,-56884037.0,6920372992.5,6900207164.5,1.6443164290179695,5.547681134251529,0.06929457132761481,0.10030354068424407,-0.016789094371740254,1.6443164290179695,-0.10960872376911122,561.3402746914965,-184.13825420640106,80.73263616254319,-0.01064857767251361,0.7825420822306188,1.4457313226964767e-05,0.099358695199008,4.466184265406783,-0.07572304502447731,-3028.169645591975,0.721756108687465,0.971107544141252,-0.3313839195862348,4.546544071326053,0.0,0.3977805865256135,-0.501242537624052,0.6115832581855869,-0.0995724013566604,1.3766737151922,-0.14868888546512773,Drug Manufacturers—Specialty & Generic,Healthcare,YCBD
2020Q4,2020,Q4,2020-12-22,2020-09-30,-6258563.0,11699917.0,-4531074.0,-6.23,6365826.0,0.5440915521024636,110842801.0,79182048.0,23712252.0,7689078.0,31660753.0,4603360.0,-47388367.0,88280640.0,82137041.0,80.72420317750301,3.0838875610313745,0.07831852787624881,0.10963400441473804,-0.05563533460619129,80.72420317750301,-0.07904017587420825,7.5454073734027345,-3.526394157892155,1.114907257766306,-0.015986097767171154,1.1587383997775538,0.0011333175654367708,0.10555414419742064,2.1406639391614966,-0.05646341434478907,611.3787085514834,0.5440915521024636,-35.64705882352941,-17.427525595315046,153.41453131715218,660.9654757799161,-0.07587913283562611,0.30093026663905487,-2.3876986156344486,-140.2949439020523,81.77963687500207,142.59643758121595,Drug Manufacturers—Specialty & Generic,Healthcare,YCBD
2020Q3,2020,Q3,2020-08-12,2020-06-30,-8952702.0,10636545.0,-1337508.0,-0.17,6888521.0,0.647627683613429,111310797.0,83580138.0,24111750.0,4386423.0,27730659.0,6397326.0,-41029754.0,4412298945.6,4406401167.6,1.6281110934842002,5.496904881266581,0.08182980668083797,0.1089797315242528,-0.013372848930666191,1.6281110934842002,-0.10711518566767621,414.8244515112755,-123.21137645372313,52.79123786084202,-0.011175397103578339,0.5858735352864619,2.267525415515445e-05,0.09555717223011169,3.7558928995220024,-0.08042977178575049,-3722.11152721926,0.647627683613429,-1.425,0.3225016595784411,1.519201846089236,0.0,0.03323268776173848,-1.6015076017020418,0.7611881563603828,-2.879548627209353,-0.45656846560842435,1.2718516948588745,Drug Manufacturers—Specialty & Generic,Healthcare,YCBD
2020Q2,2020,Q2,2020-05-15,2020-03-31,14883772.0,9399036.0,-5600677.0,0.4,6666960.0,0.7093238072500201,112583349.0,92157644.0,24885267.0,5792420.0,20425705.0,6571696.0,-31977003.0,1527650759.25,1520869110.25,2.5246591068324373,4.29617793599221,0.07153855407161498,0.08739426975802463,-0.051908031865528774,2.5246591068324373,0.16150339086359455,162.53270646585457,25.659670802031904,16.576495371886896,0.006719801942679584,0.4157337770949843,6.54704613566931e-05,0.08348513420044025,2.826729242699942,0.1322022495529068,-277.0404229187295,0.7093238072500201,-0.11111111111111108,4.441882452581194,-0.1432083119312514,0.0,0.034006084961472303,0.15112488914143282,0.08374851413425191,4.441882452581194,-0.1432083119312514,0.0,Drug Manufacturers—Specialty & Generic,Healthcare,YCBD
2020Q1,2020,Q1,2020-02-13,2019-12-31,12929763.0,10148236.0,-6112598.0,0.45,6447699.0,0.635351700531994,101796640.0,55524230.0,14874171.0,5481248.0,46272410.0,5307217.0,-46760759.0,2819160205.2000003,2823912280.2000003,2.0030128761694113,2.713646782630525,0.08264894597699884,0.15152636965879582,-0.10278093237560139,2.0030128761694113,0.23286703840827688,277.79805329714446,54.50912374031914,50.773512846553665,0.005161270164039357,0.6972650637801319,2.3671588396043522e-05,0.099691266823738,1.1135214097227493,0.12701561662546032,-519.2571389102446,0.635351700531994,-0.983991462113127,4.445597559639155,7.586296791012763,0.0,0.2561209532626382,0.15728715819125502,-0.8065635205627226,4.445597559639155,7.586296791012763,0.0,Drug Manufacturers—Specialty & Generic,Healthcare,YCBD
2019Q4,2019,Q4,2019-12-18,2019-09-30,11172476.0,8684834.0,-3383550.0,28.11,5133024.0,0.5910330583175223,94518122.0,37603984.0,15743035.0,3709878.0,56914138.0,4301586.0,-59610260.0,70833430.8,66143464.8,94.6026455745244,4.24354520552967,0.0,0.0,-0.09029787061491502,94.6026455745244,0.29710883825501044,8.15599132925281,1.5849984998848956,1.8836682517469423,0.0,0.8256975450450136,0.0,0.0918853846884516,2.198007050366616,0.11820459149622123,-9.932672112754977,0.5910330583175223,24.6218487394958,82.17722688363654,281.85202648321837,774.773347060196,0.009416853583914538,1.4033494193290224,0.5903747044530884,82.17722688363654,281.85202648321837,774.773347060196,Drug Manufacturers—Specialty & Generic,Healthcare,YCBD
2019Q3,2019,Q3,2019-08-14,2019-06-30,-27699249.0,8044336.0,-8260110.0,-1.19,5085138.0,0.632138936016596,100908628.0,25375142.0,22186077.0,2329906.0,75762906.0,3116457.0,-70782736.0,6095328800.400001,6083695587.400001,1.0940488259078625,9.522305620913462,0.0,0.0,-0.3138276347045684,1.0940488259078625,-1.0915899111027634,757.7168333595216,-55.01348430421344,240.20865776435855,0.0,0.9495391722074137,0.0,0.07971901074702949,6.910871082352679,-0.27449832139229957,-1256.7291795537174,0.632138936016596,0.6198083067092652,-3.639480704393866,3.2169636533213817,0.0,0.4370118425213405,0.12872806765078398,-2.440787788281899,-3.639480704393866,3.2169636533213817,0.0,Drug Manufacturers—Specialty & Generic,Healthcare,YCBD
2019Q2,2019,Q2,2019-05-15,2019-03-31,-31791738.0,5673352.0,-2400645.0,-3.13,3538689.0,0.6237386645496349,94835227.0,-14689943.0,14144223.0,1871292.0,108250883.0,2065465.0,-43083487.0,2135323012.05,2131429495.05,-1.4457257773315815,7.558533355563963,0.007867013383117646,-0.0507878076858433,0.16654373459706961,-1.4457257773315815,2.164183890979019,376.3776709165939,-16.79149321790775,-145.35951651071755,0.0,1.0335018990880989,0.0,0.05982325533949531,5.377618778897147,-0.3352313165233421,-629.5639836703718,0.6237386645496349,-51.166666666666664,-25.411418579781643,0.8579160796968479,0.0,3.669428456063401,-53.40204317359275,-2.049991170106937,-25.411418579781643,0.8579160796968479,0.0,Drug Manufacturers—Specialty & Generic,Healthcare,YCBD
2019Q1,2019,Q1,2019-02-14,2018-12-31,-584385.0,1249030.0,-787099.0,-0.06,757842.0,0.6067444336805361,96437404.0,16819095.0,15731935.0,1771674.0,78312191.0,1191982.0,-7253882.0,1397864088.0,1390596854.0,1.6730490323248077,8.879700780166102,0.00792534813566736,0.04544239746549978,-0.037531868502351545,1.6730490323248077,-0.03474532963872313,1119.159738356965,-598.0064888729178,83.11173032793977,0.0,0.412076692433275,0.0,0.01295171736476855,7.531111254102052,-0.006059733835224349,-1115.768740431632,0.6067444336805361,0.4545454545454546,0.5705843229408947,1.9140235438300783,0.0,0.18704751999448643,0.34310495415442827,0.12771253375948508,0.5705843229408947,1.9140235438300783,0.0,Drug Manufacturers—Specialty & Generic,Healthcare,YCBD
2018Q4,2018,Q4,2018-12-12,2018-09-30,-889617.0,1453047.0,-902339.0,-0.11,638426.0,0.43937050900624686,15017612.0,12607183.0,11790147.0,969955.0,998457.0,123223.0,-6669497.0,2087029690.2,2082747137.2,1.6282787895194457,12.155354629853962,0.0,0.0,-0.06982878644836714,1.6282787895194457,-0.07056429656014353,1436.3125832818898,-586.4966862706086,165.54290440616276,0.0,6.610949254603443,0.0,0.0967561953258614,11.028742570531623,-0.0592382464002932,-2768.6011535895127,0.43937050900624686,-4.666666666666667,0.6681596899451807,1.4295101688754357,12.352430884161086,-0.6947847804012384,-5.31697836699438,-2.438024813342152,0.6681596899451807,1.4295101688754357,12.352430884161086,Drug Manufacturers—Specialty & Generic,Healthcare,YCBD
2018Q3,2018,Q3,2018-08-14,2018-06-30,206074.0,3198430.0,627485.0,0.03,2091724.0,0.65398461119987,16470284.0,13814624.0,12521155.0,1201745.0,1252749.0,475733.0,-5779879.0,1344544276.5,1339120414.5,1.7107171077976768,10.419144660472895,0.0,0.0,0.040932135993301075,1.7107171077976768,0.014917090758315247,420.3763335448955,1631.1425464881547,97.327605622853,0.0,2.3263174932157322,0.0,0.19419397989737153,9.135923178378109,0.012511866826340092,-1044.276223906575,0.65398461119987,-0.823529411764706,1.0991369345743967,3.8156776913081547,0.0,-0.18199014582597633,-0.8532651379916077,-0.6126554507934117,1.0991369345743967,3.8156776913081547,0.0,Drug Manufacturers—Specialty & Generic,Healthcare,YCBD
2018Q2,2018,Q2,2018-05-15,2018-03-31,1404397.0,3080910.0,1619966.0,0.17,2557089.0,0.8299784803840424,15751026.0,14158624.0,12180046.0,219681.0,548670.0,485624.0,-5985953.0,1513222354.8000002,1506839944.8000002,1.7641878913114772,55.444239601968306,0.020886829848417495,0.023235944396856643,0.1134049241319928,1.7641878913114772,0.09919021791948145,491.1608436468447,269.37225634916626,106.87637123494487,0.0,1.0786555030229148,0.0,0.19560059135195385,51.10367305319987,0.08916225520800994,-723.4372393522627,0.8299784803840424,2.0625,2.4771524694783773,0.27738952244820136,0.0,4.563339802276604,2.239617168963959,2.319177662758996,2.4771524694783773,0.27738952244820136,0.0,Drug Manufacturers—Specialty & Generic,Healthcare,YCBD
2018Q1,2018,Q1,2018-02-14,2017-12-31,-1132928.0,687756.0,-1228012.0,-0.16,459632.0,0.6683067832196302,15298993.0,13350352.0,12051143.0,768432.0,1143432.0,593149.0,-7390350.0,1352998748.25,1344540892.25,1.9315105851946601,15.68277088929144,0.02353096050177943,0.026965581132242806,-0.08729069184529925,1.9315105851946601,-0.08486128305830438,1967.2656410849197,-298.56238619091414,101.3455486604398,0.0,0.3845981363873158,0.0,0.044954331307949486,14.511407645699293,-0.07405245560933324,-741.9448450139944,0.6683067832196302,-2.539823008849558,-0.21081969495011305,1.3337423373984292,0.0,-0.1593240675200872,-2.3486084509706555,-3.4568114511352417,-0.21081969495011305,1.3337423373984292,0.0,Drug Manufacturers—Specialty & Generic,Healthcare,YCBD
2017Q4,2017,Q4,2017-12-26,2017-09-30,-338328.0,1079566.0,-275536.0,-0.0452,546741.0,0.5064451826011563,7069439.0,4211851.0,3693676.0,1523525.0,1920525.0,588197.0,-6257421.0,1871192184.75,1871267938.75,0.5621602077129988,2.424427561083671,0.05092341839288803,0.08547310909146597,-0.056498590351494495,0.5621602077129988,-0.0803276279241597,1733.28187878277,-1382.6761195866143,444.268371495098,0.0,0.9058614715818,0.0,0.15270886416871268,1.655584253622356,-0.04785782860563618,-2066.6154775368386,0.5064451826011563,-0.1299999999999999,0.8695811393782832,0.8653685513300738,3.609901797915555,-0.6416197285114142,-0.6058094831268689,-1.4100732379944607,0.8695811393782832,0.8653685513300738,3.609901797915555,Drug Manufacturers—Specialty & Generic,Healthcare,YCBD
2017Q3,2017,Q3,2017-06-30,2017-06-30,-210690.0,1787009.0,671919.0,-0.04,1525589.0,0.8537108654740967,5097622.0,3358877.0,3018380.0,603605.0,657855.0,797126.0,-5949627.0,1170565013.25,1170166663.25,0.7166449716627903,5.000588132967752,0.0,0.0,0.1589902433931487,0.7166449716627903,-0.06272632192247588,655.0414761481336,-1388.9660321443828,348.4989218866901,0.0,0.3279531717695822,0.0,0.35055737753799715,3.6747028271800266,-0.04133103631457962,-8756.208770309087,0.8537108654740967,0.6666666666666666,0.8253667100162374,3.635729961658789,0.0,0.5102583673134017,0.6205404178756099,10.26797611001531,0.8253667100162374,3.635729961658789,0.0,Drug Manufacturers—Specialty & Generic,Healthcare,YCBD
2017Q2,2017,Q2,2017-03-31,2017-03-31,-555237.0,1408541.0,-72499.0,-0.12,1010151.0,0.7171612327933656,,,,,,,,1170565013.25,,,0.0,0.0,0.0,0.0,,0.0,831.0478809278537,-527.0564701424797,0.0,0.0,0.0,0.0,0.0,0.0,0.0,-1534.131063281849,0.7171612327933656,0.14285714285714296,0.0,0.0,0.0,26.234396484322343,0.12489302246410047,0.8712673680472323,0.0,0.0,0.0,Drug Manufacturers—Specialty & Generic,Healthcare,YCBD
2017Q1,2017,Q1,2016-12-31,2016-12-31,-634479.0,199837.0,-563175.0,-0.14,37091.0,0.1856062691093241,,,,,,,,1170565013.25,,,0.0,0.0,0.0,0.0,,0.0,5857.599009442696,-461.2307945771255,0.0,0.0,0.0,0.0,0.0,0.0,0.0,-2185.2312580856533,0.1856062691093241,0.6,0.0,0.0,0.0,1.2663817868428613,0.38512922889067636,0.453101784684228,0.0,0.0,0.0,Drug Manufacturers—Specialty & Generic,Healthcare,YCBD
2016Q4,2016,Q4,2016-09-30,2016-09-30,-1031890.0,230208.0,-1029762.0,-0.35,-139240.0,-0.6048443147067001,1623358.0,363427.0,956317.0,1904083.0,1916083.0,687465.0,-4487336.0,744310694.25,745073983.25,0.1219462436200244,0.5022454378301786,0.49129458813151505,2.1945177435908723,-0.8885682394999597,0.1219462436200244,-2.83933224554037,3233.2095072716847,-180.3270441253428,2048.033564512268,0.0,0.5374062679554595,0.0,0.14180975484150754,0.1041089070171836,-0.6356515321943773,-1574.0914035288072,-0.6048443147067001,-0.34615384615384603,0.0,0.0,0.0,-3.170706991971315,0.14470385114934384,0.27570403068911237,0.0,0.0,0.0,Drug Manufacturers—Specialty & Generic,Healthcare,YCBD
2016Q3,2016,Q3,2016-06-30,2016-06-30,-1206471.0,385486.0,-1421742.0,-0.26,64145.0,0.16640033619897998,,,,,,,,1170565013.25,,,0.0,0.0,0.0,0.0,,0.0,3036.595397109104,-242.55970786906605,0.0,,0.0,,0.0,0.0,0.0,0.0,0.16640033619897998,0.0,0.0,0.0,0.0,0.0,0.0,0.0,0.0,0.0,0.0,Drug Manufacturers—Specialty & Generic,Healthcare,YCBD
