Quarters,Year,Quarter,FillingDate,Date,NetIncome,Revenue,OperatingIncome,EPSDiluted,GrossProfit,GrossProfitRatio,TotalAssets,CommonStockEquity,CurrentAssets,CurrentLiability,TotalLiability,Inventory,RetainedEarnings,MarketCap,EnterpriseValue,bookValuePerShare,currentRatio,debtToAssets,debtToEquity,roic,shareholdersEquityPerShare,roe,priceToSalesRatio,peRatio,pbRatio,payoutRatio,inventoryTurnover,dividendYield,assetTurnover,quickRatio,returnOnAssets,priceToFreeCashFlowsRatio,grossProfitMargin,epsdilutedGrowth,fiveYNetIncomeGrowthPerShare,fiveYRevenueGrowthPerShare,fiveYShareholdersEquityGrowthPerShare,grossProfitGrowth,netIncomeGrowth,operatingIncomeGrowth,threeYNetIncomeGrowthPerShare,threeYRevenueGrowthPerShare,threeYShareholdersEquityGrowthPerShare,Industry,Sector,Symbol
2023Q1,2023,Q1,2023-05-03,2023-03-31,352759000.0,79870000.0,19798000.0,8.69,35500000.0,0.4444722674,719332000.0,346994000.0,94686000.0,111815000.0,372338000.0,0.0,-84443000.0,265827780.0,395639780.0,8.967643562309402,0.8468094620578634,0.1981936018417087,0.41086301204055403,0.13014590038284332,8.967643562309402,1.0166141201288783,3.3282556654563664,0.1883919191289237,0.7660875404185664,0.0,0.0,0.0,0.11103357003442083,0.7041362965612843,0.490398035955581,3.2427512930613838,0.4444722674345812,10.743243243243242,56.602822185567575,-0.011793449706452977,-0.5388097150744305,-0.33061809405287174,10.744930913933745,-0.4298303717996717,1.9327195094852871,0.3338684034838338,4.425412801933129,Oil & Gas E&P,Energy,AMPY
2022Q4,2022,Q4,2023-03-09,2022-12-31,30035000.0,98947000.0,34723000.0,0.74,53034000.0,0.5359839106,459478000.0,-4565000.0,99244000.0,139852000.0,464043000.0,12627000.0,-437202000.0,356767096.02,572021096.02,-0.11247211541546016,0.7096359008094271,0.4409939104810241,-44.38707557502738,0.15923678571529518,-0.11247211541546016,-6.579408543263965,3.6056383318342142,2.9695946064591308,-78.15270449507119,0.0,3.636097251920488,0.0,0.21534654542763745,0.4849984269084461,0.06536765634045591,54.601636978879704,0.5359839105783905,-0.3675213675213675,1.1544819655388514,0.0532229552260434,-1.0058491234950413,-0.34096331643304506,-0.36412330101198287,-0.32159115331262333,2.0102594624946692,0.17523761963397136,-1.0097311937208013,Oil & Gas E&P,Energy,AMPY
2022Q3,2022,Q3,2022-11-01,2022-09-30,47234000.0,126299000.0,51183000.0,1.17,80472000.0,0.6371546885,458182000.0,-35323000.0,106375000.0,155228000.0,493505000.0,0.0,-467237000.0,252557370.0,463717370.0,-0.9188886865586223,0.685282294431417,0.4847506012894439,-6.287801149392747,0.23005048794881824,-0.9188886865586223,-1.3372023893780256,1.9996783030744503,1.3367350319684972,-7.149941114854344,0.0,0.0,0.0,0.2756524699791786,0.5818215785811838,0.10309003845633395,44.81940905057675,0.6371546884773435,0.6027397260273972,7.425071672958045,0.5480308615893072,-1.038109185236397,0.06801863378767568,0.6164955509924709,-0.08547894294852323,7.031247652311877,0.5179115422714883,-1.0645209948188847,Oil & Gas E&P,Energy,AMPY
2022Q2,2022,Q2,2022-08-03,2022-06-30,29220000.0,121777000.0,55967000.0,0.73,75347000.0,0.6187293167,456531000.0,-83391000.0,110223000.0,188333000.0,539922000.0,0.0,-514471000.0,250678200.0,465093200.0,-2.1756065744847377,0.5852559031077931,0.5062219214029278,-2.771354222877769,0.30588148160793904,-2.1756065744847377,-0.3503975249127604,2.058502015980029,2.144748459958932,-3.006058207720258,0.0,0.0,0.0,0.2667442079508292,0.5045637248915484,0.06400441591042011,19.36037998146432,0.6187293167018403,1.1921052631578946,0.3920153833401751,0.49893123305832615,-1.0911894776489015,0.16154344206696677,1.2014449990348288,0.1705883583275815,1.4232124792415262,1.8041312400285052,-1.1019881617782,Oil & Gas E&P,Energy,AMPY
2022Q1,2022,Q1,2022-05-04,2022-03-31,-145052000.0,111433000.0,47811000.0,-3.8,64868000.0,0.5821255822,456130000.0,-113003000.0,122037000.0,206223000.0,569133000.0,0.0,-543691000.0,209995500.0,432022500.0,-2.9596658023624314,0.5917720137908963,0.5209742836472059,-2.102882224365725,1.039305040190966,-2.9596658023624314,1.2836119395060308,1.8845001032010267,-0.3619314108044012,-1.8583179207631657,0.0,0.0,0.0,0.2443009668296319,0.5214597789771267,-0.3180058316707956,46.18330767539037,0.5821255821884002,-5.3678160919540225,-6.140500285086998,0.21361046368303496,-1.1267395226561177,0.26603821457150106,-5.3991144269553875,0.24129605109432198,-3.872195604816219,1.2335321241060988,-1.1427305050344332,Oil & Gas E&P,Energy,AMPY
2021Q4,2021,Q4,2022-03-09,2021-12-31,32973000.0,93053000.0,38517000.0,0.87,51237000.0,0.5506216887,455100000.0,-64841000.0,125784000.0,165163000.0,519941000.0,0.0,-495077000.0,118282564.69,341548564.69,-1.7048625089294216,0.761574929009524,0.5318940892111624,-3.733208926450857,0.1877025781706563,-1.7048625089294216,-0.5085208432935951,1.2711311262398848,0.8968137922694325,-1.8241940236887153,0.0,0.0,0.0,0.20446715007690616,0.6706465733850802,0.07245220830586684,78.54087960823372,0.5506216887150334,3.4857142857142858,-0.9617047103700961,1.6447011133354004,-1.2066540471723624,0.015237378140603946,3.4478841870824053,4.7282934856257866,-0.3853790628928518,0.4045852646792253,-1.0798962015909357,Oil & Gas E&P,Energy,AMPY
2021Q3,2021,Q3,2021-11-15,2021-09-30,-13470000.0,97001000.0,-10331000.0,-0.35,50468000.0,0.5202832960484943,405917000.0,-100151000.0,72832000.0,142098000.0,506068000.0,0.0,-530827000.0,202138720.0,428392720.0,-2.635830087377619,0.51254767836282,0.6001177580638406,-2.4323072161036836,-0.06578369257219269,-2.635830087377619,0.13449690966640374,2.083882846568592,-3.751646622123237,-2.0183395073439105,0.0,0.0,0.0,0.23896757218840306,0.43696603752339935,-0.03318412384797877,28.051446017207883,0.5202832960484943,0.6195652173913044,0.9015729538521002,-0.5761759221344344,0.9816775001851272,0.2841403526627821,0.6153955971789966,0.7233854557138267,-1.7798256930648555,0.1899377573323485,-1.1322302360656011,Oil & Gas E&P,Energy,AMPY
2021Q2,2021,Q2,2021-08-04,2021-06-30,-35023000.0,80393000.0,-37348000.0,-0.92,39301000.0,0.4888609704825047,395325000.0,-87375000.0,67367000.0,122672000.0,482700000.0,0.0,-517358000.0,153831150.0,383187150.0,-2.3003712187031042,0.5491636233207252,0.6184936444697401,-2.798351931330472,-0.2241278947652682,-2.3003712187031042,0.4008354792560801,1.9134893585262398,-1.0980723381777688,-1.7605854077253216,0.0,0.0,0.0,0.20335926136722948,0.4466952523803313,-0.08859292986783027,11.849572484979202,0.4888609704825047,-0.803921568627451,-2.0960517708438413,-0.6395781587615301,0.9836092971320152,0.24224800075860542,-0.8120343543046358,-1.3077113198220465,-14.147786881106242,-0.0010340800650095096,-1.1184432311001362,Oil & Gas E&P,Energy,AMPY
2021Q1,2021,Q1,2021-05-05,2021-03-31,-19328000.0,72469000.0,-16184000.0,-0.51,31637000.0,0.4365590804343926,391558000.0,-53274000.0,64522000.0,82249000.0,444832000.0,0.0,-482335000.0,105164620.0,354305620.0,-1.4082846493430965,0.7844715437269754,0.6791892899647051,-4.991966062244247,-0.07254341219396308,-1.4082846493430965,0.3628036190261666,1.4511669817439181,-1.3602625724337747,-1.9740327364192665,0.0,0.0,0.0,0.18507858350487028,0.6349621271991149,-0.04936178037481037,9.19110470197518,0.4365590804343926,0.49,0.969730157855782,-0.6084246761163288,0.9900582972125987,1.6623748211731044,0.48881248346998146,0.5175004472005247,-4.228281090027369,-0.08286117500986517,-1.072425625993501,Oil & Gas E&P,Energy,AMPY
2020Q4,2020,Q4,2021-03-11,2020-12-31,-37810000.0,56092000.0,-33542000.0,-1.0,11883000.0,0.2118483919275476,384759000.0,-33737000.0,56837000.0,56862000.0,418496000.0,0.0,-463007000.0,49531100.0,311185100.0,-0.8922771753504364,0.9995603390665119,0.7069828126177685,-8.062898301568012,-0.13439119046279763,-0.8922771753504364,1.120727984112399,0.8830332311203024,-0.3275,-1.4681536591872426,0.0,0.0,0.0,0.14578476396913392,0.7257043368154479,-0.0982693062410496,7.1742612977983775,0.2118483919275476,-1.1276595744680853,0.9792097716617894,-0.7512786664181206,0.992853390495347,-0.0014285714285714286,-1.137970031099802,-1.339214729060604,0.7912405862755958,-0.3590740568901045,-1.046402962824632,Oil & Gas E&P,Energy,AMPY
2020Q3,2020,Q3,2020-11-05,2020-09-30,-17685000.0,52745000.0,-14339000.0,-0.47,11900000.0,0.22561380225613803,421694000.0,4036000.0,62502000.0,51387000.0,417658000.0,0.0,-425197000.0,32083690.2,301208690.2,0.10726625205974592,1.2162998423725846,0.6702632714717307,70.03121902874133,-0.0479866939748069,0.10726625205974592,-4.3818136769078295,0.608279271968907,-0.45354382527565734,7.949378146679881,0.0,0.0,0.0,0.12507884864380334,0.7867359448887851,-0.041937992952235506,2.0848456819806356,0.22561380225613803,0.5727272727272728,0.9935012770674652,-0.8755573527854735,1.000898474202956,3.394848057959348,0.5721646990516741,0.5858892161959222,-4.222779323879626,-0.3395079038763226,-0.9955513333343254,Oil & Gas E&P,Energy,AMPY
2020Q2,2020,Q2,2020-08-05,2020-06-30,-41336000.0,35171000.0,-34626000.0,-1.1,-4969000.0,-0.14128116914503427,453683000.0,21255000.0,84773000.0,66794000.0,432428000.0,0.0,-407512000.0,46241850.0,330790850.0,0.5653677350711531,1.2691708836123006,0.6562974587983239,14.00851564337803,-0.10474955943191296,0.5653677350711531,-1.9447659374264878,1.3147721133888715,-0.27967056560867043,2.1755751587861676,0.0,0.0,0.0,0.07752329269556056,0.6038566338293859,-0.09111207605310316,2.9307802002788694,-0.14128116914503427,0.887410440122825,0.9875541341785322,-0.9326162970530479,1.0118644257455056,-3.7544345898004434,0.8874288873335712,0.903651268010084,-3.007710090823327,-0.5586228106560786,-0.9763028899409852,Oil & Gas E&P,Energy,AMPY
2020Q1,2020,Q1,2020-05-06,2020-03-31,-367199000.0,58136000.0,-359382000.0,-9.77,1804000.0,0.031030686665749277,507125000.0,62096000.0,116381000.0,55658000.0,445029000.0,0.0,-366176000.0,21259731.2,324160731.2,1.6528960817717206,2.0910021919580295,0.601025388217895,4.908448209224427,-0.941564532102304,1.6528960817717206,-5.913408271064159,0.36568961056832255,-0.014474257282835737,0.3423687709353259,-0.010310485595004344,0.0,0.1780831546920029,0.11463840276066059,0.47698444069136514,-0.7240798619669707,57.614447696476965,0.031030686665749277,-12.338066048683258,0.6603398605655904,-0.8841253778220707,-0.9593219895077137,-0.9144009489916963,-12.343956682898467,-14.588704780081548,-14.225508521573962,-0.35651287737498955,-0.9292192854217862,Oil & Gas E&P,Energy,AMPY
2019Q4,2019,Q4,2020-03-05,2019-12-31,-27518000.0,77929000.0,-23054000.0,-0.73249,21075000.0,0.270438476048711,877539000.0,434207000.0,52587000.0,61088000.0,443332000.0,0.0,4809000.0,248324480.0,549550480.0,11.557895017035776,0.860840099528549,0.34326223677808054,0.6937382400560101,-0.030670822806618425,11.557895017035776,-0.06337530256306324,3.1865477550077634,-2.2560186060033436,0.5719034469734482,-0.2798168471545897,0.0,0.031007816869283288,0.08880403036218333,0.5425779203771608,-0.03135815046396798,23.40696389857668,0.270438476048711,-5.883266666666667,-1.038168447692772,-0.8970118995297676,-0.8344275258012208,0.058726012257610774,-6.336048089974792,-2.5569662997231037,-1.0323553446719527,1.2422683692301453,0.40098440170614535,Oil & Gas E&P,Energy,AMPY
2019Q3,2019,Q3,2019-11-06,2019-09-30,5157000.0,72959000.0,14807000.0,0.15,19906000.0,0.27283816938280403,914629000.0,480045000.0,76915000.0,59762000.0,434584000.0,0.0,40027000.0,207972190.0,495071190.0,14.24170053698045,1.2870218533516282,0.3219961317649014,0.6134987344936412,0.018717946449000645,14.24170053698045,0.010742742867856139,2.8505350950533863,10.082033643591235,0.4332347800727015,0.0,0.0,0.0,0.07976895549998961,0.6686857869549212,0.005638351725125707,-4.798619981541301,0.27283816938280403,1.0833333333333333,-0.9863410644668361,-0.9170507108321363,-0.7162626287893501,7.318428750522357,1.1395745371873984,1.41600876576855,1.0424777755223882,-0.6406595850184966,1.098998625405293,Oil & Gas E&P,Energy,AMPY
2019Q2,2019,Q2,2019-08-05,2019-06-30,-36948000.0,23240000.0,-35593000.0,-1.8,2393000.0,0.10296901893287436,536630000.0,437561000.0,22724000.0,26219000.0,99069000.0,0.0,-80118000.0,104098829.13770561,168766829.13770562,21.331952028081123,0.8666997215759563,0.1294467323854425,0.15875500787318797,-0.06898777358256515,21.331952028081123,-0.08444079796874036,4.479295573911601,-0.7043603790307026,0.2379070098516678,0.0,0.0,0.0,0.043307306710396364,0.7306152027155879,-0.06885190913664908,40.25476764799134,0.10296901893287436,-1.3076923076923077,-4.705477999625229,-0.9580451372821793,-0.44966391100263803,-0.7352290329718965,-1.0749143595215365,-1.1092148148148149,-3.141163909778886,-0.8070653440437718,1.1519953320766663,Oil & Gas E&P,Energy,AMPY
2019Q1,2019,Q1,2019-05-10,2019-03-31,-17807000.0,29841000.0,-16875000.0,-0.78,9038000.0,0.30287188767132467,572797000.0,473549000.0,23709000.0,27653000.0,99248000.0,0.0,-43170000.0,186840882.1419941,253258882.1419941,20.736042387353855,0.8573753299822804,0.11720557195655704,0.14176991187817944,-0.030751148042860266,20.736042387353855,-0.037603289205552115,6.261213838074934,-2.6231381218340273,0.3945544856857349,0.0,0.0,0.0,0.05209699073144587,0.754565508263118,-0.03108780248499905,51.358131429904915,0.30287188767132467,-1.5652173913043481,0.9384865471202685,-0.9484716878564755,-0.469174369005579,-0.517432858134444,-1.4973049962297875,-1.4621388470491579,0.9538044856510092,-0.732907170415908,1.1463848736107338,Oil & Gas E&P,Energy,AMPY
2018Q4,2018,Q4,2019-03-14,2018-12-31,35807000.0,44218000.0,36515000.0,1.38,18729000.0,0.4235605409561717,605495000.0,541677000.0,45978000.0,32032000.0,63818000.0,0.0,-25363000.0,158348418.939656,172909418.939656,21.33846759897577,1.4353771228771228,0.04277822277640608,0.04781816469962727,0.0640140106798125,21.33846759897577,0.06610396970888556,3.5810850544949115,1.105568875776077,0.29232996590155386,0.0,0.0,0.0,0.07302785324404,1.1661463536463537,0.0591367393620096,13.950173459576776,0.4235605409561717,2.1363636363636362,1.0294120751218896,-0.9293155022164631,-0.5867730835526684,-0.3049948048092623,2.109326154914901,2.0004108463434673,1.0293258107585703,-0.7079610910681116,1.1709084346998728,Oil & Gas E&P,Energy,AMPY
2018Q3,2018,Q3,2018-11-09,2018-09-30,11516000.0,54348000.0,12170000.0,0.44,26948000.0,0.4958416133068374,609999000.0,504959000.0,41125000.0,64235000.0,105040000.0,0.0,-61170000.0,190420931.4751356,215815931.4751356,19.933641244276014,0.6402272904179964,0.051816478387669486,0.06259518099489265,0.022532196787356792,19.933641244276014,0.022805811957010372,3.503733927193928,4.13383404556998,0.3771017676190257,0.0,0.0,0.0,0.08909522802496397,0.6120028022106329,0.01887871947331061,-4428.393755235711,0.4958416133068374,8.333333333333334,1.126757670756266,-0.9099404577084494,-0.7995994898025107,0.33610987158510586,8.46822308690013,50.673469387755105,1.0062855485527538,-0.8095460067432876,1.1669664231298678,Oil & Gas E&P,Energy,AMPY
2018Q2,2018,Q2,2018-08-06,2018-06-30,-1542000.0,53672000.0,-245000.0,-0.06,20169000.0,0.37578253092860336,602586000.0,491991000.0,43904000.0,71092000.0,110595000.0,0.0,-72686000.0,286367831.75288403,312686831.75288403,19.42171956418759,0.6175659708546672,0.05405867378266339,0.06621056076229037,-0.0004630662165789046,19.42171956418759,-0.0031342036744574594,5.3355163167551805,-46.42798828678405,0.5820590859444258,0.0,0.0,0.0,0.0890694440295659,0.5827659933607157,-0.002558970835698141,-41.26337633326859,0.37578253092860336,-1.4,-1.1248087140343643,-0.8600124572177091,-0.7929768362069538,-0.11407361855398401,-1.3851148851148851,-1.0421541637990366,0.9993109644180647,-0.847391562692504,1.4075710998795117,Oil & Gas E&P,Energy,AMPY
2018Q1,2018,Q1,2018-05-10,2018-03-31,4004000.0,52844000.0,5812000.0,0.15,22766000.0,0.4308152297327984,645622000.0,491928000.0,45969000.0,58247000.0,153694000.0,0.0,-71143000.0,280110978.8307099,355081978.8307099,19.44456302620657,0.7892080278812643,0.1291762052718154,0.1695349725976159,0.010009179099208324,19.44456302620657,0.008139402514189069,5.300714912397053,17.48944673018918,0.5694145867499103,0.0,0.0,0.0,0.08184975109274467,0.7355743643449448,0.006201771315103884,-29.14483184171365,0.4308152297327984,1.0313807531380754,1.1306793872719687,-0.8495876185413332,-0.7996901001119024,0.11663723759073966,1.0330999363462763,1.0487428504335865,1.005499863142545,-0.8435939356576269,-0.521466505050866,Oil & Gas E&P,Energy,AMPY
2017Q4,2017,Q4,2018-03-14,2017-12-31,-120967000.0,58452000.0,-119238000.0,-4.78,20388000.0,0.3487990145760624,688128000.0,485587000.0,106688000.0,57822000.0,202541000.0,0.0,-75147000.0,347771614.5895008,412482614.5895008,19.228883696986497,1.8451108574590986,0.19358171735491073,0.2743257130030252,-0.19110307622775047,19.228883696986497,-0.24911498866320556,5.949695726228372,-0.7187324117104268,0.7161880663804855,0.0,0.0,0.0,0.08494349888392858,1.8058178547957524,-0.17579142252604166,-49.168897863636474,0.3487990145760624,-35.14285714285714,-12.051066548989976,-0.8308728973852675,-0.803899034842854,0.08539182282793867,-34.02402402402402,-23.44691265060241,-1.249608653772975,-0.8850808468931599,-0.7245368775977031,Oil & Gas E&P,Energy,AMPY
2017Q3,2017,Q3,2017-11-14,2017-09-30,3663000.0,53306000.0,5312000.0,0.14,18784000.0,0.35238059505496566,805039000.0,605597000.0,114864000.0,56467000.0,199442000.0,0.0,45820000.0,324188881.11999476,381899881.11999476,24.112000318522057,2.0341792551401703,0.16677328676002032,0.22169693707201324,0.007120108946245322,24.112000318522057,0.006048576858868191,6.081658370914996,22.125913262352906,0.5353211477599704,0.0,0.0,0.0,0.0662154255880771,1.9506437388209041,0.004550090119857547,-26.28842694777771,0.35238059505496566,-0.7358490566037735,1.0537677824448008,-0.7665005814236866,-0.5517632648645783,0.103189052681036,-0.7334449134041624,-0.6451569806279225,-0.9869795417544162,-0.9186646167235653,-0.5196166660545201,Oil & Gas E&P,Energy,AMPY
2017Q2,2017,Q2,2017-08-09,2017-06-30,13742000.0,53186000.0,14970000.0,0.53,17027000.0,0.3201406385138946,801648000.0,598671000.0,131592000.0,59471000.0,202977000.0,0.0,42157000.0,264074112.06754678,314031112.0675468,23.858087912963775,2.2127087151721008,0.16959563299602817,0.22709635175246504,0.02016096449407696,23.858087912963775,0.022954176835022908,4.965105705778716,4.8041426296672025,0.4411005578482118,0.0,0.0,0.0,0.06634582759515398,2.0304686317701064,0.017142187094585155,103.84353600768651,0.3201406385138946,-0.26388888888888884,1.0296718414533184,-0.7629395088486083,-0.6075400325940726,-0.32617040642684714,-0.2565864214227752,-0.23080875552358443,2.7346284519395287,-0.9215127828258614,-0.3844929533081835,Oil & Gas E&P,Energy,AMPY
2017Q1,2017,Q1,2017-05-10,2017-03-31,18485000.0,60150000.0,19462000.0,0.72,25269000.0,0.4200997506234414,789338000.0,584089000.0,132963000.0,62045000.0,205249000.0,0.0,28415000.0,383302292.8951112,435303292.8951112,23.352350871581642,2.143009106293819,0.17287144417220507,0.23361850676866025,0.026699115699826324,23.352350871581642,0.03164757425666294,6.372440447134018,5.18396392879512,0.6562395335216229,0.0,0.0,0.0,0.07620309677223192,2.0164880328793617,0.02341835816849056,61.18153118836572,0.4200997506234414,-0.9681961519994241,1.2770706297339876,-0.7125416914015567,-0.42808023641180076,-0.4308783783783784,-0.9880099889732114,-0.9873877260060916,1.0583028028667107,-0.9051671488359982,-0.4021990235624557,Oil & Gas E&P,Energy,AMPY
2016Q4,2016,Q4,2017-03-30,2016-12-31,1541700000.0,63000000.0,1543100000.0,22.63877,44400000.0,0.7047619047619048,760939000.0,561814000.0,123889000.0,56252000.0,199125000.0,0.0,9930000.0,1173147152.06508,1233300152.06508,8.249838472834067,2.20239280381142,0.18002888536400422,0.24383692823603542,2.180329698744025,8.249838472834067,2.744146639279192,18.62138336611238,0.19023596550319127,2.0881415416224587,0.0,0.0,0.0,0.08279244459805582,2.143266017208277,2.0260493942352804,-58.07659168639008,0.7047619047619048,7.288547222222222,3.6368311570875345,-0.9086080222122233,-0.8103436102831304,0.6760409195575856,41.16517298874531,120.21353522867737,1.4720496266873901,-0.9624598774026317,-0.8402389816651401,Oil & Gas E&P,Energy,AMPY
2016Q3,2016,Q3,2016-11-10,2016-09-30,-38384000.0,64193000.0,-12944000.0,-3.6,26491000.0,0.41267739473151277,695692000.0,-1533090000.0,328045000.0,326214000.0,2228782000.0,0.0,-2420038000.0,6303366.7752113,1863066366.7752113,-143.85755841231116,1.005612879888662,3.0708402568952926,-1.393498750888728,-0.02122043745840014,-143.85755841231116,0.02503701674396154,0.09819398961275061,-0.041054650213704275,-0.004111543859271993,0.0,0.0,0.0,0.09227215491913088,0.9790720202075938,-0.055173841297585714,-3.2078202418378114,0.41267739473151277,-5.337349397590361,-1.7903359752394343,0.2355142273086734,-6.510048536276554,0.1467468940738496,-5.282972550769918,0.7546579730472526,-0.004285837251056791,-0.74714685791217,-2.446254989156615,Oil & Gas E&P,Energy,AMPY
2016Q2,2016,Q2,2016-08-12,2016-06-30,8962000.0,62559000.0,-52759000.0,0.83,23101000.0,0.3692674115634841,729294000.0,-1495107000.0,333885000.0,320976000.0,2224401000.0,0.0,-2381654000.0,6292152.3908907,1860178152.3908906,-140.3460996902281,1.040217960221325,2.928101698354847,-1.428290416672519,-0.08165296214270348,-140.3460996902281,-0.005994219811692407,0.10057949121454467,0.17552310842698896,-0.004208496375771567,0.0,0.0,0.0,0.08578022032266823,1.0087452021334928,0.012288596917018377,-0.3136040864678379,0.3692674115634841,1.049170616113744,-0.6197176153114805,0.1536350149960214,0.0,2.3267569124423964,1.0499905173087007,0.6095367786913758,0.7248964432053643,-0.6120024691777091,-2.4960000574542653,Oil & Gas E&P,Energy,AMPY
2016Q1,2016,Q1,2016-05-13,2016-03-31,-179274000.0,51961000.0,-135119000.0,-16.88,6944000.0,0.13363869055637884,782845000.0,-1504510000.0,344702000.0,2265100000.0,2287355000.0,0.0,-2390616000.0,6273251.7172299,1847130251.7172298,-141.65426984276434,0.1521795947198799,2.7365353294713515,-1.4239074515955361,-0.20939429864323517,-141.65426984276434,0.11915773241786362,0.12073000360327746,-0.008748133746708808,-0.004169631120584044,0.0,0.0,0.0,0.06637456967854428,0.15081188468500287,-0.22900318709323045,-0.21782880368172158,0.13363869055637884,0.649060946969949,-5.867440021935126,-0.23098503305183948,0.0,4.366306027820711,0.649077544948274,0.7127144770692918,-12.936967123135249,-0.6477075382922972,-2.4592640921106526,Oil & Gas E&P,Energy,AMPY
2015Q4,2015,Q4,2016-03-30,2015-12-31,-510865000.0,63350000.0,-470330000.0,-48.09952,1294000.0,0.02042620363062352,679167000.0,-1326066000.0,145802000.0,1984560000.0,2005233000.0,0.0,-2211342000.0,17820234.1006833,1836952234.1006832,-124.85321532812353,0.07346817430563954,2.7978759274228575,-1.4329792031467514,-0.805186918108724,-124.85321532812353,0.3852485472065493,0.2812980915656401,-0.008720618020750737,-0.0134384216929499,0.0,0.0,0.0,0.09327602783998634,0.07294211311323416,-0.752193495855953,-0.20283688009428377,0.02042620363062352,0.3350909593585845,-19.311270145062213,0.2694398048813545,-4.202552625839332,-0.8632279885847162,-0.03342422857050382,-0.036448577535864606,-130.04872909153522,-0.5641791309666379,-2.2732843161693803,Oil & Gas E&P,Energy,AMPY
2015Q3,2015,Q3,2015-11-05,2015-09-30,-494342000.0,76995000.0,-453790000.0,-72.34,9461000.0,0.12287810896811481,1298061000.0,-816011000.0,271158000.0,174953000.0,2114072000.0,0.0,-1700477000.0,34914856.4949515,1796214856.4949515,-119.3871250914411,1.5498905420312885,1.485356235184633,-2.3628149620532075,-0.40367963249932837,-119.3871250914411,0.6058031080463376,0.453469140787733,-0.017657237547563986,-0.042787237543307016,0.0,0.0,0.0,0.05931539426883636,1.3520659834355513,-0.38083110115780383,2.1898429813692615,0.12287810896811481,0.18204432383536856,-16.870312466825453,1.3105695649755613,-5.572779220782776,-0.27795161413416775,0.17394479285204625,0.18026893840862454,-25.663961420243442,0.23932208026129323,-3.2193801617978686,Oil & Gas E&P,Energy,AMPY
2015Q2,2015,Q2,2015-08-06,2015-06-30,-598437000.0,94047000.0,-553584000.0,-88.44,13103000.0,0.13932395504375472,1796238000.0,-322797000.0,292863000.0,175485000.0,2119035000.0,0.0,-1206136000.0,5232687.119253,1795857687.119253,-47.652347209920286,1.6688776818531499,1.0809603181760992,-6.015117860450996,-0.33835274415306993,-47.652347209920286,1.8539112817033616,0.055639064715014834,-0.0021859807796196593,-0.016210457715694383,0.0,0.0,0.0,0.05235776105393606,1.4509331281875943,-0.33316130713190567,-0.09784747221760351,0.13932395504375472,-2.0708333333333333,-40.93433353690537,1.727409271926697,0.0,1.7890591741166453,-2.091834836789733,-2.332815576065165,-3.786525610486774,0.5527952414734975,-1.783869969003649,Oil & Gas E&P,Energy,AMPY
2015Q1,2015,Q1,2015-05-11,2015-03-31,-193554000.0,89826000.0,-166101000.0,-28.8,4698000.0,0.05230111548994723,2271599000.0,273306000.0,215083000.0,239613000.0,1998293000.0,0.0,-607701000.0,4748745.25109444,1744270745.2510943,40.6336510013232,0.8976265895423037,0.7710264883898963,6.408432306645299,-0.07774728327367862,40.6336510013232,-0.7081952097648789,0.05286604380796696,-0.0061336180744061605,0.017375195755286895,0.0,0.0,0.0,0.03954307076204911,0.4903365009411009,-0.08520605969627562,2.5668893249159135,0.05230111548994723,-3.3801652892561984,-10.707975536604682,1.0992368505139514,0.0,-0.9042709267258945,-2.5112669238096723,-1.9767486989503396,-9.788430990832625,0.5963436721340772,-0.004845884587885013,Oil & Gas E&P,Energy,AMPY
2014Q4,2014,Q4,2015-03-16,2014-12-31,128074000.0,134419000.0,170055000.0,12.1,49076000.0,0.3650971960809112,2475793000.0,465862000.0,273125000.0,251476000.0,2009931000.0,0.0,-414147000.0,8370285.164330101,1742076285.16433,69.80565503393919,1.0860877379948783,0.7049309049666107,3.7463089927918567,0.07286570462499264,69.80565503393919,0.2749183234520094,0.062270104407338996,0.016338767361701242,0.01796730612140527,0.0,0.0,0.0,0.054293311274407834,0.5778603127137381,0.0517304960471251,-0.10263110664112339,0.3650971960809112,0.753623188405797,9.103835843939324,3.2867176759489265,0.7905528763504729,-0.3850664728657887,0.7168786948536805,0.5307720697446238,3.2352384256241935,0.9897962974290155,0.6047694217472476,Oil & Gas E&P,Energy,AMPY
2014Q3,2014,Q3,2014-11-06,2014-09-30,74597000.0,173783000.0,111091000.0,6.9,79807000.0,0.45923364195577243,2279969000.0,334277000.0,174851000.0,249087000.0,1945692000.0,0.0,-542221000.0,27935033.20363336,1678214033.2036333,50.19324904651791,0.7019675856226941,0.7350959596380477,5.0137939493294486,0.05348524517700985,50.19324904651791,0.22315923620231126,0.16074663922036886,0.09361982788729226,0.08356851713887992,0.0,0.0,0.0,0.07622165038208853,0.6635392453239229,0.03271842731195029,-1.310888465679651,0.45923364195577243,7.9,1.4578572804576442,4.352308616631923,0.9225075240541707,-0.06900212314225053,36.55624404194471,2.508321490604769,1.4578572804576442,4.352308616631923,0.9225075240541707,Oil & Gas E&P,Energy,AMPY
2014Q2,2014,Q2,2014-08-07,2014-06-30,-2098000.0,179457000.0,31665000.0,-1.0,85722000.0,0.4776743175245323,2243284000.0,257583000.0,189767000.0,289402000.0,1985701000.0,0.0,-616819000.0,39907039.95080811,1672449039.950808,38.76168118820821,0.6557211076633886,0.7409681520485146,6.453073378289717,0.016110309373086825,38.76168118820821,-0.008144947453830416,0.22237661362224995,-4.75536701034415,0.15492885769172696,0.0,0.0,0.0,0.07999745016680902,0.6090420936966573,-0.0009352360200491779,-0.4716307977404492,0.4776743175245323,0.9236641221374046,-1.142713181555199,4.305134144147117,0.0,0.10677580953364664,0.9749178074003227,1.609200046173381,-1.142713181555199,4.305134144147117,0.0,Oil & Gas E&P,Energy,AMPY
2014Q1,2014,Q1,2014-05-09,2014-03-31,-83645000.0,167335000.0,-51978000.0,-13.1,77452000.0,0.4628559476499238,2330012000.0,257770000.0,191959000.0,330009000.0,2072242000.0,0.0,-614721000.0,29377835.90258639,1722879835.9025865,39.063754982041914,0.5816780754464272,0.7331078123202799,6.6266439073592736,-0.025649628566967373,39.063754982041914,-0.32449470458160373,0.1755630077544231,-0.08780511657178071,0.11396918145085305,0.0,0.0,0.0,0.07181722669239472,0.544566966355463,-0.035898956743570416,-1.691200040445938,0.4628559476499238,0.7321063394683026,-4.157325905512101,2.986126751883398,0.0,0.32625558656826315,0.7351061538851309,0.8751804046346882,-4.157325905512101,2.986126751883398,0.0,Oil & Gas E&P,Energy,AMPY
2013Q4,2013,Q4,2014-03-24,2013-12-31,-315768000.0,162256000.0,-416425000.0,-48.9,58399000.0,0.35991889360023666,2342107000.0,339999000.0,192597000.0,253754000.0,2002108000.0,0.0,-531076000.0,36204089.55917152,1712491089.5591714,51.63861972601075,0.7589909912750143,0.7298769868327962,5.02780890532031,-0.14324237941984966,51.63861972601075,-0.9287321433298333,0.22312943471533578,-0.02866352002037217,0.10648292953559134,0.0,0.0,0.0,0.06927779132208733,0.706853882106292,-0.13482219215432942,-0.4141586158045612,0.35991889360023666,-11.225,-19.251698055027546,4.2447966272260285,0.32455857675459643,0.013080058981698325,-12.376599169702619,-37.3060436022445,-19.251698055027546,4.2447966272260285,0.32455857675459643,Oil & Gas E&P,Energy,AMPY
2013Q3,2013,Q3,2013-11-14,2013-09-30,-23606000.0,156801000.0,-10871000.0,-4.0,57645000.0,0.367631583982245,2704470000.0,654715000.0,165668000.0,261844000.0,2049755000.0,0.0,-215308000.0,28046486.809569832,1609243486.8095698,99.46901444827638,0.6326973312353921,0.5938871571879148,2.4532048295823374,-0.003083218192539328,99.46901444827638,-0.03605538287651879,0.17886675983934944,-0.29702709914396586,0.04283770313734958,0.0,0.0,0.0,0.05797845788638809,0.553757198942882,-0.008728512425724819,-0.3959354962105403,0.367631583982245,-40.99999999999999,-1.7869631791311038,3.8862917704202786,2.8098734853732417,0.7372370562353083,-8.071899340922709,-1.4953296578120017,-1.7869631791311038,3.8862917704202786,2.8098734853732417,Oil & Gas E&P,Energy,AMPY
2013Q2,2013,Q2,2013-08-08,2013-06-30,3338000.0,103587000.0,21947000.0,0.1,33182000.0,0.32032977111027444,2565844000.0,642074000.0,127598000.0,182305000.0,1923770000.0,0.0,-191702000.0,30754611.00170772,1539619611.0017078,93.81423415788781,0.6999149776473492,0.5928458628038181,2.3691194472911223,0.006352597229746204,93.81423415788781,0.005198777710980354,0.29689643489731066,2.3033711055802666,0.04789885745522747,0.0,0.0,0.0,0.04037151128439609,0.528537341268753,0.0013009364559965454,-0.0416640511459049,0.32032977111027444,1.0555555555555556,-0.7795332083925902,1.9733050428210188,0.0,-0.05997337035043486,1.4199270348471507,11.653883495145632,-0.7795332083925902,1.9733050428210188,0.0,Oil & Gas E&P,Energy,AMPY
2013Q1,2013,Q1,2013-05-08,2013-03-31,-7949000.0,91146000.0,-2060000.0,-1.8,35299000.0,0.3872797489741733,1819484000.0,637125000.0,135283000.0,168818000.0,1182359000.0,0.0,-195040000.0,44212630.38838392,790037630.3883839,97.07240149922296,0.8013541210060539,0.4377339949128434,1.2500686678438298,-0.0008839537893392962,97.07240149922296,-0.01247635864233863,0.4850748292671529,-1.3905091957599673,0.06939396568708482,0.0,0.0,0.0,0.05009442237469525,0.6677131585494438,-0.00436882105036373,-0.6286007021878711,0.3872797489741733,-3.4999999999999996,0.5072500378841224,1.1828879426497991,0.0,1.5329357590397825,-2.2997094229970942,-1.272956141513184,0.5072500378841224,1.1828879426497991,0.0,Oil & Gas E&P,Energy,AMPY
2012Q4,2012,Q4,2013-03-21,2012-12-31,-2409000.0,89826000.0,7547000.0,-0.4,-66235000.0,-0.7373700264956694,1684010000.0,643581000.0,89472000.0,135427000.0,1040429000.0,8353000.0,-187091000.0,37561655.1633705,712683655.1633705,98.0560380290703,0.6606658938025652,0.4121115670334499,1.0783413432031088,0.007351130756609116,98.0560380290703,-0.003743118581810215,0.41816016702703557,-3.8980547076972294,0.05836352403717714,0.0,18.683227582904347,0.0,0.05334053835784823,0.5108065599917299,-0.0014305140705815286,-0.08418800074271007,-0.7373700264956694,0.8518518518518519,0.8450097892145513,1.9127558937159996,1.515190507862431,-2.110245063528781,0.8646857271246419,1.2641859488220675,0.8450097892145513,1.9127558937159996,1.515190507862431,Oil & Gas E&P,Energy,AMPY
2012Q3,2012,Q3,2012-11-09,2012-09-30,-17803000.0,59658000.0,-28567000.0,-2.7,59658000.0,1.0,856285000.0,353065000.0,36274000.0,113239000.0,503220000.0,7036000.0,-184682000.0,47865215.14326042,259491215.14326042,53.793003626169366,0.32033133461086727,0.2526028133156601,0.6126350671972582,-0.030387403691372956,53.793003626169366,-0.05042414286321216,0.8023268487589329,-0.6721509737580804,0.13557054690569845,0.0,0.0,0.0,0.06967072878772838,0.24709684825899203,-0.020790974967446585,-0.7261877800018269,1.0,0.8540540540540541,-1.5951970983117543,0.8643818275943336,1.0603857326896502,0.23856582307388877,0.8415779029516716,-1.497795668008434,-1.5951970983117543,0.8643818275943336,1.0603857326896502,Oil & Gas E&P,Energy,AMPY
2012Q2,2012,Q2,2012-08-14,2012-06-30,-112377000.0,54439000.0,57387000.0,-18.5,48167000.0,0.8847884788478848,791235000.0,370139000.0,55140000.0,90467000.0,421096000.0,6496000.0,-166878000.0,49106664.10280696,189117664.10280696,60.791137681278435,0.6095040180397272,0.19172559353415863,0.4098460308154504,-0.21857405957976084,60.791137681278435,-0.303607563645009,0.9020493415163203,-0.10924536182405421,0.13267087257167431,0.0,0.9655172413793104,0.0,0.06880256813715267,0.34549614776658893,-0.14202733701112819,-0.5701326348256973,0.8847884788478848,-10.562499999999998,-9.343073198942767,0.7564513331059481,0.0,-0.027577574546262088,-5.418975267036043,4.626579878665319,-9.343073198942767,0.7564513331059481,0.0,Oil & Gas E&P,Energy,AMPY
2012Q1,2012,Q1,2012-03-31,2012-03-31,-17507000.0,54909000.0,-15824000.0,-1.6,49533000.0,0.9020925531333661,688609000.0,267995000.0,42309000.0,147718000.0,420614000.0,6208000.0,0.0,81774721.62212986,307380721.62212986,40.83151581450871,0.28641736281292735,0.3409772454324588,0.8761357488012836,,40.83151581450871,-0.06532584563144835,1.4892771972195789,-1.1677432116029283,0.30513525111337847,0.0,0.865979381443299,0.0,0.07973901009135809,0.2100217982913389,-0.02542371650675492,-2.1435051539221455,0.9020925531333661,0.813641446142378,-0.08523431688569293,0.3150281403424739,0.0,-0.19658410782930272,0.689322283544214,0.7122909090909091,-0.08523431688569293,0.3150281403424739,0.0,Oil & Gas E&P,Energy,AMPY
2011Q4,2011,Q4,2011-12-31,2011-12-31,-56351000.0,66438000.0,-55000000.0,-8.5856,61653000.0,0.9279779644179535,624656000.0,285502000.0,48110000.0,85854000.0,339154000.0,5713000.0,0.0,81774721.62212986,309230721.62212986,43.49886911350535,0.5603699303468679,0.375886888143234,0.8224110514111985,,43.49886911350535,-0.19737514973625403,1.2308426144996818,-0.3627917943875435,0.28642433896130276,0.0,0.8375634517766497,0.0,0.10635934018083554,0.4053160015840846,-0.09021125227325119,-1.9245186421155034,0.9279779644179535,-2.8839402737216706,-2.62549057453516,1.1543500113492657,0.11576956295749158,0.18796485413696096,-2.1615888852242744,-2.1199348401547544,-2.62549057453516,1.1543500113492657,0.11576956295749158,Oil & Gas E&P,Energy,AMPY
2011Q3,2011,Q3,2011-09-30,2011-09-30,48512000.0,51898000.0,49110000.0,4.557257,51898000.0,1.0,565751000.0,277922000.0,42976000.0,70092000.0,287829000.0,2428000.0,0.0,132627490.28025301,321007490.280253,26.108219821512446,0.6131370199166809,0.3510378240604082,0.7145889853987809,0.10305925015004554,26.108219821512446,0.17455257230445953,2.5555414520839532,0.6834777492179924,0.47721119695545156,0.5722501649076517,0.0,0.2093155796082598,0.09173293551403355,0.5203018889459567,0.08574797039687071,-5.500932819587433,1.0,1.0600453301943935,0.0,0.0,0.0,0.06311325972509577,1.0600450125270713,1.0739896110477638,0.0,0.0,0.0,Oil & Gas E&P,Energy,AMPY
2011Q2,2011,Q2,2011-06-30,2011-06-30,23549000.0,54187000.0,23679000.0,2.212212,48817000.0,0.9008987395500766,,,,,,,,132627490.28025301,,,0.0,0.0,0.0,0.0,,0.0,2.4475887257137874,1.4079949284497537,0.0,0.0,0.0,0.0,0.0,0.0,0.0,-13.735241329769368,0.9008987395500766,2.474808,0.0,0.0,0.0,0.29725492280300814,2.459769402429953,2.467100371747212,0.0,0.0,0.0,Oil & Gas E&P,Energy,AMPY
2011Q1,2011,Q1,2011-03-31,2011-03-31,-16132000.0,41755000.0,-16140000.0,-1.5,37631000.0,0.9012333852233265,,,,,,,,81774721.62212986,,,0.0,0.0,0.0,0.0,,0.0,1.9584414231141147,-1.267275006541809,0.0,0.0,0.0,0.0,0.0,0.0,0.0,-3.186607498329431,0.9012333852233265,0.3665861527287468,0.0,0.0,0.0,0.35490026643623535,-0.03789487228977675,-0.03820918564260903,0.0,0.0,0.0,Oil & Gas E&P,Energy,AMPY
2010Q4,2010,Q4,2010-12-31,2010-12-31,-15543000.0,30839000.0,-15546000.0,-2.36812,27774000.0,0.9006128603391809,427004000.0,255879000.0,28151000.0,55276000.0,171125000.0,1173000.0,0.0,81774721.62212986,159457721.62212986,38.98553120431603,0.5092807004848398,0.2098340999147549,0.3501655079158508,,38.98553120431603,-0.060743554570715064,2.651665800516549,-1.3152982310707368,0.31958355950324124,0.0,2.6129582267689684,0.0,0.07222180588472239,0.48113105145090096,-0.03640012739927495,-2.6925264766431747,0.9006128603391809,0.0,0.0,0.0,0.0,0.0,0.0,0.0,0.0,0.0,0.0,Oil & Gas E&P,Energy,AMPY
