Quarters,Year,Quarter,FillingDate,Date,NetIncome,Revenue,OperatingIncome,EPSDiluted,GrossProfit,GrossProfitRatio,TotalAssets,CommonStockEquity,CurrentAssets,CurrentLiability,TotalLiability,Inventory,RetainedEarnings,MarketCap,EnterpriseValue,bookValuePerShare,currentRatio,debtToAssets,debtToEquity,roic,shareholdersEquityPerShare,roe,priceToSalesRatio,peRatio,pbRatio,payoutRatio,inventoryTurnover,dividendYield,assetTurnover,quickRatio,returnOnAssets,priceToFreeCashFlowsRatio,grossProfitMargin,epsdilutedGrowth,fiveYNetIncomeGrowthPerShare,fiveYRevenueGrowthPerShare,fiveYShareholdersEquityGrowthPerShare,grossProfitGrowth,netIncomeGrowth,operatingIncomeGrowth,threeYNetIncomeGrowthPerShare,threeYRevenueGrowthPerShare,threeYShareholdersEquityGrowthPerShare,Industry,Sector,Symbol
2023Q3,2023,Q3,2023-05-12,2023-03-31,-232853.0,3369160.0,-453356.0,-0.0253,1292678.0,0.3836796115,38704004.0,31643518.0,23732024.0,2086551.0,7060486.0,7079259.0,18563359.0,42532343.7,42692054.7,3.437220722920096,11.37380490579909,0.07961302918426734,0.09737675185167464,-0.010586301490767593,3.437220722920096,-0.007358631868934421,12.624020141518955,-45.664371620722086,1.3441092011324405,0.0,0.29331911715618825,0.0,0.08704939158232827,7.792082244814529,-0.006016250928456911,704.2594953057474,0.38367961153521946,0.7891666666666667,0.770279345330034,-0.37553845835769184,0.8012681465398177,0.1478614977241285,0.7969681195662315,0.663635830786615,-0.9234508754835461,-0.43418478684650863,0.710889579421142,Consumer Electronics,Technology,KOSS
2023Q2,2023,Q2,2023-01-27,2022-12-31,-1146879.0,3271931.0,-1347813.0,-0.12,1126162.0,0.3441887986,39405077.0,31751001.0,19402266.0,2719699.0,7654076.0,7829596.0,18796212.0,45471729.6,43797202.6,3.4563773213060274,7.1339754877286055,0.07962806417051285,0.0988236559848932,-0.03252051871543399,3.4563773213060274,-0.03612103442030064,13.897520944054138,-9.912059075107313,1.4321353081120183,0.0,0.27405871260790465,0.0,0.08303323452457662,4.129509920031592,-0.02910485367152055,-38.13942512057035,0.3441887986024155,-1.1188118811881187,0.6862481089854743,-0.553090228674567,0.7220643937932418,-0.05063293273445825,-1.1153251521934755,0.9400555639268021,-3.285684123561589,-0.3664043639382695,0.7257565818102312,Consumer Electronics,Technology,KOSS
2023Q1,2023,Q1,2022-10-28,2022-09-30,9944743.0,3354529.0,-22484372.0,1.01,1186224.0,0.3536186451,41137110.0,32800707.0,30941052.0,3257466.0,8336403.0,7898496.0,19943091.0,58148753.4,40471214.4,3.581925273913095,9.498503437948393,0.07762864236209106,0.09735820633378421,-0.5412215766097479,3.581925273913095,0.30318684899078546,17.334401759531666,1.4617962827194226,1.7727896352965804,0.0,0.2745212506279677,0.0,0.08154508180083628,6.951442931407419,0.24174627240464874,4.978343817188214,0.3536186451212674,24.25,457.14653474332096,-0.5542073201625751,0.49632327113623653,-0.22093796855574332,24.790643032196993,-59.58402228261294,26.87809436266684,-0.4986724320253623,0.7789650993897315,Consumer Electronics,Technology,KOSS
2022Q4,2022,Q4,2022-08-26,2022-06-30,385595.0,4191761.0,383797.0,0.04,1522631.0,0.3632437536,29955096.0,22697489.0,19874630.0,2126973.0,7257607.0,8631362.0,9998348.0,63577175.25,57616730.25,2.4811978187093175,9.344091344836064,0.10841978273079145,0.14308741376634218,0.013083157920071748,2.4811978187093175,0.01698844308284498,15.167175621415439,41.220176123912395,2.801066463783725,0.0,0.3092362479988674,0.0,0.13993482110689948,5.197428458189173,0.012872434126066564,-227.25206959412364,0.3632437536395801,-0.01960784313725495,5.2151088979178475,-0.48352262353465575,-0.006295940514333383,-0.22442003325156273,-0.04367268181863275,-0.03273552998341676,4.1782819930896045,-0.4135472541852091,0.21899730668678072,Consumer Electronics,Technology,KOSS
2022Q3,2022,Q3,2022-05-06,2022-03-31,403204.0,4634552.0,396786.0,0.0408,1963216.0,0.4236042664,28956907.0,22230271.0,20016013.0,2479682.0,6726636.0,7750800.0,9612753.0,83793802.2,76395763.2,2.4301234341171836,8.072008023609479,0.07217262534289315,0.0940112695882115,0.014892006279560525,2.4301234341171836,0.018137610648111306,18.080237787816387,51.95496708862015,3.7693558571553174,0.0,0.3446529390514528,0.0,0.16004996666253063,4.760394276362856,0.013924277202672234,-265.96647622312366,0.4236042663886391,-0.29043478260869565,1.291168630586882,-0.21651221928879733,0.02177770267758798,0.26684188416673493,-0.3035827479536901,0.23841210490669446,0.8941883393873706,-0.22812291873728446,0.20636259344310542,Consumer Electronics,Technology,KOSS
2022Q2,2022,Q2,2022-02-04,2021-12-31,578969.0,4415886.0,320399.0,0.0575,1549693.0,0.3509359164,28531246.0,21707842.0,19471649.0,2526381.0,4297023.0,7746449.0,9209549.0,97658977.32,92032686.32,2.373972766480328,7.707328783742437,0.07579455169956476,0.09961897640493238,0.013398605222121605,2.373972766480328,0.026670960660207497,22.1153755599669,42.16934642441996,4.498787918209466,0.0,0.3700008868579655,0.0,0.1547736821588514,3.6601248980260697,0.020292454104528068,-256.51532993270536,0.3509359163710295,6.75,2.3362196265968502,-0.4668990878681179,-0.057092964266593174,-0.020320677794235437,6.827041334957075,2.61036082448319,2.4956887720216168,-0.33915998558070337,0.2002242429916549,Consumer Electronics,Technology,KOSS
2022Q1,2022,Q1,2021-10-29,2021-09-30,-99359.0,4365067.0,-198961.0,-0.01,1581837.0,0.3623855029029337,28239363.0,20978664.0,17295260.0,2591057.0,7260699.0,7292203.0,8630580.0,144598517.10000002,139599632.10000002,2.3720931810302774,6.674982449247547,0.07912228756718061,0.10650644864706352,-0.007900502513217469,2.3720931810302774,-0.004736192924392135,33.126299573408616,-363.8284330055657,6.892646600374553,0.0,0.3816720406713856,0.0,0.1545738478591036,3.609710631607101,-0.0035184575516097865,-146.7577640829525,0.3623855029029337,-1.3333333333333335,-2.123469093999443,-0.3453209544006423,0.08806101787501254,-0.2322886465048062,-1.299325486604628,-1.6010143727986177,-2.23157301639962,-0.3695025122046212,0.21606743619052338,Consumer Electronics,Technology,KOSS
2021Q4,2021,Q4,2021-08-20,2021-06-30,331943.0,5420471.0,331042.0,0.03,2060458.0,0.38012526955683373,26324145.0,19575101.0,15548516.0,2052124.0,6749044.0,5901512.0,8729939.0,198766056.06,194121296.06,2.2867780054095017,7.5767916558648505,0.08757948263846746,0.11777487125098358,0.013684983624455626,2.2867780054095017,0.016957409312983878,36.669517475510894,149.6989363083421,10.15402454679544,0.0,0.5693478213718789,0.0,0.20591251871618244,4.47877418713489,0.012609830252796434,272.0556797352342,0.38012526955683373,1.5,0.29259435485525925,-0.31916973639398527,-0.021358480048018245,0.45353256882287213,1.7000535675119366,1.3876084082790145,-0.22444338708684453,-0.3928183953138838,0.09324777650964758,Consumer Electronics,Technology,KOSS
2021Q3,2021,Q3,2021-05-13,2021-03-31,-474168.0,3987452.0,-854063.0,-0.06,1417552.0,0.3555032135810036,26172295.0,18897238.0,15338510.0,2615395.0,7275057.0,6857171.0,8397996.0,182185417.7,178532262.7,2.332782107291565,5.864701125451414,0.09077526445426357,0.12572191766860322,-0.036118116406476566,2.332782107291565,-0.025091920840495316,45.689682960446916,-96.05531040686002,9.64084898015255,0.0,0.37477554519203327,0.0,0.15235392998588776,3.059274029353119,-0.018117173140528946,-130.86669685988167,0.3555032135810036,-1.857142857142857,-1.4968910557268356,-0.39453837150958426,-0.03652841083686631,-0.12383050342512533,-1.9317691446088545,-412.99372889532077,0.4683771600175566,-0.16009007925358926,0.2224894591908955,Consumer Electronics,Technology,KOSS
2021Q2,2021,Q2,2021-01-29,2020-12-31,508890.0,4929789.0,2073.0,0.07,1617897.0,0.3281878798463788,23943624.0,16190591.0,13154508.0,3088920.0,7753033.0,5803014.0,8872164.0,25475807.52,23526486.52,2.1862165898480614,4.258610776582106,0.10213149020382212,0.15103821719664218,9.784424598027046e-05,2.1862165898480614,0.03143121829215499,5.167727770904596,12.515380298296293,1.5734946006603465,0.0,0.5707192848406017,0.0,0.20589151416677776,2.2494489983554122,0.02125367488229852,29.760831571298734,0.3281878798463788,2.5,0.31211583993709147,-0.3202085804002225,-0.0440683148192903,-0.011203206399108193,3.0092808521366443,-0.9841095848408659,1.172686913231909,-0.16476092529451666,0.08923459348323119,Consumer Electronics,Technology,KOSS
2021Q1,2021,Q1,2020-11-05,2020-09-30,126928.0,5208295.0,130456.0,0.02,1636228.0,0.3141580882035292,23283433.0,15436020.0,12457131.0,3119240.0,7847413.0,5297253.0,8363273.0,15846338.340000002,15417356.340000002,2.0845877508885753,3.993643002782729,0.12974731861920877,0.19570867360887068,0.006149153370728775,2.0845877508885753,0.008222845007974853,3.0425193542224473,31.211273989978572,1.0265818740841228,0.0,0.6743244092740143,0.0,0.2236910252882382,2.145431579487311,0.005451429778417985,-35.53819352494752,0.3141580882035292,0.0,2.2553941313952683,-0.06120283920809938,-0.0597695145689589,0.20196872084566844,-0.19786650488504656,-0.1508042415523717,6.231357144066778,-0.14404981658744145,-0.1291786054005207,Consumer Electronics,Technology,KOSS
2020Q4,2020,Q4,2020-08-27,2020-06-30,158238.0,3948968.0,153623.0,0.02,1361290.0,0.34472044341711555,22580406.0,15156098.0,12137536.0,2615090.0,7424308.0,5538794.0,8236345.0,10070570.16,9160263.16,2.0467851325708852,4.641345422146083,0.13680453752691604,0.2038190832495277,0.00758615632835264,2.0467851325708852,0.010440550067702122,2.5501777071883085,15.910480036400866,0.6644566536848733,0.0,0.46719159441567965,0.0,0.1748847208504577,2.4209855110149174,0.007007757079301408,7.04774852929444,0.34472044341711555,3.0,-0.5726075423374032,-0.3382680654056995,-0.11182670390438526,-0.14372213443906562,2.625070604787775,2.569182839632278,3.1369259010308665,-0.3989097591058937,-0.1802754783217563,Consumer Electronics,Technology,KOSS
2020Q3,2020,Q3,2020-05-08,2020-03-31,-97373.0,4789441.0,-97900.0,-0.01,1589776.0,0.33193351791994097,21519300.0,14876494.0,11007635.0,1757305.0,6642806.0,4991561.0,8078107.0,6516251.28,7102110.28,2.009025459190088,6.2639297105511,0.012733917924839563,0.018419998690551685,-0.005867723328556122,2.009025459190088,-0.006545426630763942,1.3605452661385744,-16.730128680435026,0.4380233192041082,0.0,0.6410149049565858,0.0,0.22256490685105929,3.2023883162000906,-0.004524914843884327,-39.50224771003704,0.33193351791994097,0.6666666666666666,-2.6967048450937288,-0.20435124473923197,-0.06376206247227065,0.1654505907614397,0.5485992962871964,0.5602332246269395,0.9131320495260544,0.0002546256118497029,-0.15527853873901332,Consumer Electronics,Technology,KOSS
2020Q2,2020,Q2,2020-01-31,2019-12-31,-215713.0,4162659.0,-222618.0,-0.03,1364087.0,0.32769607118911254,22175553.0,14830533.0,11689004.0,2357377.0,7345020.0,6701311.0,8175480.0,11403439.74,11890886.74,2.0028185653393034,4.958478851706791,0.012226707491804151,0.018282148052264878,-0.012495130345870013,2.0028185653393034,-0.014545195374974049,2.739460460249086,-13.215985754219727,0.7689163794719989,0.0,0.41761559790315655,0.0,0.18771387572612055,2.0162579002000953,-0.009727513897849583,12.673896469939695,0.32769607118911254,0.25000000000000006,-2.2988324378585547,-0.4104924849766209,-0.05392080571256269,0.012344020649313446,0.3058288200444732,0.2980583075302857,-2.5349753629613927,-0.3794337160814178,-0.2045099492207818,Consumer Electronics,Technology,KOSS
2020Q1,2020,Q1,2019-11-12,2019-09-30,-310749.0,5410762.0,-317146.0,-0.04,1347454.0,0.2490322065542709,22178643.0,14909540.0,11599381.0,2168755.0,7269103.0,6858779.0,8391193.0,14809662.0,16262712.0,2.013488221405728,5.3484054215436965,0.012096051142533834,0.017993445807181173,-0.017658118151477106,2.013488221405728,-0.020842292921176644,2.737075110677572,-11.91448886400278,0.9933010676385724,0.0,0.592424395070901,0.0,0.24396271674511374,2.079333995771768,-0.01401118183831175,-18.83792653422577,0.2490322065542709,-5.0,-3.1965711303877153,0.26914495380173026,0.24956984398388188,-0.19361742109149926,-6.155434999004579,-6.9178966617529065,-5.196571130387715,-0.030769909114570348,-0.07642833714039424,Consumer Electronics,Technology,KOSS
2019Q4,2019,Q4,2019-08-30,2019-06-30,60276.0,5785784.0,53591.0,0.01,1670986.0,0.2888089150925786,23235282.0,15072101.0,12914422.0,2997799.0,8163181.0,6851448.0,8848684.0,14748201.9027,15367764.9027,2.0354415921173623,4.307967945816247,0.011424135071827405,0.017611545994815188,0.0031290326583125814,2.0354415921173623,0.003999177022500048,2.549041219426788,61.16946173725861,0.9785100234333621,0.0,0.6005734846123039,0.0,0.24900855517914522,1.9778127219336588,0.002594158314928134,-29.82736828387791,0.2888089150925786,-0.5,1.0280692809395708,-0.06229257879183531,-0.007511353792890126,0.009532336721427156,-0.6501804928441262,-0.6410179119274413,-0.7286636251387776,-0.1599040380189187,-0.1289195327350946,Consumer Electronics,Technology,KOSS
2019Q3,2019,Q3,2019-05-10,2019-03-31,172306.0,4860247.0,149286.0,0.02,1655208.0,0.3405604694576222,22953972.0,14916455.0,12582174.0,2817434.0,8037517.0,6729666.0,8788408.0,15328000.169999998,15517571.169999998,2.014422071212699,4.4658274160104545,0.011442159117385,0.017607601806193227,0.009524107479043824,2.014422071212699,0.011551404137243065,3.153749216860789,22.23950438464128,1.027590011835922,0.0,0.4762552851805721,0.0,0.21173882237026342,1.979529245405571,0.007506587530907505,32.18187160004451,0.3405604694576222,0.0,7.838548005601795,0.12681504575812808,-0.13492735988447183,-0.004383171077206247,0.28470560165820413,0.11306954168251057,-0.802467598134588,-0.1926562203450485,-0.16801555184681768,Consumer Electronics,Technology,KOSS
2019Q2,2019,Q2,2019-01-25,2018-12-31,134121.0,5411227.0,134121.0,0.02,1662495.0,0.30723068908400997,23235410.0,14646319.0,12741101.0,3310550.0,8589091.0,7185674.0,8616102.0,14139524.794499999,14869165.794499999,1.9779410225567606,3.8486357251816163,0.01118430877699167,0.01774316126802919,0.007500085977454615,1.9779410225567606,0.009157317958184578,2.612997901307781,26.355911442838927,0.9653978446393254,0.0,0.5216952508560784,0.0,0.23288708914540351,1.5975562972919908,0.0057722674142612505,25.779989013964325,0.30723068908400997,1.0,1.0385375198330151,-0.1771303455405795,-0.16905093642302338,-0.09212018016758557,0.9896011036774414,0.9888635150364791,-0.6541407385988995,-0.25372745347282755,-0.13513761460745924,Consumer Electronics,Technology,KOSS
2019Q1,2019,Q1,2018-11-02,2018-09-30,67411.0,5784839.0,67436.0,0.01,1831184.0,0.3165488270287211,22619410.0,14414643.0,12037021.0,2858711.0,8204767.0,6396687.0,8481981.0,22095355.490000002,23436567.490000002,1.9506263472206302,4.21064633675807,0.011367670509531415,0.017838110871008044,0.0038060711043257918,1.9506263472206302,0.004676563963464097,3.819528164915221,81.94269292103662,1.532840979134898,0.0,0.6180785459723135,0.0,0.2557466795110925,1.8602345602616004,0.0029802280430833517,31.88367586389014,0.3165488270287211,-0.7999999999999999,-0.0877771118404395,-0.08918049816224431,-0.2697983203586066,-0.11044872405209885,-0.8057482227710077,-0.7910593892524291,1.6680958483545214,0.044847276933113016,-0.12019133924198899,Consumer Electronics,Technology,KOSS
2018Q4,2018,Q4,2018-08-23,2018-06-30,347029.0,7238260.0,322752.0,0.05,2058548.0,0.28439818409396733,19675585.0,14517812.0,12169108.0,2608062.0,5157773.0,6138679.0,8728628.0,16310363.0,15228830.0,2.091728933316812,4.665958094554501,0.0,0.0,0.022590259299152322,2.091728933316812,0.02390367088373923,2.2533541210180346,11.75,1.123472531535744,0.0,0.8437828399237035,0.0,0.36788029428349905,2.2329426984481198,0.017637544195001062,-33.408156242639,0.28439818409396733,1.4545454545454546,-0.9193548338087607,-0.2176048004917195,-0.27327750491988373,1.1364138765589438,1.4269192538025854,1.3995731310245103,2.8184336836991595e-06,0.2940529435757712,-0.09232398082302541,Consumer Electronics,Technology,KOSS
2018Q3,2018,Q3,2018-05-11,2018-03-31,-812868.0,4326674.0,-807742.0,-0.11,963553.0,0.22270062408214716,18902817.0,14087847.0,11292282.0,2335963.0,4814970.0,6356456.0,8381599.0,13141216.68,11571307.68,1.9082226760756829,4.834101396297801,0.0,0.0,-0.05769994520809319,1.9082226760756829,-0.05769994520809319,3.0372560262224515,-4.041620742851237,0.9328051816576373,0.0,0.5290874348850995,0.0,0.2288904346902369,1.9716750650588215,-0.043002479471710486,11.83570311887836,0.22270062408214716,0.7250000000000001,-6.505217192720393,-0.5925446316760888,-0.35313040052742506,-0.48909014265981954,0.7232997959983266,-10.239573562718766,-15.206508441399562,-0.2790746266468229,-0.1107377686926049,Consumer Electronics,Technology,KOSS
2018Q2,2018,Q2,2018-01-31,2017-12-31,-2937721.0,5883877.0,87422.0,-0.4,1885955.0,0.32052930406261043,19591747.0,14817923.0,11889388.0,2305550.0,4773824.0,7435010.0,9194467.0,22812561.54,22352794.54,2.007112703661774,5.156855414109431,0.0,0.0,-0.2041534500782744,2.007112703661774,-0.19825457319490727,3.8771309359458055,-1.9413485436499927,1.5395249077755362,0.0,0.5377157529041655,0.0,0.30032426408936375,1.811940317928477,-0.14994686282953737,104.2716954931895,0.32052930406261043,-169.77637130801688,-8.958385448370827,-0.37531367807434346,-0.20992422708729783,0.1266468493160505,-168.86977142857143,1.150232432299481,-18.741360984624304,-0.16423982443555885,-0.051892366894095106,Consumer Electronics,Technology,KOSS
2018Q1,2018,Q1,2017-10-27,2017-09-30,17500.0,6066630.0,40657.0,0.00237,1673954.0,0.27592815121410075,23727555.0,17672853.0,12978535.0,3588878.0,6054702.0,8371937.0,12132188.0,11074059.0,10832911.0,2.3938177952636877,3.616321034039051,0.0,0.0,0.001060433182897608,2.3938177952636877,0.0009902192928329116,1.8254053733291795,158.20084285714285,0.6266141069582823,0.0,0.5246905226353232,0.0,0.2556786824432606,1.1908928082815855,0.0007375391185480342,-183.34838325137832,0.27592815121410075,1.237,-0.952591908712063,-0.32499047350993865,0.021153421227724366,-0.06797094929266294,1.248660784062975,1.5911251980982568,1.2370404564396849,0.42724944099293116,0.4856021987877006,Consumer Electronics,Technology,KOSS
2017Q4,2017,Q4,2017-08-25,2017-06-30,-70377.0,6243863.0,-68779.0,-0.01,1796032.0,0.2876475668988894,23423653.0,17572312.0,12948376.0,3392505.0,5851341.0,8345343.0,12114688.0,12738056.0,12305773.0,2.4969182675912243,3.8167595921008224,0.0,0.0,-0.004004993765191513,2.4969182675912243,-0.004004993765191513,2.0400921673009162,-45.24935703425835,0.7248935712045177,0.0,0.5329716226163502,0.0,0.26656230776642736,1.2959857096747094,-0.0030045270906292883,-39.59447084824051,0.2876475668988894,0.9333333333333332,-1.0769241666511908,-0.41586263742777396,0.04701016078539714,0.8899591919200422,0.9370274395972734,0.9348102807520717,0.9655167504402666,0.0647534955005618,0.21750633409898745,Consumer Electronics,Technology,KOSS
2017Q3,2017,Q3,2017-05-12,2017-03-31,-1117582.0,4773915.0,-1055059.0,-0.15,950302.0,0.19906135739744005,22595212.0,17558503.0,12086700.0,2678565.0,5036709.0,7954274.0,12185065.0,15651336.72,14897179.72,2.378328894581472,4.512378829709191,0.0,0.0,-0.06364904798546892,2.378328894581472,-0.06364904798546892,3.2785118126317707,-3.5011607023019344,0.8913821821826156,0.0,0.4806991813457771,0.0,0.2112799384223525,1.4030572340040284,-0.049461009704179805,-302.4179139776636,0.19906135739744005,-8.499999999999998,-2.2463067975889777,-0.42011540564827854,0.0649094607259625,-0.5693581986947996,-8.976347493433824,-5.737069197751477,-43.487958281915525,0.11011649454593833,0.02134864649296214,Consumer Electronics,Technology,KOSS
2017Q2,2017,Q2,2017-01-26,2016-12-31,140112.0,6687797.0,222724.0,0.02,2206711.0,0.32996082267449206,24118184.0,18587562.0,13407232.0,3166894.0,5530622.0,7980299.0,13302647.0,16832569.68,16024660.68,2.517716674617681,4.233558811883189,0.0,0.0,0.007541939669421298,2.517716674617681,0.00753794392185484,2.516907986292048,30.03413283658787,0.9055824362549536,0.0,0.5615185596429407,0.0,0.2772927265170545,1.585012318063061,0.005809392614302967,48.34875205730879,0.32996082267449206,1.0,-0.8314365047665336,-0.33060251305930244,0.16654461005469934,0.1361569183100709,0.6638206410088944,0.7267032592179118,1.040379588414342,0.020041763094263452,0.057713192287898465,Consumer Electronics,Technology,KOSS
2017Q1,2017,Q1,2016-10-28,2016-09-30,84211.0,6348706.0,128988.0,0.01,1942259.0,0.3059299013058724,22943972.0,18358928.0,12221573.0,2224298.0,4585044.0,7387693.0,13162535.0,18189576.0,17729655.0,2.1801104368787927,5.494575367149546,0.0,0.0,0.004617206696606454,2.1801104368787927,0.004586923593795891,2.865084002944852,54.0,0.9907754962599123,0.0,0.5964577845885042,0.0,0.2767047484193234,1.9450927888259577,0.0036702886492364964,-126.43591169437802,0.3059299013058724,-0.6666666666666666,-0.7368929104730271,-0.3642498370748875,0.04457044985443179,-0.22959064271814314,-0.6393332391096721,-0.6944968795518871,0.0,-0.12282298997671363,-0.18389275061269927,Consumer Electronics,Technology,KOSS
2016Q4,2016,Q4,2016-08-25,2016-06-30,233487.0,7238684.0,422215.0,0.03,2521074.0,0.3482779466543919,24120471.0,18186194.0,13726338.0,3568308.0,5934277.0,8595485.0,13078324.0,15799286.999999998,15063893.999999998,2.336686068175102,3.846735763841014,0.0,0.0,0.012838695111247574,2.336686068175102,0.012838695111247576,2.1826186914638073,16.916666666666664,0.8687517025277526,0.0,0.5488474472353799,0.0,0.30010541668112534,1.3591186635234402,0.009680034855040766,-86.45300683994527,0.3482779466543919,-0.75,-0.8760873046111188,-0.3311137312060402,0.1168593354788698,0.19349820578126628,-0.7315272408662437,-0.6912619712171612,-0.9516129002852565,-0.30224022325326766,-0.1881728542185059,Consumer Electronics,Technology,KOSS
2016Q3,2016,Q3,2016-05-13,2016-03-31,869686.0,6002059.0,1367551.0,0.12,2112340.0,0.3519358939990427,23768367.0,17875197.0,14876564.0,3632023.0,5893170.0,7907284.0,12844837.0,15756171.1452,14837868.1452,2.4212256319024488,4.095944326343749,0.0,0.0,0.04865322603157884,2.4212256319024488,0.04865322603157884,2.625127667888636,4.529270088629689,0.8814544055206776,0.0,0.4919159347255012,0.0,0.25252298569775533,1.3292132235946743,0.03659006106730008,-12.989991438372822,0.3519358939990427,1.3999999999999997,0.35684486755845124,-0.28713785813042636,0.29703877881897706,-0.20672909915529497,1.2493896004469367,1.1494465872619193,4.890021897120107,-0.43476879456440537,-0.17922720740199882,Consumer Electronics,Technology,KOSS
2016Q2,2016,Q2,2016-01-29,2015-12-31,386632.0,7229341.0,636234.0,0.05,2662823.0,0.36833550941918497,23223380.0,16884255.0,14068941.0,4066681.0,6339125.0,7040253.0,11975152.0,14743263.882000001,12611852.882000001,2.2870008639108748,3.4595634621943545,0.0,0.0,0.02292624507764794,2.2870008639108748,0.022898967114628393,2.03936484418151,9.533137377402802,0.8731959972175262,0.0,0.6486298148660282,0.0,0.3112958148210984,1.1583384583152698,0.016648394850362007,6.2716396545321285,0.36833550941918497,6.0,-0.7202602102722425,-0.43524329639867987,0.25321100781241,0.6174247647046318,4.8354827189397245,5.05539053835269,0.04739915147643686,-0.23246688548446068,-0.0997496194857974,Consumer Electronics,Technology,KOSS
2016Q1,2016,Q1,2015-10-30,2015-09-30,-100804.0,5531262.0,-156886.0,-0.01,1646335.0,0.29764184014425643,21750356.0,16368219.0,12699407.0,3090826.0,5382137.0,6917796.0,11588520.0,16315780.26,16534990.26,2.2171029159226983,4.1087421291266475,0.018390503585320628,0.024437600694369985,-0.005814514510996684,2.2171029159226983,-0.00615851975098818,2.9497391842946508,-40.464119132177295,0.9967963075274102,0.0,0.5615844988779664,0.0,0.25430673410586935,1.1063473000421247,-0.004634590808536651,-14.965077279944087,0.29764184014425643,-1.2,-1.179092810099865,-0.448645522478069,0.3175849107635539,-0.2086563835360959,-1.2841093890481303,-1.6815085750030407,-1.2730814419536685,-0.384558718182505,-0.054229510580173855,Consumer Electronics,Technology,KOSS
2015Q4,2015,Q4,2015-08-28,2015-06-30,354807.0,5718864.0,230204.0,0.05,2080430.0,0.36378378643031206,22427013.0,16353019.0,13605577.0,3747281.0,6073994.0,7182440.0,11689324.0,16392129.6,15391863.6,2.304488483912426,3.6307864288800333,0.0,0.0,0.021696727680680858,2.304488483912426,0.021696727680680858,2.8663261794650126,11.550032552909046,1.002391644013867,0.0,0.5065735321144347,0.0,0.25499891581638623,1.0753869272146925,0.01582051965636262,-371.2742542637766,0.36378378643031206,4.0,1.871730451339164,-0.2666699459660179,0.3954244497906513,-0.016397705465381756,5.200968226781782,0.9878760664571172,-0.6153857159034978,-0.4693934966293352,-0.03367968051397456,Consumer Electronics,Technology,KOSS
2015Q3,2015,Q3,2015-05-08,2015-03-31,57218.0,6001556.0,115804.0,0.01,2115113.0,0.35242743715129876,21566867.0,15842174.0,12720792.0,3333359.0,5724693.0,6070438.0,11334517.0,16684915.559999999,15640337.559999999,2.145849231975376,3.816208215196743,0.0,0.0,0.003611751770937499,2.145849231975376,0.003611751770937499,2.780098287844019,72.90064123178021,1.0531960802854456,0.0,0.6402244780360166,0.0,0.27827667319504495,1.2297661308007928,0.0026530510898963673,56.8316349949759,0.35242743715129876,-0.5,-0.8048279649483059,-0.3065496734118039,0.22333389961389954,-0.12247153578361594,-0.6544514632879591,-0.6330218246234484,-0.936191543578506,-0.2709945890240736,-0.03918454944212132,Consumer Electronics,Technology,KOSS
2015Q2,2015,Q2,2015-01-30,2014-12-31,165586.0,7040150.0,315561.0,0.02,2410307.0,0.3423658586819883,21879310.0,15628946.0,13010976.0,3674458.0,6250364.0,6258842.0,11277299.0,12919735.5,12168581.5,2.1169671391492497,3.5409238587024263,0.0,0.0,0.010887403081581629,2.1169671391492497,0.010594828339671786,1.8351506004843647,19.506080677110386,0.8266543054150932,0.0,0.7397283714783022,0.0,0.32177203028797524,1.0619343043246106,0.007568154571602121,6.708372708618047,0.3423658586819883,3.0,1.0895935054366646,-0.4236968828068377,0.2022266153846154,0.30801799733762697,2.74304722204678,3.121161808991181,-0.8007896902354634,-0.2953346643617395,-0.019136414063557466,Consumer Electronics,Technology,KOSS
2015Q1,2015,Q1,2014-10-31,2014-09-30,-94998.0,5469486.0,-148768.0,-0.01,1842717.0,0.33690862358912704,22881423.0,15307456.0,14021358.0,4960850.0,7573967.0,7178995.0,11111713.0,19569588.0,20744184.0,1.6113450809490726,2.8264023302458248,0.056814648284767955,0.08492593413301334,-0.0055583110758804875,1.6113450809490726,-0.006205995300590771,3.577957416839535,-51.5,1.2784350319216988,0.0,0.5051917434125529,0.0,0.2390360949142018,0.8386951832851225,-0.00415175227519722,-6.884520900079471,0.33690862358912704,0.9655172413793103,-1.1303492184561927,-0.6063135763141263,-0.5001663230114034,2.715930339104264,0.9559172786559963,0.9597850633170079,-1.263107089526973,-0.5144855705043473,-0.2279457831102172,Consumer Electronics,Technology,KOSS
2014Q4,2014,Q4,2014-08-28,2014-06-30,-2154994.0,6191955.0,-3699322.0,-0.29,-1073888.0,-0.173432784960485,24389958.0,15239867.0,15948729.0,6493228.0,9150091.0,7054932.0,11206711.0,23710879.4712,21811468.4712,2.050846223678222,2.4562096079176645,0.0,0.0,-0.141399382808964,2.050846223678222,-0.14140503982088556,3.829304229633452,-2.7506897317579537,1.555845564216538,-0.20555138436580334,1.0298955397443945,0.018681803875644342,0.2538731309008404,0.9501551462539125,-0.08835578970656693,-58.37386314581846,-0.173432784960485,-84.2189244784014,-4.552422551142229,-0.2556556093160844,-0.35926603669433194,-1.9819437015091872,-84.78456271645237,-2.593179478213571,-2.197822688742373,-0.4007420217338203,-0.019762739315922786,Consumer Electronics,Technology,KOSS
2014Q3,2014,Q3,2014-05-15,2014-03-31,-25121.0,4300373.0,-1029540.0,-0.003403,1093635.0,0.2543116608722081,26132476.0,17191488.0,16753022.0,6319626.0,8940988.0,9667701.0,13361705.0,36839702.940000005,34090498.940000005,2.328616092798494,2.650951496180312,0.0,0.0,-0.0015605864930143556,2.328616092798494,-0.0014612464028710022,8.566629671426178,-366.62257613152343,2.142903682333955,-17.633135623581865,0.33169602576662227,0.012024038324126617,0.16456048787722985,0.806787458624925,-0.0009612942914402754,123.47317332636196,0.2543116608722081,0.9927595744680852,-1.1823443991099658,-0.47208237857267926,-0.26555363023996714,1.4281150972681917,0.9927245419062157,0.809758396082598,-1.0391926510463958,-0.4892464223330554,0.24742829976089753,Consumer Electronics,Technology,KOSS
2014Q2,2014,Q2,2014-02-14,2013-12-31,-3452841.0,6524215.0,-5411750.0,-0.47,-2554535.0,-0.39154672247925615,27550487.0,17487094.0,18625125.0,7181906.0,10063393.0,9086664.0,13829788.0,37466997.0,34572552.0,2.3803396733397126,2.593340124473921,0.0,0.0,-0.19715234269972973,2.3803396733397126,-0.19745081715692728,5.742759397107545,-2.7127658788806084,2.142551358161625,-0.12828942890796305,0.9991290533027303,0.011822751633924652,0.2368094255466337,0.9938663914565298,-0.12532776643839363,-33.544654136476,-0.39154672247925615,-48.0,-11.767832746868274,-0.3622743346103159,-0.2564924131556721,-2.1338527072498557,-44.48556711417849,-40.82742125404769,-3.5105558810989,-0.4878138705434143,0.30435800354738096,Consumer Electronics,Technology,KOSS
2014Q1,2014,Q1,2013-11-01,2013-09-30,79402.0,6824339.0,135880.0,0.01,2252969.0,0.3301373217244923,29313632.0,21211076.0,19073132.0,4913743.0,8102556.0,9760809.0,17725592.0,40653824.0,36198845.0,2.671352862648296,3.8815892487661645,0.0,0.0,0.0039653875815733736,2.671352862648296,0.0037434215972824763,5.9571812009925065,128.0,1.9166318578086279,5.57872597667565,0.46833925343688215,0.010895949173194629,0.2328042802747882,1.6006783423553084,0.0027087056288350756,9.49784467099547,0.3301373217244923,-0.9838709677419355,-0.9191180436086342,-0.44697502524568034,-0.16873108310614351,-0.39043854667511174,-0.9827665426713748,-0.9788372281005104,-0.8688356053647539,-0.36751329621147455,0.5875375914543873,Consumer Electronics,Technology,KOSS
2013Q4,2013,Q4,2013-08-23,2013-06-30,4607433.0,9905573.0,6420709.0,0.62,3696049.0,0.37312823801308614,35226657.0,21389674.0,25183012.0,10566688.0,13836983.0,10501172.0,18089152.0,36710839.36,35851203.36,2.87830492034819,2.3832455354033355,0.0,0.0,0.21223756337704844,2.87830492034819,0.2154045452025122,3.7060793313016824,1.9919356049236094,1.7162879322050444,0.09614073606713326,0.5913172358285342,0.012066245493766883,0.2811953742871485,1.2345209776232628,0.1307939325607877,46.045622329170385,0.37312823801308614,30.0,2.624996607401291,-0.19268307237319834,-0.08376209812034749,0.11866160692883033,38.91158253999879,159.22931223797164,11.8094874054377,0.21290099380934466,0.7428844135457304,Consumer Electronics,Technology,KOSS
2013Q3,2013,Q3,2013-05-10,2013-03-31,115441.0,8302113.0,40072.0,0.02,3303992.0,0.39797001076713845,26952729.0,17027167.0,15831527.0,6672036.0,9925562.0,9989401.0,13924681.0,29495175.5,28989207.5,2.9499340788801205,2.3728179823969775,0.0,0.0,0.004778230808076252,2.9499340788801205,0.0067798125196047,3.5527311541049853,63.875,1.732242098759001,0.0,0.5003424129234576,0.0,0.3080249499039596,0.6181672281144766,0.004283091333719862,19.490916738365325,0.39797001076713845,-0.6,-0.7777777674896642,0.03521524734166565,-0.06013280804468926,0.19813737055352704,-0.659152376228269,-0.9292592808356415,-0.49634808829097404,0.22694649392876853,0.6817371446913312,Consumer Electronics,Technology,KOSS
2013Q2,2013,Q2,2013-02-01,2012-12-31,338688.0,8642031.0,566463.0,0.05,2757607.0,0.3190924679626815,27001962.0,17208096.0,15429925.0,5360135.0,9793866.0,9817182.0,14252202.0,32175360.0,33182029.0,2.540405328798186,2.8786448475644737,0.04444121504948418,0.06973461793797524,0.019327100086987847,2.540405328798186,0.019681898566814134,3.723124807119993,23.75,1.8697803638473427,2.615755503590325,0.5994005204344791,0.027534268458845528,0.32005196511275735,0.6473891049385883,0.012543088535566415,17.07177386877882,0.3190924679626815,0.0,-0.705882345862828,-0.22681436486624937,-0.1608504456001853,-0.1518114083167547,-0.0750096271230879,-0.07914355569716557,1.1997277880220236,-0.2289711211877423,0.4426973587192568,Consumer Electronics,Technology,KOSS
2013Q1,2013,Q1,2012-11-02,2012-09-30,366153.0,8914862.0,615148.0,0.05,3251172.0,0.3646912313393073,28529382.0,17166932.0,16119397.0,6019048.0,11362450.0,9120679.0,14356477.0,34784535.0,36789349.0,2.3442293248997004,2.6780642055022654,0.07711348251427248,0.12815335902769348,0.019851608077141574,2.3442293248997004,0.02132897130366684,3.9018590528939203,23.75,2.0262522738483497,1.2097729637610508,0.6209724078656863,0.012734452250116324,0.31248002497916005,0.8320232701251095,0.012834242255931097,-25.680283760408646,0.3646912313393073,-0.6153846153846154,-0.7222222263815872,-0.28519895039473225,-0.30412332915950924,-0.23540227095383165,-0.6070860218630719,-0.5260311927425482,-0.3482539077190362,-0.1675840027711925,-0.27282816261866527,Consumer Electronics,Technology,KOSS
2012Q4,2012,Q4,2012-08-27,2012-06-30,931891.0,10887685.0,1297866.0,0.13,4252134.0,0.3905452812053251,28748909.0,17095239.0,16123283.0,8568017.0,11653670.0,9396350.0,14433286.0,38207529.36,38157502.36,2.3848080573718624,1.8817986705675305,0.0,0.0,0.05552732297755215,2.3848080573718624,0.05451172691999217,3.5092427233153787,10.249999560034382,2.2349807077865362,0.47533778092073,0.7061838905532467,0.011593604910338541,0.37871645842282226,0.6275155616521303,0.03241483007233422,20.385611960047807,0.3905452812053251,0.08333333333333341,-0.323500245867115,0.019685278725434404,-0.2604875052858834,0.3492267575092003,0.03922762527670442,0.7278731519633621,0.5924653942385686,0.3567755507831267,-0.25492828244205207,Consumer Electronics,Technology,KOSS
2012Q3,2012,Q3,2012-05-11,2012-03-31,896715.0,8232526.0,751135.0,0.12,3151534.0,0.38281494646964975,27920666.0,16488259.0,14735421.0,6927049.0,11432407.0,9152820.0,13944358.0,39940439.46,41321048.46,2.233362536717567,2.127229214056375,0.053723646849971274,0.0909738256780173,0.03770212515606582,2.233362536717567,0.054385062728575524,4.851541247485887,11.13521003328817,2.4223563846249623,0.49398303808902494,0.5551285833218614,0.011090563999517895,0.2948542130048044,0.6178306231123816,0.032116533323381324,33.82100254374496,0.38281494646964975,0.09090909090909087,0.2146156165503542,-0.12529792154508793,-0.262142899123993,-0.17054089940663322,0.0788042039816557,-0.4412407730171518,5.508935068185703,0.010632227543651507,-0.2955966367650554,Consumer Electronics,Technology,KOSS
2012Q2,2012,Q2,2012-02-03,2011-12-31,831212.0,9990771.0,1344291.0,0.11,3799505.0,0.3803014802361099,28326678.0,15933863.0,16259694.0,7129447.0,12392815.0,9612221.0,13490605.0,36913530.0,39031472.0,2.158268661924232,2.2806388770405333,0.08119554294365192,0.14434666596543475,0.046415249839178954,2.158268661924232,0.05216638300454824,3.6947628966773434,11.102321068512005,2.31667173239785,0.5329121812485864,0.64410358438492,0.012000017337816242,0.35269829381334444,0.6972589879691932,0.029343786800556,23.186482901054504,0.3803014802361099,1.7500000000000002,-0.35663388774483806,-0.1877952701062498,-0.29572793788573093,0.14159517246642522,1.9622982426754385,1.7241650438021436,1.5794473105271207,-0.02822041494729333,-0.32585708562443166,Consumer Electronics,Technology,KOSS
2012Q1,2012,Q1,2011-10-28,2011-09-30,280597.0,8754785.0,493469.0,0.04,3328242.0,0.38016261964171594,28545340.0,15408357.0,16114745.0,6715604.0,13136983.0,8713039.0,13102356.0,43484138.339999996,46750504.339999996,2.0870879864374934,2.399597266306947,0.12261195697791653,0.22714946181478013,0.01616759989573833,2.0870879864374934,0.018210702153383388,4.966899625747519,38.74251893284675,2.8221138918315556,1.5786412541830455,0.6228071514427974,0.010186748936738849,0.306697520505974,0.8560035701926438,0.009829870654894985,-35.16219594023642,0.38016261964171594,-0.8347830728148251,-0.8347507076517209,-0.3446655710326721,-0.30902943902333263,-0.14454054526434293,-0.8430136114136927,-0.7225955222361948,-0.6925892170493031,-0.2369631623982148,-0.35054204399335026,Consumer Electronics,Technology,KOSS
2011Q4,2011,Q4,2011-09-02,2011-06-30,1787397.0,10265532.0,1778879.0,0.24210594326795623,3890590.0,0.3789954578096878,27405487.0,15446051.0,15622622.0,7680046.0,11959436.0,7867002.0,13264721.0,45772777.2,47012235.2,2.092193702417515,2.034183389005743,0.0,0.0,0.09560928906849311,2.092193702417515,0.11571870376447675,4.4588801827318845,6.402155928425526,2.9633967413418483,0.24782462989475756,0.8103394406153703,0.009677389642855229,0.3745794409710727,0.8377613884083507,0.06522040640985508,17.134846164471817,0.3789954578096878,1.6900660363106248,0.42670710581557997,-0.004319779689127941,-0.272394080689192,0.14649311766421982,1.7886161738137363,0.6711248684803848,0.41553754244032415,-0.15783399141916749,-0.3340013579947771,Consumer Electronics,Technology,KOSS
2011Q3,2011,Q3,2011-05-13,2011-03-31,640962.0,8419663.0,1064480.0,0.09,3393470.0,0.40304107183387267,27572402.0,13781544.0,16167352.0,7462270.0,13790858.0,9676043.0,11920285.0,54705851.46,58172982.46,1.8667334172592,2.166546104603559,0.13056533848592516,0.26121891712568635,0.040553641589061065,1.8667334172592,0.046508722099642824,6.4973920523897455,21.33740044651633,3.969500910783291,0.6910908915037085,0.5194471541724236,0.008097177690834172,0.3053655970923389,0.6633891563827092,0.023246505690726546,-80.0355973425757,0.40304107183387267,-0.5,-0.5961889048927929,-0.3981993511556753,-0.42493111930769734,-0.3487825570820595,-0.5362448656513613,-0.5596405573495696,-0.035340113812673934,-0.1791737451428662,-0.4052472197363145,Consumer Electronics,Technology,KOSS
2011Q2,2011,Q2,2011-01-28,2010-12-31,1382113.0,12800806.0,2417298.0,0.18,5210963.0,0.40708085100266345,26967509.0,13472795.0,15754602.0,8326026.0,13494714.0,9027900.0,11722286.0,36913530.0,39199190.0,1.8249128436104594,1.892211482404691,0.09270415001993695,0.18555912117715737,0.09055021697522807,1.8249128436104594,0.1025854694590098,2.88368794902446,6.677010128694254,2.7398568745386536,0.32049622570658115,0.8407096888534432,0.011999990247478363,0.4746751359200436,0.6209424520173249,0.051251044358602046,23.552561981467292,0.40708085100266345,1.2499999999999998,-0.31923804189296895,-0.17028654193432033,-0.4238595449392616,0.19473409927391475,1.455522608681748,1.4400859628066514,0.10123261934713136,0.05079864452891083,-0.3971927305558448,Consumer Electronics,Technology,KOSS
2011Q1,2011,Q1,2010-11-01,2010-09-30,562859.0,10032134.0,990661.0,0.08,4361609.0,0.4347638299089705,27602117.0,12422895.0,16515118.0,8991998.0,15179222.0,9134713.0,10783135.0,40088093.58,43503074.58,1.6827021149155879,1.8366460935600741,0.0,0.0,0.050659144449114006,1.6827021149155879,0.04530819909529944,3.995968712140408,17.80556657173466,3.2269526209470496,0.7869857282196785,0.6207666294496609,0.011049714776683577,0.3634552378717908,0.628467555264136,0.0203918779128427,-26.83251110432848,0.4347638299089705,2.3947726532058096,-0.6090245784530125,-0.15955225348772464,-0.455384184276571,0.4554294018423077,2.329221867989137,3.5473150186164193,-0.5764433261162336,-0.20211389922727452,-0.5004954791298789,Consumer Electronics,Technology,KOSS
2010Q4,2010,Q4,2010-09-20,2010-06-30,-423450.0,8113392.0,-388904.0,-0.05735701787393403,2996785.0,0.36936277699881875,25750291.0,12192248.0,15123442.0,9752284.0,13558043.0,8457325.0,10663238.0,39423650.04,40548154.04,1.6514605891119056,1.5507589811781528,0.04854314073576877,0.10252416125393775,-0.024106380150320364,1.6514605891119056,-0.03473108486638395,4.859083603996947,-23.27526865037194,3.2335013231358154,-1.046083362852757,0.6049911762880107,0.011235996655575021,0.31507962376036835,0.5401168587789281,-0.016444474355649028,11.304103864257794,0.36936277699881875,-2.4339254468483507,-1.282895141560269,-0.2822457690000978,-0.4482354420893367,-0.08585496233037382,-2.444398585106782,-1.6507002191844997,-1.298476975569191,-0.2621990094272442,-0.48789348626988605,Consumer Electronics,Technology,KOSS
2010Q3,2010,Q3,2010-05-17,2010-03-31,293167.0,8654630.0,597670.0,0.04,3278238.0,0.37878430389282963,27830000.0,12950000.0,17940000.0,12330000.0,14880000.0,8670000.0,11530000.0,42007597.14,46177597.14,1.754099377653668,1.4549878345498783,0.21056413941789437,0.4525096525096525,0.019986921810155434,1.754099377653668,0.022638378378378378,4.853771581222999,35.822242220304474,3.243829894980695,1.5109545071580361,0.6201144175317186,0.010544806895850934,0.3109820337765002,0.635036496350365,0.010534207689543659,30.187348427631377,0.37878430389282963,1.16,-0.669083636401848,-0.11435499253974743,-0.37298730881410447,-0.33684750319364243,1.158623671133735,1.2172521476400042,-0.6029003457539824,-0.08044956684518995,-0.42048160109904326,Consumer Electronics,Technology,KOSS
2010Q2,2010,Q2,2010-02-16,2009-12-31,-1848192.0,12216054.0,-2751043.0,-0.25,4943415.0,0.4046654508894607,31550000.0,13000000.0,20150000.0,16060000.0,18550000.0,10370000.0,11680000.0,40678710.059999995,45788710.059999995,1.7608719621233733,1.2546699875466998,0.18573692551505547,0.45076923076923076,-0.09393259922168778,1.7608719621233733,-0.1421686153846154,3.329938625025724,-5.502500560006752,3.1291315430769227,-0.25964618394625666,0.7013152362584378,0.01179673591645841,0.38719664025356576,0.48941469489414696,-0.05857977812995246,-9.579517000884978,0.4046654508894607,-4.333333333333334,-2.5172166248185204,0.19598553593705598,-0.35676359858910217,0.2006474645586139,-4.2631718337014615,-3.9629183266181363,-2.430518449855262,-0.006889774629258651,-0.42540382031115126,Consumer Electronics,Technology,KOSS
2010Q1,2010,Q1,2009-11-06,2009-09-30,566379.0,10796853.0,928491.0,0.075,4117291.0,0.38134176690189264,32902324.0,23800091.0,25139983.0,7881272.0,9102233.0,10371604.0,0.0,43004262.45,42906619.45,3.223762533683449,3.189838264686208,0.08358072213987072,0.11554577669471935,0.021332469255943416,3.223762533683449,0.023797345984937622,3.9830367654352616,18.982104937683072,1.8068948748977474,0.8472701141814933,0.64402401017239,0.011158800841147782,0.32814864384655623,1.6657342875617032,0.017213951209039215,-39.56641572084705,0.38134176690189264,-0.08127000429744995,-0.36069173010546535,0.20873084355782426,0.2166550848212616,0.48649343400482564,-0.06023730551550317,1.0213017004351772,-0.666447863124246,-0.1918077376658385,0.06728849997217291,Consumer Electronics,Technology,KOSS
2009Q4,2009,Q4,2009-08-26,2009-06-30,602683.0,8264591.0,459353.0,0.08163443051910776,2769801.0,0.33514072263225125,28470352.0,23630392.0,21006841.0,3618999.0,4839960.0,9763158.0,21581008.0,47987589.0,46323182.0,3.2007765174449587,5.804599835479369,0.0,0.0,0.01776827505369384,3.2007765174449587,0.025504570554733073,5.806408205802319,19.905816573555253,2.0307572129992595,0.7970939946870909,0.562808673177265,0.010010817588689443,0.29028762974198563,2.8582525167871005,0.02116879341709579,-86.08365010144352,0.33514072263225125,3.081721525955388,-0.6811153714097969,-0.2412763546989469,0.125507744347205,0.0596057677299701,3.3746543076353555,1.0341284988685828,-0.5189361296599182,-0.1983961681031972,0.11313973356910208,Consumer Electronics,Technology,KOSS
2009Q3,2009,Q3,2009-05-08,2009-03-31,137767.0,8145930.0,225823.0,0.02,2613992.0,0.32089546558833676,28950535.0,23407449.0,22030021.0,4370604.0,5543086.0,10571212.0,0.0,46511123.4,43883848.4,3.1705733579421564,5.040498063883161,0.0,0.0,0.0058855529228419665,3.1705733579421564,0.005885605048204954,5.709737672678258,84.40178598648443,1.9870223107182674,3.4832434472696656,0.5233021530549193,0.010317445912304065,0.2813740747796198,2.326093144105483,0.004758703077507894,-59.521209949566234,0.32089546558833676,-0.5555555555555556,-0.8796081067893289,-0.21855951874609875,0.4049409518320103,-0.2494748604891808,-0.5727545634416071,-0.5713184695843655,-0.9132058488418098,-0.417765533932184,-0.02326810285441933,Consumer Electronics,Technology,KOSS
2009Q2,2009,Q2,2009-02-12,2008-12-31,322454.0,10287595.0,526785.0,0.045,3482884.0,0.33855181896254666,31362354.0,23651121.0,24749526.0,6538751.0,7711233.0,11092388.0,0.0,34351930.800000004,30461795.800000004,3.2015001803042757,3.7850540569598077,0.0,0.0,0.013596450753027964,3.2015001803042757,0.013633772369605652,3.3391604937791586,26.633202565327146,1.4524440849970706,1.4883363208395617,0.6134577153269432,0.013970684873410376,0.32802368725255765,1.8010409021539435,0.010281562410780772,105.02158645526976,0.33855181896254666,-0.64,-0.7432439743377086,0.07849937634367687,0.418605169230496,-0.20851820036996133,-0.6471145722527918,-0.6242438119368044,-0.8412780939552499,-0.3336198498691097,0.010740746998252886,Consumer Electronics,Technology,KOSS
2009Q1,2009,Q1,2008-11-14,2008-09-30,913764.0,11486034.0,1401933.0,0.125,4400460.0,0.38311396257402686,29773792.0,23750645.0,23279856.0,4850665.0,6023147.0,9496223.0,0.0,59125616.0,55040598.0,3.213584447052526,4.799312259246928,0.0,0.0,0.03658427322483754,3.213584447052526,0.03847322883231171,5.147609348884044,16.176391278273165,2.4894320133200596,0.5257320270879571,0.7461465468955394,0.008124989344719892,0.38577665888174406,2.477632654491704,0.030690212385442877,47.58447695848826,0.38311396257402686,-0.26915386538361125,-0.08417058058738884,0.28188046295684094,0.5398551856634418,-0.1388571049484513,-0.27712318818795856,-0.3244943222528083,-0.36596421782466737,-0.03879200910556867,0.04009432181371717,Consumer Electronics,Technology,KOSS
2008Q4,2008,Q4,2008-08-25,2008-06-30,1264066.0,12202642.0,2075383.0,0.17103463243410436,5110023.0,0.4187636579029361,29977007.0,23217435.0,24134664.0,5587090.0,6759572.0,9374344.0,21568027.0,58460452.82,55137579.82,3.1414383911027666,4.319719925757416,0.0,0.0,0.05342756323474621,3.1414383911027666,0.05444468779604637,4.790802911369521,11.56198584963127,2.517954839541922,0.3769265212417706,0.7565989684184835,0.008150125033533738,0.4070667228386076,2.411187040122855,0.0421678521808398,180.25602206469557,0.4187636579029361,0.9003848048233818,-0.06582489362141944,0.42409781948857156,0.5016927402946683,0.4333366805754863,0.9507281669513902,1.1551180579064217,-0.15642639126566105,0.07834332503068646,0.04957658481122241,Consumer Electronics,Technology,KOSS
2008Q3,2008,Q3,2008-05-15,2008-03-31,647997.0,10003648.0,963002.0,0.09,3565124.0,0.35638239170350655,26884934.0,22598329.0,21685687.0,3172452.0,4286605.0,8675671.0,0.0,63000431.2467,59949592.2467,3.138671191131848,6.8356233601012715,0.0,0.0,0.025990983544031353,3.138671191131848,0.028674553768997697,6.297745707036073,24.305834458608604,2.7878358283349183,0.7415389268777479,0.7421355650761768,0.007627170012827009,0.3720912240290417,3.3254621346516826,0.024102607058659693,153.22905214300306,0.35638239170350655,-0.4705882352941177,-0.333333404591184,0.23315324027841036,0.6251729984651575,-0.17557473623355976,-0.4801684967815221,-0.5069364123375211,-0.25000006858334217,0.049674489976128826,0.12193567557822979,Consumer Electronics,Technology,KOSS
2008Q2,2008,Q2,2008-02-14,2007-12-31,1246552.0,12099397.0,1953099.0,0.17,4324375.0,0.35740417477003195,29158630.0,22198577.0,24045551.0,5845900.0,6960053.0,10140604.0,0.0,65308327.383499995,62284130.383499995,3.0273570610606604,4.113233377238749,0.0,0.0,0.05366777963036758,3.0273570610606604,0.05615459044964909,5.39765141878558,13.09779443286361,2.9420051286845994,3.3359346421168152,0.7667217850139894,0.06367359518459532,0.4149508053018952,1.9478675653021775,0.042750705365787074,51.990287401565396,0.35740417477003195,-0.055555555555555455,0.17241377609476444,0.5225796887220271,0.5459877405858858,-0.09758074950229341,-0.06672436537658141,-0.027318852921929485,0.03030306465015869,0.1926494039037699,0.10587612480031941,Consumer Electronics,Technology,KOSS
2008Q1,2008,Q1,2007-11-14,2007-09-30,1335674.0,12637606.0,2007954.0,0.18,4791980.0,0.37918415877184336,31584772.0,24997454.0,26318155.0,5473165.0,6587318.0,9871356.0,0.0,74204110.0,68252606.0,3.3687425130494795,4.808580592764881,0.0,0.0,0.04899874337267771,3.3687425130494795,0.05343240155577444,5.87169041351661,13.888888680920644,2.9684667086496086,0.3567180314957093,0.7947870586371315,0.006420924663067855,0.4001170564093355,2.5877650317503673,0.042288543352473784,34.25621956004893,0.37918415877184336,-0.06330807294515653,0.20000001796845673,0.3956637857805664,0.7789981361197432,0.11229283691564923,-0.06330805891939958,-0.03990463854306973,0.500000022460571,0.4076180932820905,0.2713708485445344,Consumer Electronics,Technology,KOSS
2007Q4,2007,Q4,2007-08-20,2007-06-30,1425948.0,11052884.0,2091411.0,0.19216563610829643,4308200.0,0.38978062196255747,29173543.0,23929624.0,23870172.0,4129766.0,5243919.0,9923544.0,22825424.0,69677659.29,65489977.29000001,3.2248380851141536,5.7800301518294255,0.0,0.0,0.05591359247339137,3.2248380851141536,0.0595892355015691,6.304025201929198,12.216023882006919,2.9117740959908103,2.9449117359118286,0.6796648455430842,0.06026739478320383,0.3788667012436577,3.0069127403344402,0.04887812220819391,30.10592269673097,0.38978062196255747,0.9216563610829642,-0.12595441767324547,0.13095841552711543,0.7830175296334247,0.19586916888175324,0.8933523118063983,0.888096944791014,-0.2493526676363471,0.009544526358415895,0.13396865394373975,Consumer Electronics,Technology,KOSS
2007Q3,2007,Q3,2007-05-11,2007-03-31,753134.0,9601291.0,1107682.0,0.1,3602568.0,0.3752170411249904,28863424.0,22796030.0,23400826.0,4859564.0,6067394.0,9512725.0,0.0,76631384.5,70854554.5,3.026822584028871,4.815416774015118,0.0,0.0,0.029637461869463033,3.026822584028871,0.03303794564228947,7.981362558430944,25.4375,3.361610969102954,0.6347701737008288,0.6305998544055462,0.00623852750565925,0.3326456001893608,2.4455198038342534,0.026093023474969567,107.93046336162882,0.3752170411249904,-0.411764705882353,-0.4117646774843724,0.13614414095219027,0.777867308743389,-0.1831958037122228,-0.4133364699577335,-0.44299969426587604,-0.3548386790301741,-0.09712237604666658,0.341242268241418,Consumer Electronics,Technology,KOSS
2007Q2,2007,Q2,2007-02-12,2006-12-31,1283758.0,12222584.0,1988656.0,0.17,4410565.0,0.36085372782056563,29071496.0,22480717.0,23455235.0,5412948.0,6590779.0,9990187.0,0.0,,,,,,,,,,,,,,,,,,,,,,,,,,,,,,,Consumer Electronics,Technology,KOSS
2007Q1,2007,Q1,2006-11-13,2006-09-30,1693680.0,13325099.0,2662743.0,0.225,5595544.0,0.41992513526541153,29422409.0,22242558.0,23614356.0,6032020.0,7179851.0,9350221.0,0.0,,,,,,,,,,,,,,,,,,,,,,,,,,,,,,,Consumer Electronics,Technology,KOSS
