Quarters,Year,Quarter,FillingDate,Date,NetIncome,Revenue,OperatingIncome,EPSDiluted,GrossProfit,GrossProfitRatio,TotalAssets,CommonStockEquity,CurrentAssets,CurrentLiability,TotalLiability,Inventory,RetainedEarnings,MarketCap,EnterpriseValue,bookValuePerShare,currentRatio,debtToAssets,debtToEquity,roic,shareholdersEquityPerShare,roe,priceToSalesRatio,peRatio,pbRatio,payoutRatio,inventoryTurnover,dividendYield,assetTurnover,quickRatio,returnOnAssets,priceToFreeCashFlowsRatio,grossProfitMargin,epsdilutedGrowth,fiveYNetIncomeGrowthPerShare,fiveYRevenueGrowthPerShare,fiveYShareholdersEquityGrowthPerShare,grossProfitGrowth,netIncomeGrowth,operatingIncomeGrowth,threeYNetIncomeGrowthPerShare,threeYRevenueGrowthPerShare,threeYShareholdersEquityGrowthPerShare,Industry,Sector,Symbol
2024Q1,2024,Q1,2023-06-06,2023-04-30,-35902000.0,62142000.0,-35542000.0,-0.91,37519000.0,0.6037623507,704781000.0,606191000.0,304521000.0,80149000.0,98590000.0,41223000.0,-1416000.0,2479650056.73,2359639056.73,15.40871407491527,3.7994360503562117,0.010967946071190908,0.012751756459597717,-0.05992074696247139,15.40871407491527,-0.059225557621277784,39.902965091725406,-17.266796116720517,4.090542513382746,0.0,0.5973121800936371,0.0,0.08817207047295543,3.2091853922070146,-0.0509406468108533,112.58343049852441,0.6037623507450678,-2.1379310344827593,-2.040275383561345,-0.07522134396306748,0.09564345606986148,-0.24425420485446672,-2.2329581269698333,-0.5162969283276451,-1.011340461871952,-0.014865564913265534,0.15266386267432525,Semiconductor Equipment & Materials,Technology,AMBA
2023Q4,2023,Q4,2023-03-31,2023-01-31,-11105000.0,83321000.0,-23440000.0,-0.29,49645000.0,0.5958281826,710195000.0,606088000.0,304632000.0,83462000.0,104107000.0,40486000.0,34486000.0,3494622373.6,3389717373.6,15.58135331913048,3.6499484795475787,0.012160040552242695,0.014248755956230779,-0.01931888243058831,15.58135331913048,-0.01832242182653344,41.94167585122598,-78.67227315623593,5.765866299283273,0.0,0.8317937064664328,0.0,0.11732129907983019,3.1014114207663366,-0.01563655052485585,1141.2875158719792,0.5958281825710205,0.43137254901960786,-8.536550608005674,0.010352057641084565,0.07569544970489815,-0.03933975773056233,0.4393962340350346,-0.16443119721808247,0.25934823702208387,0.2608719741241235,0.17109338460828405,Semiconductor Equipment & Materials,Technology,AMBA
2023Q3,2023,Q3,2022-12-09,2022-10-31,-19809000.0,83096000.0,-20130000.0,-0.51,51678000.0,0.6219071917,687457000.0,588398000.0,298330000.0,80934000.0,99059000.0,45395000.0,45591000.0,2111624822.32,2008109822.32,15.250352335136496,3.686089900412682,0.013560120851195057,0.015843017821270636,-0.03513303422609722,15.250352335136496,-0.03366598798772259,25.41187087609512,-26.6498160220102,3.58876954428805,0.0,0.6921026544773653,0.0,0.12087446923953062,3.0591593149974052,-0.028814893149680634,1982.7463120375587,0.6219071916819101,0.17741935483870966,-2.4507768789962325,-0.1988726501273369,0.0770924174025908,0.012024126586244712,0.16241014799154335,0.0028729938577372696,-2.9681983782888355,0.05603173762646051,0.14073385585220374,Semiconductor Equipment & Materials,Technology,AMBA
2023Q2,2023,Q2,2022-09-08,2022-07-31,-23650000.0,80884000.0,-20188000.0,-0.62,51064000.0,0.6313238712,674420000.0,578111000.0,282863000.0,77543000.0,96309000.0,40103000.0,65400000.0,3293660576.69,3109246576.69,15.11071794775419,3.647821208877655,0.015613415972242816,0.01821449514020664,-0.03942043338007039,15.11071794775419,-0.040909098771689176,40.72079245203007,-34.81670799883721,5.697280585717968,0.0,0.7435852679350672,0.0,0.11993120014234453,3.0384689785022503,-0.03506716882654726,-835.106637091785,0.631323871222986,-1.1379310344827587,-7.2186618297721985,-0.01928675987331566,0.10904754671655048,-0.09696358781190868,-1.1853631491406393,-0.9230329586587922,-0.9932815252966004,0.23157487052345288,0.15892207132617397,Semiconductor Equipment & Materials,Technology,AMBA
2023Q1,2023,Q1,2022-06-08,2022-04-30,-10822000.0,90305000.0,-10498000.0,-0.29,56547000.0,0.6261779525,668665000.0,574348000.0,278329000.0,74855000.0,94317000.0,41523000.0,89050000.0,3095674943.04,2905766943.04,15.228499344219054,3.718241934406519,0.016048394936178805,0.018683794493930508,-0.018313533638478305,15.228499344219054,-0.0188422350212763,34.28021641149438,-71.51346661984846,5.389894180949529,0.0,0.8129952074753751,0.0,0.13505267959292022,3.0545320953844097,-0.01618448700021685,107.26896091479261,0.6261779524943248,-0.15999999999999992,-4.721457015557643,0.24148133970805252,0.09061835547054023,-0.013520114441226755,-0.17720004351136734,0.14899481193255512,0.4614272177966771,0.6486909527199364,0.1713081463938771,Semiconductor Equipment & Materials,Technology,AMBA
2022Q4,2022,Q4,2022-04-01,2022-01-31,-9193000.0,90229000.0,-12336000.0,-0.25,57322000.0,0.6352946392,657545000.0,547176000.0,266748000.0,89284000.0,110369000.0,45219000.0,99872000.0,5204253578.1,5044923578.1,14.735391972963248,2.9876349625912817,0.01781322951280901,0.021406275129026126,-0.015833808958386795,14.735391972963248,-0.016800809977045777,57.67828057608973,-141.52761824486024,9.511114482543094,0.0,0.7277250713195781,0.0,0.13722102669779254,2.411966309753147,-0.01398079218912774,303.8625315641969,0.635294639195824,-13.886597938144329,-1.445601604462512,-0.08288469646265373,0.07050988817414543,-0.005275396522403082,-13.16005291005291,-14.343283582089553,-0.7508167534310979,0.5286443543017986,0.12858073775311293,Semiconductor Equipment & Materials,Technology,AMBA
2022Q3,2022,Q3,2021-12-10,2021-10-31,756000.0,92167000.0,-804000.0,0.0194,57626000.0,0.6252346284,633355000.0,529235000.0,555374000.0,81619000.0,104120000.0,47039000.0,109065000.0,7019949279.6,6574736279.6,14.384439826857806,6.804469547531824,0.019810374908226822,0.023707804661445293,0.0013638110219743149,14.384439826857806,0.001428476952582501,76.16553950546292,2321.411798809524,13.264333008209963,0.0,0.7343055762239844,0.0,0.14552186372571466,6.157095774268246,0.0011936433753582114,842.3265274298057,0.62523462844619,1.097,-0.9768871038935005,-0.18556475846026727,0.11201247132546507,0.16606973026568728,1.1056456120737843,0.8651006711409396,1.0732804426273066,0.40685041864450977,0.12559162672791532,Semiconductor Equipment & Materials,Technology,AMBA
2022Q2,2022,Q2,2021-09-08,2021-07-31,-7156000.0,79327000.0,-5960000.0,-0.2,49419000.0,0.6229783049907346,610058000.0,503054000.0,534021000.0,85536000.0,107004000.0,42076000.0,108309000.0,3589225370.64,3341472370.64,13.80403383562549,6.243230920314254,0.01745571732523793,0.02116870157080552,-0.014165453233497022,13.80403383562549,-0.014225113009736529,45.24594867623886,-125.39216638624929,7.13487094952033,0.0,0.7108090122635231,0.0,0.13003189860636202,5.698816872427984,-0.011730032226444044,284.0251143974044,0.6229783049907346,0.33333333333333326,-1.7406277791725941,0.08793021692284606,0.19287978551558868,0.12918999200274192,0.3385098909225365,0.4119968429360695,0.05146959234692501,0.15744847614590268,0.05929030381431428,Semiconductor Equipment & Materials,Technology,AMBA
2022Q1,2022,Q1,2021-06-08,2021-04-30,-10818000.0,70133000.0,-10136000.0,-0.3,43765000.0,0.6240286313147876,584638000.0,491294000.0,508548000.0,70003000.0,93344000.0,33120000.0,115465000.0,3503820236.96,3287778236.96,13.669722993995821,7.264660085996314,0.01961384651699,0.02334040309875553,-0.022344618010136194,13.669722993995821,-0.022019401824569403,49.95965147591006,-80.97199660195969,7.131819718864875,0.0,0.7961352657004831,0.0,0.11995970155891338,6.714812222333329,-0.018503757880945132,-538.9663493247193,0.6240286313147876,0.14285714285714282,-6.474376736803325,0.10711322399773957,0.17752706779689634,0.15771235087162394,0.13379774201297143,0.27667166202811677,-0.002772924334581758,0.14244770382485486,-0.02800827688526032,Semiconductor Equipment & Materials,Technology,AMBA
2021Q4,2021,Q4,2021-03-31,2021-01-31,-12489000.0,62142000.0,-14013000.0,-0.35,37803000.0,0.6083325287245341,573280000.0,474976000.0,497304000.0,73967000.0,98304000.0,26081000.0,126283000.0,3716180991.16,3485342991.16,13.440808259559141,6.723322562764476,0.01820401897850963,0.021971636461631746,-0.02637677234840094,13.440808259559141,-0.02629396011587954,59.80143849827814,-74.38908221554968,7.823934243330188,0.0,0.9332080825121736,0.0,0.1083972927714206,6.295807589871159,-0.021785166061959252,409.67710188071874,0.6083325287245341,0.28571428571428575,-3.2265652235285636,-0.16933808120398186,0.23485606627824132,0.0865428834214762,0.26870827965803956,0.1376084682134285,-10.329662903571725,-0.17055477175464226,-0.07208212348202997,Semiconductor Equipment & Materials,Technology,AMBA
2021Q3,2021,Q3,2020-12-09,2020-10-31,-17078000.0,56090000.0,-16249000.0,-0.49,34792000.0,0.6202888215368159,549555000.0,462653000.0,476247000.0,62233000.0,86902000.0,23712000.0,138772000.0,1903602839.6000001,1687565839.6000001,13.287036026545755,7.652644095576302,0.017233943827278435,0.02047106578796636,-0.03699352705711519,13.287036026545755,-0.03691319412172838,33.93836405063291,-27.86630225436234,4.114536898280137,0.0,0.8981950067476383,0.0,0.10206439755802423,7.19470377452477,-0.031076052442430693,155.6502730662306,0.6202888215368159,-0.13953488372093023,-1.5296661381297998,-0.4501019094582548,0.2718841527390846,0.12384520963886556,-0.1573597180807807,-0.06279024134999019,-2.3859230670965537,-0.40080122037006083,-0.06157146802606053,Semiconductor Equipment & Materials,Technology,AMBA
2021Q2,2021,Q2,2020-09-09,2020-07-31,-14756000.0,50113000.0,-15289000.0,-0.43,30958000.0,0.6177638536906591,533398000.0,458647000.0,461398000.0,51162000.0,74751000.0,23907000.0,155850000.0,1561268300.96,1349934300.96,13.301708711584267,9.018373011219264,0.004503203986516635,0.005237143162388503,-0.03423799810732527,13.301708711584267,-0.0321728911341402,31.15495581904895,-26.451414695039304,3.4040739413099836,0.0,0.8012297653406952,0.0,0.09395048350387515,8.482428364802,-0.027664145722331168,-588.2698948605878,0.6177638536906591,0.04444444444444448,-1.583936208674606,-0.4559651118441417,0.4154203205817664,-0.03316677076826983,0.045722046174739704,0.020877361511367275,-5.305161539567406,-0.3258060822111404,-0.023724255543183668,Semiconductor Equipment & Materials,Technology,AMBA
2021Q1,2021,Q1,2020-06-08,2020-04-30,-15463000.0,54645000.0,-15615000.0,-0.45,32020000.0,0.5859639491261781,531733000.0,455583000.0,458766000.0,51503000.0,76150000.0,21957000.0,170606000.0,1791943751.3999999,1564845751.3999999,13.367916331796083,8.907558782983516,0.003951231163008502,0.004611673394310148,-0.036049694064621204,13.367916331796083,-0.03394112598582476,32.79245587702443,-28.97147628855979,3.9332981068213693,0.0,1.0304230996948582,0.0,0.10276774245721067,8.388074481098188,-0.02908038432822488,248.50142163361528,0.5859639491261781,-0.15384615384615383,-1.748400410870266,-0.2978072611313507,0.5663922925772185,-0.038900228118621684,-0.19120252676989447,-0.12890399074609601,-6.88455255818865,-0.16863250125724905,-0.04263088592601742,Semiconductor Equipment & Materials,Technology,AMBA
2020Q4,2020,Q4,2020-03-27,2020-01-31,-12981000.0,57212000.0,-13832000.0,-0.39,33316000.0,0.582325386282598,527276000.0,448072000.0,451190000.0,53453000.0,79204000.0,22971000.0,186069000.0,1991661269.26,1770414269.26,13.304962289016983,8.440873290554318,0.004136353636425705,0.004867521291221054,-0.03217974068970675,13.304962289016983,-0.02897079040868432,34.81194975284905,-38.35723883483553,4.444958107759468,0.0,1.0402681642070437,0.0,0.1085048437630387,7.917890483228256,-0.02461898512354061,533.3854497214783,0.582325386282598,-2.0,-1.666787549941321,-0.19721909782516503,0.7148540533736355,-0.1479937600695599,-2.0125319099559063,-0.9296875,-1.6937912612564854,-0.3587961581307269,-0.033409242298388334,Semiconductor Equipment & Materials,Technology,AMBA
2020Q3,2020,Q3,2019-12-06,2019-10-31,-4309000.0,67922000.0,-7168000.0,-0.13,39103000.0,0.575704484555814,514489000.0,445240000.0,447428000.0,50805000.0,69249000.0,19845000.0,199050000.0,1752798519.73,1511168519.73,13.368896046083837,8.806770987107567,0.004200284165453489,0.004853562123798401,-0.01284074417658796,13.368896046083837,-0.009677926511544336,25.806049876770413,-101.69404268565792,3.936749887094601,0.0,1.4522045855379189,0.0,0.132018371626993,8.314142308827872,-0.008375300540925073,81.92944375666075,0.575704484555814,0.5806451612903225,-1.2118398008804743,-0.0683768748918207,0.9161758231973064,0.2055060578968462,0.5771759395545089,0.31129900076863953,-1.1455345280507756,-0.33694653671292185,0.033504210802930985,Semiconductor Equipment & Materials,Technology,AMBA
2020Q2,2020,Q2,2019-09-06,2019-07-31,-10191000.0,56410000.0,-10408000.0,-0.31,32437000.0,0.5750221591916327,490232000.0,428461000.0,425618000.0,47240000.0,61771000.0,17376000.0,203359000.0,1641405651.3000002,1426072651.3000002,13.03859709088355,9.00969517358171,0.004610062174643842,0.005274692445753523,-0.029480024797823908,13.03859709088355,-0.02378512863481157,29.097777899308635,-40.266059545186934,3.830933623597014,0.0,1.3796616022099448,0.0,0.1150679678193182,8.546613039796782,-0.02078811664681212,214.67507864242745,0.5750221591916327,0.41509433962264153,-1.9800473779958303,0.07531073845715708,1.1041581294069098,0.1645783219042832,0.41129917393564785,0.42941724686146593,-2.1697003685511222,-0.14204547654096966,0.12673433623850489,Semiconductor Equipment & Materials,Technology,AMBA
2020Q1,2020,Q1,2019-06-07,2019-04-30,-17311000.0,47188000.0,-18241000.0,-0.53,27853000.0,0.5902559972874459,479251000.0,422438000.0,415304000.0,42215000.0,56813000.0,17635000.0,213550000.0,1628501245.28,1432082245.28,13.00127501981716,9.83783015515812,0.004986948384040931,0.005657634966551304,-0.04546640816817907,13.00127501981716,-0.0409787945213262,34.51091898957362,-23.518301156490093,3.8550065223299037,0.0,1.096399206124185,0.0,0.098461975040219,9.300793556792609,-0.03612094706114333,337.93343956837515,0.5902559972874459,-2.7857142857142856,-3.9349647761247826,0.02837571863165579,1.2464615317113026,-0.09137469824492725,-2.810477657935285,-0.26973409438953083,-10.689794670424218,-0.1760404230109489,0.11994612169029993,Semiconductor Equipment & Materials,Technology,AMBA
2019Q4,2019,Q4,2019-03-29,2019-01-31,-4543000.0,51070000.0,-14366000.0,-0.14,30654000.0,0.6002349716075974,466853000.0,419489000.0,409589000.0,39023000.0,47364000.0,18252000.0,230861000.0,1220886002.0,1026839002.0,13.056568732778377,10.49609204827922,0.0,0.0,-0.014124514224944328,13.056568732778377,-0.010829842975620337,23.90612888192677,-67.18501001540831,2.9104124351294076,0.0,1.1185623493315802,0.0,0.10939203560863912,9.869051584962714,-0.009731114504994077,91.0158045325779,0.6002349716075974,0.5,-1.7265784301584504,0.13074517078166978,1.3740648177153971,-0.11366199219314732,0.4963972952000887,-0.5247293568244534,-1.8908513759374772,-0.24913874586684964,0.19955457983588729,Semiconductor Equipment & Materials,Technology,AMBA
2019Q3,2019,Q3,2018-12-07,2018-10-31,-9021000.0,57286000.0,-9422000.0,-0.28,34585000.0,0.6037251684530252,458648000.0,411139000.0,407682000.0,37909000.0,47509000.0,23328000.0,235404000.0,1118938334.2,906600334.2,12.779448145570559,10.754227228362659,0.0,0.0,-0.024526357462831647,12.779448145570559,-0.021941484510104855,19.532491956149844,-31.009265441747033,2.7215572694392893,0.0,0.9731224279835391,0.0,0.12490188554185344,10.051280698514864,-0.019668678376445554,358.86412257857603,0.6037251684530252,-0.33333333333333354,-1.8552750693546158,0.07774665484322615,1.4631105683488266,-0.09017967537421409,-0.31176385051621347,-0.41005686920083806,-1.3028102541177422,-0.39215063793388033,0.22329596643139688,Semiconductor Equipment & Materials,Technology,AMBA
2019Q2,2019,Q2,2018-09-07,2018-07-31,-6877000.0,62474000.0,-6682000.0,-0.21,38013000.0,0.6084611198258476,490722000.0,432892000.0,438449000.0,47578000.0,57830000.0,30787000.0,244425000.0,1301526375.36,1006237375.3599999,13.031398272899922,9.215372651225357,0.0,0.0,-0.017840580028616604,13.031398272899922,-0.015886179462775936,20.83308857060537,-47.31446762250982,3.0065844953475693,0.0,0.7945236625848573,0.0,0.1273103712488945,8.511644037160032,-0.014014044611816875,232.12526758694486,0.6084611198258476,0.3,-1.9073006693277352,0.3669507407461772,1.7730880882550997,0.08944743780809354,0.3127123725764541,0.3284422110552764,-1.2824739257632638,-0.29602336649732225,0.3866568815323164,Semiconductor Equipment & Materials,Technology,AMBA
2019Q1,2019,Q1,2018-06-08,2018-04-30,-10006000.0,56938000.0,-9950000.0,-0.3,34892000.0,0.6128069127823247,519152000.0,468808000.0,466647000.0,39651000.0,50344000.0,22968000.0,251302000.0,1553068378.5900002,1216376378.5900002,14.06362077877711,11.768858288567754,0.0,0.0,-0.023189315319622643,14.06362077877711,-0.021343492431869764,27.276482816221154,-38.80342740830502,3.3128026368790637,0.0,0.9598571926158133,0.0,0.10967500847535981,11.09293586542584,-0.019273738712361696,-2558.596999324547,0.6128069127823247,-8.499999999999998,-2.7130546834113174,0.3616273233062985,2.1868414619830263,-0.23062336001411216,-8.934972244250595,-8.153127246585191,-1.4951156846527769,-0.25197857604993495,0.647911809651901,Semiconductor Equipment & Materials,Technology,AMBA
2018Q4,2018,Q4,2018-03-30,2018-01-31,1261000.0,70575000.0,1391000.0,0.04,45351000.0,0.6425929861849097,546649000.0,482187000.0,493283000.0,53236000.0,64462000.0,23383000.0,261265000.0,1677761366.3999999,1331089366.3999999,14.48491143418428,9.265966639116387,0.0,0.0,0.0018252376578939587,14.48491143418428,0.002615167974250654,23.772743413390007,332.6251717684377,3.4794827865537643,0.0,1.0787324124363855,0.0,0.1291047820447856,8.751314899691938,0.0023067818655115075,70.42020425603357,0.6425929861849097,-0.8823529411764707,-0.7203419908507959,0.8091042002244857,2.4680340467132917,-0.19894372416716713,-0.8924428522688502,-0.9079904749305464,-0.9344716966577301,0.0018329088947155183,0.866935700086397,Semiconductor Equipment & Materials,Technology,AMBA
2018Q3,2018,Q3,2017-12-08,2017-10-31,11724000.0,89062000.0,15118000.0,0.34,56614000.0,0.6356695335833464,542587000.0,469064000.0,486329000.0,60452000.0,73523000.0,21097000.0,260004000.0,1869787270.84,1548854270.84,14.15881505499104,8.044878581353801,0.0,0.0,0.024477955666714395,14.15881505499104,0.0249944570463732,20.994220552424153,39.870932933299216,3.9862092824006954,0.0,1.538038583684884,0.0,0.16414326181792044,7.6294415403956855,0.021607594726744284,71.66407078456173,0.6356695335833464,2.4,-0.36414214337697015,-0.09037771845418571,0.6757229897146518,0.2635643343376855,2.5495004541326067,1.8497643732327993,-0.4205708910300945,0.22804893351520195,1.02939562099769,Semiconductor Equipment & Materials,Technology,AMBA
2018Q2,2018,Q2,2017-09-08,2017-07-31,3303000.0,71630000.0,5305000.0,0.1,44805000.0,0.6255060728744939,513446000.0,452726000.0,459711000.0,51589000.0,60720000.0,17726000.0,248280000.0,1663047235.85,1353309235.85,13.62495051947144,8.911027544631608,0.0,0.0,0.007000223969102546,13.62495051947144,0.007295803642821486,23.21718882940109,125.87399605283076,3.6734078357549595,0.0,1.5133137763736884,0.0,0.1395083416756582,8.51278373296633,0.0064330036654292756,170.88442620735717,0.6255060728744939,0.4285714285714285,-0.5071700865161972,0.9977757760409797,4.205714800054938,0.09379195859678247,0.28822152886115443,1.027130301872373,-0.6858632313592097,0.3503699443445681,1.1987833659157876,Semiconductor Equipment & Materials,Technology,AMBA
2018Q1,2018,Q1,2017-06-08,2017-04-30,2564000.0,64135000.0,2617000.0,0.07,40963000.0,0.6386996179932954,519069000.0,464329000.0,465418000.0,45738000.0,54740000.0,19066000.0,244977000.0,1910431786.65,1575249786.65,13.963179023929793,10.175740084830993,0.0,0.0,0.0052169438896777515,13.963179023929793,0.00552194672312089,29.787663314103064,186.27455018038222,4.114392567877518,0.0,1.2153571803209902,0.0,0.12355775436406335,9.686453277362368,0.004939613037958345,86.57022778004351,0.6386996179932954,-0.8679245283018868,-0.38147736508221264,0.5530599334187936,27.340571870417765,-0.2999453122329699,-0.8602724795640327,-0.8696907832495145,-0.5752491192191247,0.3656860470440759,1.4126667953600132,Semiconductor Equipment & Materials,Technology,AMBA
2017Q4,2017,Q4,2017-03-30,2017-01-31,18350000.0,87508000.0,20083000.0,0.53,58514000.0,0.6686702930017827,512271000.0,454634000.0,468535000.0,54396000.0,57637000.0,20145000.0,242413000.0,1638551624.16,1315679624.16,13.76483499661627,8.613409074196632,0.0,0.0,0.03998780556071677,13.76483499661627,0.04036213745562364,18.72459231338849,22.323591609809267,3.6041114922333133,0.0,1.439265326383718,0.0,0.17082364607795483,8.162181042723729,0.035820883868108874,51.7955310308203,0.6686702930017827,-0.369047619047619,5.525955532338422,1.2507144314548126,43.551774221195714,-0.11774195980278335,-0.368221724909623,-0.3231209976407145,1.8548049994961429,0.8847218172050002,1.5028482716967606,Semiconductor Equipment & Materials,Technology,AMBA
2017Q3,2017,Q3,2016-12-09,2016-10-31,29045000.0,100490000.0,29670000.0,0.84,66323000.0,0.6599960195044283,484844000.0,422613000.0,441604000.0,59940000.0,62231000.0,23340000.0,224062000.0,2005006014.08,1691551014.08,12.935502251797814,7.367434100767434,0.0,0.0,0.06842277196710371,12.935502251797814,0.06872718065937394,19.952293900686634,17.25775532862799,4.744307472983557,0.0,1.4638817480719795,0.0,0.20726254217851514,6.898465131798465,0.05990586662926632,47.8270601135442,0.6599960195044283,2.36,0.41707241967073594,-0.1399924797887482,0.0,0.5257188865884518,2.364805375347544,2.2034117901101276,1.7116868159495466,0.8616929317699995,1.493188433519852,Semiconductor Equipment & Materials,Technology,AMBA
2017Q2,2017,Q2,2016-09-08,2016-07-31,8632000.0,65142000.0,9262000.0,0.25,43470000.0,0.6673114119922631,427858000.0,376755000.0,385701000.0,48310000.0,51103000.0,20898000.0,195017000.0,1916002872.3,1639495872.3,11.572024275404319,7.98387497412544,0.0,0.0,0.02249610597624855,11.572024275404319,0.0229114411222147,29.412711803444783,55.49127873899444,5.085540662499502,0.0,1.037037037037037,0.0,0.152251447910288,7.46460360173877,0.020174917846575265,87.19011933105801,0.6673114119922631,4.0,1.1835681280775738,-0.2770142220948483,0.0,0.1842427874792274,3.8412787436904092,5.870919881305638,0.16199027087909398,0.4542982879161821,1.4625325696519758,Semiconductor Equipment & Materials,Technology,AMBA
2017Q1,2017,Q1,2016-06-08,2016-04-30,1783000.0,57157000.0,1348000.0,0.05,36707000.0,0.6422135521458439,419053000.0,376452000.0,376086000.0,39834000.0,42601000.0,17921000.0,186386000.0,1332792731.7,1064833731.7,11.608839718284607,9.441331525832204,0.0,0.0,0.0046433233549997436,11.608839718284607,0.004736327606175555,23.318101574610285,186.87503248738082,3.540405501099742,0.0,1.1411193571787288,0.0,0.13639563491968795,8.894713059195661,0.004254831727728951,88.37562042967973,0.6422135521458439,-0.6666666666666666,-0.4315652736721096,0.7001128379978139,0.0,-0.1525764151814572,-0.6501177394034537,-0.8519657368767846,-0.6862099674505591,0.4050848416021089,1.6305837111004393,Semiconductor Equipment & Materials,Technology,AMBA
2016Q4,2016,Q4,2016-03-25,2016-01-31,5096000.0,67967000.0,9106000.0,0.15,43316000.0,0.6373092824458929,410615000.0,349456000.0,369645000.0,48817000.0,61159000.0,18167000.0,173142000.0,1226441445.4,958385445.4000001,10.884514095694307,7.572054816969498,0.0,0.0,0.014258536799788233,10.884514095694307,0.014582665628863147,18.044660576456224,60.166868396781794,3.509573295064329,0.0,1.356910882369131,0.0,0.16552488340659743,7.114345412458775,0.01241065231421161,41.54611942411925,0.6373092824458929,-0.8275862068965517,0.8644249552346056,0.7983664210579521,34.22922102720455,-0.29293852632953543,-0.827025559213876,-0.6997395060507139,0.17181159845442986,0.8064543616610861,1.606012859472093,Semiconductor Equipment & Materials,Technology,AMBA
2016Q3,2016,Q3,2015-12-09,2015-10-31,29461000.0,93200000.0,30327000.0,0.87,61262000.0,0.6573175965665236,391292000.0,332369000.0,351379000.0,49529000.0,58923000.0,22788000.0,168046000.0,1572962670.72,1336497670.72,10.446734474937253,7.094409335944598,0.0,0.0,0.08814821981066778,10.446734474937253,0.08863943388222127,16.87728187467811,13.34783841960558,4.732579364260807,0.0,1.4015271195365981,0.0,0.23818529384705028,6.521472268771831,0.07529159809042864,44.520751485098074,0.6573175965665236,0.27941176470588225,0.47600473623460127,-0.1809415082624592,0.0,0.11694136522753792,0.2755336190847296,0.21692548453111835,0.6637840470603608,-0.008826234531039739,0.23639111458879464,Semiconductor Equipment & Materials,Technology,AMBA
2016Q2,2016,Q2,2015-09-08,2015-07-31,23097000.0,84193000.0,24921000.0,0.68,54848000.0,0.6514555841934603,353677000.0,296173000.0,313919000.0,54706000.0,57504000.0,27773000.0,138585000.0,3651694728.02,3452117728.02,9.397709301020205,5.73829196066245,0.0,0.0,0.07758942269279304,9.397709301020205,0.07798482643590064,43.37290188044137,39.525638914361174,12.329600362018144,0.0,1.0566017354985058,0.0,0.23805053763744885,5.152835155193214,0.06530534923107807,113.37850000062096,0.6514555841934603,0.21428571428571425,5.035831682192932,-0.03468093883755791,0.0,0.19447711137244653,0.22504508327145434,0.22612546125461255,2.6334660491333017,1.4757387929262415,2.5906034539369966,Semiconductor Equipment & Materials,Technology,AMBA
2016Q1,2016,Q1,2015-06-08,2015-04-30,18854000.0,71013000.0,20325000.0,0.56,45918000.0,0.6466140002534747,313928000.0,265406000.0,304978000.0,46930000.0,48522000.0,25803000.0,115488000.0,2274897775.15,2077586775.15,8.534207168372596,6.498572341785638,0.0,0.0,0.07094409065022347,8.534207168372596,0.07103833372267394,32.03494818061482,30.164657037631272,8.571387893077022,0.0,0.9725613300778979,0.0,0.22620792028745446,5.847453654378862,0.060058357330343266,93.16860282385224,0.6466140002534747,0.05660377358490571,5.267668227433545,1.2025177617950735,0.0,0.10792616720955484,0.06676473916487496,0.1872772942344763,3.8633444086042763,0.8387594755312444,16.32157921901569,Semiconductor Equipment & Materials,Technology,AMBA
2015Q4,2015,Q4,2015-03-30,2015-01-31,17674000.0,64700000.0,17119000.0,0.53,41445000.0,0.6405718701700155,284284000.0,237211000.0,275371000.0,45482000.0,47073000.0,21693000.0,96634000.0,1691032674.44,1520741674.44,7.758655765977347,6.0545050789323245,0.0,0.0,0.07430350662926018,7.758655765977347,0.07450750597569253,26.136517379289028,23.91977869242956,7.1288122154537525,0.0,1.0720047941732356,0.0,0.22758931209635436,5.456532254518271,0.06217022414205513,104.29460185271988,0.6405718701700155,-0.0701754385964911,5.790245138925071,0.7977093581694847,24.1119523067856,-0.002743088139753122,-0.03563049053309325,-0.08214036780869659,5.790245138925071,0.7977093581694847,24.1119523067856,Semiconductor Equipment & Materials,Technology,AMBA
2015Q3,2015,Q3,2014-12-09,2014-10-31,18327000.0,65689000.0,18651000.0,0.57,41559000.0,0.6326630029380871,253278000.0,209354000.0,246447000.0,42605000.0,43924000.0,14839000.0,78960000.0,1329005423.84,1182428423.84,6.976862918443814,5.784461917615303,0.0,0.0,0.08735337745893565,6.976862918443814,0.08754072050211603,20.231780417421486,18.12906400174606,6.348125298967299,0.0,1.6261203585147248,0.0,0.2593553328753386,5.3395845558033095,0.07235922583090518,80.47262633000302,0.6326630029380871,0.9655172413793103,-0.02646733544224902,-0.38791669145955604,0.0,0.36098375687712864,0.9685284640171858,0.8350059031877214,-0.02646733544224902,-0.38791669145955604,0.0,Semiconductor Equipment & Materials,Technology,AMBA
2015Q2,2015,Q2,2014-09-08,2014-07-31,9310000.0,46968000.0,10164000.0,0.29,30536000.0,0.6501447794242888,216420000.0,182311000.0,210193000.0,32362000.0,34109000.0,13003000.0,60633000.0,841740532.0,713477532.0,6.196586135167838,6.495055929794203,0.0,0.0,0.05087138684896265,6.196586135167838,0.05106658402400294,17.92157494464316,22.603129215896885,4.617058389235976,0.0,1.2637083749903868,0.0,0.21702245633490436,5.974939744144367,0.04301820534146567,103.63710071410982,0.6501447794242888,0.7058823529411762,1.6061193586293014,-0.42315379511576917,0.0,0.19299890607907486,0.7699619771863118,0.7148641808672178,1.6061193586293014,-0.42315379511576917,0.0,Semiconductor Equipment & Materials,Technology,AMBA
2015Q1,2015,Q1,2014-06-06,2014-04-30,5260000.0,40921000.0,5927000.0,0.17,25596000.0,0.6254979106082451,197263000.0,167699000.0,191180000.0,28008000.0,29564000.0,10034000.0,51323000.0,720062024.1500001,590582024.1500001,5.787446095243433,6.825906883747501,0.0,0.0,0.03110853861143914,5.787446095243433,0.03136572072582425,17.596393640184747,34.22348023526616,4.293776493300497,0.0,1.5273071556707196,0.0,0.20744386935208325,6.3168023421879465,0.026664909283545316,71.67649055843123,0.6254979106082451,-0.055555555555555455,0.8766888878743616,0.3621716552139655,0.0,0.0013300993662467727,-0.04934032170612687,0.03945983865310417,0.8766888878743616,0.3621716552139655,0.0,Semiconductor Equipment & Materials,Technology,AMBA
2014Q4,2014,Q4,2014-04-04,2014-01-31,5533000.0,39967000.0,5702000.0,0.18,25562000.0,0.6395776515625391,183307000.0,156361000.0,177236000.0,25402000.0,26946000.0,10452000.0,46063000.0,910644545.64,767250545.64,5.499668178960225,6.977245886150697,0.0,0.0,0.03534886546100103,5.499668178960225,0.03538606174173867,22.784911192734004,41.146057547442624,5.823987731211747,0.0,1.3782051282051282,0.0,0.21803313566857785,6.3865443665853086,0.030184335568199796,82.01049582492796,0.6395776515625391,-0.4,1.2859549193343212,0.1941891959379826,16.80042950465897,-0.12760656632879425,-0.39371027832566297,-0.43342607313195547,1.2859549193343212,0.1941891959379826,16.80042950465897,Semiconductor Equipment & Materials,Technology,AMBA
2014Q3,2014,Q3,2013-12-12,2013-10-31,9126000.0,45990000.0,10064000.0,0.3,29301000.0,0.6371167645140248,175684000.0,144423000.0,169584000.0,29834000.0,31261000.0,13010000.0,40530000.0,572031567.3000001,443980567.3000001,5.188337182174247,5.684252865857746,0.0,0.0,0.06326481618820123,5.188337182174247,0.06318938119274631,12.4381728049576,15.670380432281394,3.9608065702831268,0.0,1.282782475019216,0.0,0.2617768265749869,5.14513642153248,0.05194553858063341,82.91514238295406,0.6371167645140248,0.42857142857142855,-0.47742032327043554,-0.5380508216284616,0.0,0.2580395861062213,0.45922609529900865,0.45181765724177725,-0.47742032327043554,-0.5380508216284616,0.0,Semiconductor Equipment & Materials,Technology,AMBA
2014Q2,2014,Q2,2013-09-13,2013-07-31,6254000.0,37710000.0,6932000.0,0.21,23291000.0,0.6176345796870857,159153000.0,128803000.0,152804000.0,28889000.0,30350000.0,9913000.0,31404000.0,454995093.8,336685093.8,4.6992370448281084,5.289348887119665,0.0,0.0,0.04863194097248538,4.6992370448281084,0.04855476968704145,12.065634945637763,18.18816332747042,3.532488325582479,0.0,1.4545546252395845,0.0,0.23694181071044843,4.852746720204922,0.03929552066250715,37.887841935215256,0.6176345796870857,0.31249999999999994,0.8791621434365484,-0.5028628006286832,0.0,0.07366431567786844,0.31913098502425646,0.3282237976623874,0.8791621434365484,-0.5028628006286832,0.0,Semiconductor Equipment & Materials,Technology,AMBA
2014Q1,2014,Q1,2013-06-12,2013-04-30,4741000.0,33941000.0,5219000.0,0.16,21693000.0,0.6391385050528859,146239000.0,119403000.0,140130000.0,25366000.0,26836000.0,9325000.0,25150000.0,370679968.4,266402968.39999998,4.413028055065519,5.524323898131357,0.0,0.0,0.039743946245086884,4.413028055065519,0.03970587003676625,10.921303685807725,19.546507508964353,3.1044443472944563,0.0,1.3134584450402145,0.0,0.23209267021793092,5.036032484427975,0.032419532409275226,140.56881623056503,0.6391385050528859,0.23076923076923075,0.8115130098605905,0.20997165983180593,0.0,0.08824119594662386,0.30139994510019213,0.4409166206515737,0.8115130098605905,0.20997165983180593,0.0,Semiconductor Equipment & Materials,Technology,AMBA
2013Q4,2013,Q4,2013-04-04,2013-01-31,3643000.0,31518000.0,3622000.0,0.13,19934000.0,0.6324639888317787,138603000.0,112332000.0,133148000.0,24830000.0,26271000.0,8918000.0,20409000.0,267873861.36,167379861.36,4.1766923966366045,5.362384212645993,0.0,0.0,0.032457535653229876,4.1766923966366045,0.032430651995869385,8.499075492099752,18.382779396102116,2.384662085247303,0.0,1.2989459520071764,0.0,0.2273976753749919,4.858920660491341,0.02628370237296451,287.7270261654136,0.6324639888317787,-0.48,0.5910620424765411,-0.004477246021148851,12.518437140153265,-0.1329273597216181,-0.45764478189668006,-0.5224785761371127,0.5910620424765411,-0.004477246021148851,12.518437140153265,Semiconductor Equipment & Materials,Technology,AMBA
2013Q3,2013,Q3,2012-10-31,2012-10-31,6717000.0,35669000.0,7585000.0,0.25,22990000.0,0.6445372732624969,129552000.0,101974000.0,125323000.0,26463000.0,27578000.0,9141000.0,16766000.0,87136873.17999999,-7683126.820000008,8.44937686114938,4.735782035294562,0.0,0.0,0.06470110249014677,8.44937686114938,0.06586973150018632,2.4429300843870023,3.243146984516897,0.8545008843430678,0.0,1.3870473689968275,0.0,0.2753257379276275,4.272493670407739,0.05184790663208596,37.93507757074445,0.6445372732624969,3.2558262261035362,-0.11286279079159064,-0.1736479310971124,0.0,0.18921994620318644,0.28530424799081516,0.30956491712707185,-0.11286279079159064,-0.1736479310971124,0.0,Semiconductor Equipment & Materials,Technology,AMBA
2013Q2,2013,Q2,2012-07-31,2012-07-31,5226000.0,27958000.0,5792000.0,0.058743,19332000.0,0.691465770083697,90836000.0,67813000.0,87280000.0,21678000.0,23023000.0,8389000.0,10049000.0,157011339.72,91840339.72,2.6173063724750443,4.02620167912169,0.0,0.0,0.07701168470265583,2.6173063724750443,0.07706486956778198,5.615971804850132,7.511066768082663,2.315357523188769,0.0,1.028251281439981,0.0,0.3077854595094456,3.4966325306762616,0.05753225593377075,30.6363589697561,0.691465770083697,-0.4941268665713646,0.6611773993684825,-0.6100884859418199,0.0,0.05036674816625917,1.008455034588778,0.9924320605435156,0.6611773993684825,-0.6100884859418199,0.0,Semiconductor Equipment & Materials,Technology,AMBA
2013Q1,2013,Q1,2012-04-30,2012-04-30,2602000.0,25921000.0,2907000.0,0.116122,18405000.0,0.7100420508468037,82522000.0,10284000.0,78742000.0,19891000.0,72238000.0,7616000.0,4823000.0,126490816.32,66796816.31999999,0.49269221128543034,3.95867477753758,0.0,0.0,0.2531885836394419,0.49269221128543034,0.2530143912874368,4.879858659773928,12.153229853958493,12.29976821470245,0.0,0.9868697478991597,0.0,0.314110176680158,3.4500025136996633,0.03153098567654686,199.82751393364927,0.7100420508468037,0.4698987341772152,0.2887568103021299,0.1978280961182995,0.0,0.0975609756097561,0.4642656162070906,0.38626609442060084,0.2887568103021299,0.1978280961182995,0.0,Semiconductor Equipment & Materials,Technology,AMBA
2012Q4,2012,Q4,2012-01-31,2012-01-31,1777000.0,24571000.0,2097000.0,0.079,16769000.0,0.682471205893126,81739000.0,6449000.0,77819000.0,22944000.0,75290000.0,6786000.0,2221000.0,126490816.32,67546816.32,0.30896266730647026,3.3916928172942815,0.0,0.0,0.28492170246109433,0.30896266730647026,0.27554659637153045,5.147971849741565,17.79555660101294,19.61402020778415,0.0,1.1497200117889772,0.0,0.3006031392603286,2.9824354951185494,0.021739928308396238,18.86514784787472,0.682471205893126,-0.5842105263157895,0.0,0.0,0.0,-0.10254214610650254,-0.6479793977812995,-0.6327495621716287,0.0,0.0,0.0,Semiconductor Equipment & Materials,Technology,AMBA
2012Q3,2012,Q3,2011-10-31,2011-10-31,5048000.0,28778000.0,5710000.0,0.19,18685000.0,0.649280700535131,,,,,,,,48760953.72,,,0.0,0.0,0.0,0.0,,0.0,1.6943829911738133,2.4148649821711565,0.0,0.0,0.0,0.0,0.0,0.0,0.0,7.862133782650758,0.649280700535131,0.8999999999999999,0.0,0.0,0.0,0.2607962213225371,4.166837256908905,4.2146118721461185,0.0,0.0,0.0,Semiconductor Equipment & Materials,Technology,AMBA
2012Q2,2012,Q2,2011-07-31,2011-07-31,977000.0,22268000.0,1095000.0,0.1,14820000.0,0.6655290102389079,,,,,,,,48760953.72,,,0.0,0.0,0.0,0.0,,0.0,2.1897320693371656,12.477214360286592,0.0,0.0,0.0,0.0,0.0,0.0,0.0,-51.98395918976546,0.6655290102389079,0.10982864245760457,0.0,0.0,0.0,0.020309810671256454,-0.516097077761268,-0.5346366340841479,0.0,0.0,0.0,Semiconductor Equipment & Materials,Technology,AMBA
2012Q1,2012,Q1,2011-04-30,2011-04-30,2019000.0,21640000.0,2353000.0,0.090104,14525000.0,0.6712107208872459,,,,,,,,126490816.32,,,0.0,0.0,0.0,0.0,,0.0,5.845231807763401,15.662557741456167,0.0,0.0,0.0,0.0,0.0,0.0,0.0,-212.58960726050418,0.6712107208872459,0.0,0.0,0.0,0.0,0.0,0.0,0.0,0.0,0.0,0.0,Semiconductor Equipment & Materials,Technology,AMBA
