Quarters,Year,Quarter,FillingDate,Date,NetIncome,Revenue,OperatingIncome,EPSDiluted,GrossProfit,GrossProfitRatio,TotalAssets,CommonStockEquity,CurrentAssets,CurrentLiability,TotalLiability,Inventory,RetainedEarnings,MarketCap,EnterpriseValue,bookValuePerShare,currentRatio,debtToAssets,debtToEquity,roic,shareholdersEquityPerShare,roe,priceToSalesRatio,peRatio,pbRatio,payoutRatio,inventoryTurnover,dividendYield,assetTurnover,quickRatio,returnOnAssets,priceToFreeCashFlowsRatio,grossProfitMargin,epsdilutedGrowth,fiveYNetIncomeGrowthPerShare,fiveYRevenueGrowthPerShare,fiveYShareholdersEquityGrowthPerShare,grossProfitGrowth,netIncomeGrowth,operatingIncomeGrowth,threeYNetIncomeGrowthPerShare,threeYRevenueGrowthPerShare,threeYShareholdersEquityGrowthPerShare,Industry,Sector,Symbol
2023Q1,2023,Q1,2023-04-19,2023-03-31,227500000.0,3443300000.0,346500000.0,1.11,489600000.0,0.142189179,25237600000.0,3116600000.0,12895200000.0,13465100000.0,21244700000.0,1508900000.0,9825500000.0,19075548000.0,22332248000.0,15.413452027695351,0.9576757692107746,0.2582733698925413,2.091445806327408,0.02452906023199683,15.413452027695351,0.07299621382275556,5.539903000029042,20.962140659340662,6.120627607007637,0.6254945054945055,1.9575187222479953,0.0074598119016030355,0.13643531873078263,0.7731914356373143,0.00901432782831965,-34.98816581071166,0.14218917898527575,-0.46889952153110037,-0.019297758731949374,0.08004105489821355,0.35096583032876555,-0.3737528779739064,-0.47068403908794787,-0.4608682122296561,-0.05578543039352867,0.08266170948414782,0.36401115754159713,Advertising Agencies,Communication Services,OMC
2022Q4,2022,Q4,2023-02-08,2022-12-31,429800000.0,3868200000.0,642700000.0,2.09,781800000.0,0.2021095083,27002500000.0,3252100000.0,14613000000.0,15052800000.0,22843200000.0,1254600000.0,9739300000.0,16632122999.999998,18843823000.0,15.949485041687101,0.9707828443877551,0.24047773354319044,1.9967098182712708,0.04436898666451846,15.949485041687101,0.13216075766427846,4.299706064836357,9.674338645881804,5.114271701362196,0.33364355514192645,2.4600669536107125,0.008621869859909046,0.14325340246273494,0.8263977465986394,0.01591704471808166,14.282630313439242,0.20210950829843338,0.18079096045197732,0.9156665155258621,0.050187969339881046,0.41008792843029246,0.13915197435523824,0.17914951989026062,0.17710622710622712,0.10829617636805187,-0.0004138368746563119,0.219446244120721,Advertising Agencies,Communication Services,OMC
2022Q3,2022,Q3,2022-10-19,2022-09-30,364500000.0,3443400000.0,546000000.0,1.77,686300000.0,0.1993088227,24132200000.0,2746700000.0,12030100000.0,12705400000.0,20489300000.0,1362600000.0,9452000000.0,12933450000.0,16112150000.0,13.398536585365854,0.9468493711335337,0.26426102883284575,2.3217679397094697,0.04020642888430812,13.398536585365854,0.13270470018567737,3.7560115002613697,8.87067901234568,4.708723195106856,0.3953360768175583,2.023411125788933,0.011141652072726146,0.14268902130763048,0.7733483400758733,0.015104300478199252,27.74227799227799,0.19930882267526281,0.053571428571428624,0.5595025722639624,0.04408746258184459,0.22804426502936984,-0.030923467946907653,0.04621125143513203,0.00812407680945347,0.33690642282025857,0.011402772187664561,0.18646186556017577,Advertising Agencies,Communication Services,OMC
2022Q2,2022,Q2,2022-07-20,2022-06-30,348400000.0,3567200000.0,541600000.0,1.68,708200000.0,0.1985310608,24905500000.0,2833200000.0,12496400000.0,13213700000.0,21141600000.0,1235900000.0,9230700000.0,13059133000.0,16353233000.0,13.80029225523624,0.9457154317110272,0.2609544076609584,2.2939432443879713,0.038736739891320315,13.80029225523624,0.1229704927290696,3.660891735815205,9.370790040183696,4.6093226740081885,0.4196326061997704,2.3132939558216683,0.01119523018871161,0.14322940715906124,0.7846931593724695,0.013988877958683825,-60.8250256171402,0.19853106077595872,0.8064516129032256,0.19866211256836852,0.06405231677940447,0.4197277746732554,0.402653990889285,0.7894196199280945,0.5342776203966005,0.005307555866121871,0.025772981368224503,0.2573828641813453,Advertising Agencies,Communication Services,OMC
2022Q1,2022,Q1,2022-04-20,2022-03-31,194700000.0,3410300000.0,353000000.0,0.93,504900000.0,0.1480514911,26145700000.0,2999700000.0,13397500000.0,14177200000.0,22191800000.0,1316800000.0,9027300000.0,17680504000.0,20363904000.0,14.400864138262122,0.9450032446463336,0.252771966327159,2.2031869853652033,0.020984006533686348,14.400864138262122,0.06490649064906491,5.184442424420139,22.702239342578324,5.894090742407574,0.7570621468926554,2.2064094775212637,0.008336866415120294,0.13043445002428697,0.7822278023869311,0.007446731202453941,-31.14409723445482,0.14805149107116675,-0.5528846153846153,-0.09312298900826622,0.07065985550161674,0.582705296934458,-0.35836828059473885,-0.5618811881188119,-0.49535382416011436,-0.20734357010799534,0.053430103776389716,0.33189942222687,Advertising Agencies,Communication Services,OMC
2021Q4,2021,Q4,2022-02-09,2021-12-31,444400000.0,3855500000.0,699500000.0,2.08,786900000.0,0.2040980418,28421000000.0,3773000000.0,15909000000.0,16226000000.0,24648000000.0,0.0,8998000000.0,15547894000.0,16877894000.0,17.780395852968898,0.9804634537162579,0.23384117377995145,1.7614630267691491,0.05168138855171169,17.780395852968898,0.11778425655976676,4.032653092984049,8.74656503150315,4.1208306387490055,0.33528352835283526,0.0,0.009583291473430422,0.13565673269765313,0.8497473191174658,0.01563632525245417,14.343075645756457,0.20409804175852678,0.26060606060606073,0.41390320347471116,0.013015954184086619,0.9449877979774026,0.1442489457612331,0.24971878515185603,0.29154357459379615,0.1782783285704302,-0.0014442380811554997,0.5678524237669562,Advertising Agencies,Communication Services,OMC
2021Q3,2021,Q3,2021-10-20,2021-09-30,355600000.0,3435000000.0,541600000.0,1.65,687700000.0,0.2002037845705968,25580800000.0,3279000000.0,13763000000.0,13825200000.0,21829000000.0,1249600000.0,8730000000.0,15506439999.999998,17346540000.0,15.322429906542055,0.9955009692445679,0.24515652364273205,1.9125648063433973,0.03899592693608641,15.322429906542055,0.10844769746874047,4.514247452692867,10.90160292463442,4.72901494358036,0.4235095613048369,2.1985435339308577,0.009712093813925054,0.13428039779834877,0.8403061076874114,0.013901050788091068,30.13299650213758,0.2002037845705968,0.03124999999999989,0.5543079766981138,0.005144365418564018,0.5652759842562435,-0.05157909253896014,0.02125215393452039,-0.047149894440534836,0.2497362603690166,-0.028523506397728673,0.44622842633020693,Advertising Agencies,Communication Services,OMC
2021Q2,2021,Q2,2021-07-20,2021-06-30,348200000.0,3571600000.0,568400000.0,1.6,725100000.0,0.20301825512375407,25654400000.0,3348800000.0,13658000000.0,13701600000.0,21817500000.0,1117600000.0,8523700000.0,17229846000.0,19182846000.0,15.546889507892294,0.9968178898814737,0.24717397405513283,1.893543956043956,0.039819323784817624,15.546889507892294,0.1039775441949355,4.824125321984544,12.370653360137851,5.145080625895843,0.4373923032739805,2.5469756621331423,0.008839312899256326,0.13921978296120743,0.8491271092427162,0.013572720469003367,111.37586296056884,0.20301825512375407,0.20300751879699247,0.17831512056756968,0.014533641944348802,0.6194818511003981,0.2283584617990852,0.2098679638637943,0.2213149978513107,0.006667798616879181,-0.02564354237640912,0.5189258811019092,Advertising Agencies,Communication Services,OMC
2021Q1,2021,Q1,2021-04-20,2021-03-31,287800000.0,3426900000.0,465400000.0,1.33,590300000.0,0.17225480755201494,25614300000.0,3211200000.0,13732100000.0,13471900000.0,21922600000.0,1138700000.0,8327500000.0,15986740000.000002,17912440000.0,14.894248608534323,1.0193142763826928,0.2663746422896585,2.1247508719481814,0.03070957187121007,14.894248608534323,0.08962381664175387,4.665073389944265,13.887022237665047,4.978431738913802,0.4867963863794302,2.49108632651269,0.008763512761200845,0.13378854780337546,0.855892635782629,0.01123591119023358,-33.777181491654346,0.17225480755201494,-0.27717391304347827,0.46690044649228307,0.09020347612312077,0.5047862201844822,-0.2331774486879709,-0.27706606380306453,-0.24288270701155035,0.16353365896287936,0.008089817468654965,0.30545843347723156,Advertising Agencies,Communication Services,OMC
2020Q4,2020,Q4,2021-02-18,2020-12-31,398100000.0,3757000000.0,614700000.0,1.84,769800000.0,0.204897524620708,27647200000.0,3084400000.0,15590100000.0,15525100000.0,24070300000.0,1101200000.0,8190600000.0,13440735000.0,14765435000.0,14.31276102088167,1.0041867685232302,0.25048467837611044,2.245234081182726,0.041462729930732016,14.31276102088167,0.12906886266372714,3.577517966462603,8.44055199698568,4.357649786019971,0.35167043456417985,2.7126770795495823,0.01041609703635999,0.13589079545125726,0.8640137583654856,0.014399288173847623,5.693779123951538,0.204897524620708,0.2689655172413794,0.3370314498501257,0.007422996266687167,0.4006942770394718,0.19108773015627417,0.2706670922438557,0.22596729158356602,0.6788644223613362,-0.034906780091790816,0.2653857779923682,Advertising Agencies,Communication Services,OMC
2020Q3,2020,Q3,2020-10-27,2020-09-30,313300000.0,3206500000.0,501400000.0,1.45,646300000.0,0.2015593326056448,23779500000.0,2638800000.0,11862400000.0,12163800000.0,20657600000.0,1174400000.0,7932600000.0,10662300000.0,14318000000.0,12.250696378830083,0.9752215590522698,0.29159570218044956,2.6277095649537667,0.03428123359449274,12.250696378830083,0.11872820979232984,3.325214408233276,8.508059368017873,4.040586630286494,0.4462176827322056,2.180006811989101,0.01311161756844208,0.13484303706974496,0.7873033098209441,0.013175213944784374,57.821583514099785,0.2015593326056448,14.181818181818182,0.47820806662577064,-0.023272547386049926,0.2023282321757371,2.2042637580565194,13.946280991735538,7.0224,0.2757251568525509,-0.07468668413339659,0.12283885145114581,Advertising Agencies,Communication Services,OMC
2020Q2,2020,Q2,2020-07-28,2020-06-30,-24200000.0,2800700000.0,62500000.0,-0.11,201700000.0,0.07201770985824972,22641100000.0,2413000000.0,10893100000.0,11330900000.0,19779700000.0,1158600000.0,7759300000.0,11733540000.0,15348740000.0,11.22847836202885,0.9613622924922116,0.30458767462711617,2.857936179030253,-0.0025713916502518373,11.22847836202885,-0.010029009531703274,4.189502624343914,-121.2142561983471,4.862635723166183,-5.8347107438016526,2.2432245813913343,0.012033878948723063,0.12369982023841598,0.756497718627823,-0.0010688526617523,99.6056027164686,0.07201770985824972,-1.092436974789916,-1.0877135115927734,-0.16262471569098172,0.037238536918563436,-0.6423758865248227,-1.0937621077101898,-0.8512613041408853,-1.0795401731105665,-0.20190489417526736,0.15514818839009634,Advertising Agencies,Communication Services,OMC
2020Q1,2020,Q1,2020-04-28,2020-03-31,258100000.0,3406900000.0,420200000.0,1.19,564000000.0,0.16554639114737738,23675900000.0,2447600000.0,11850100000.0,12857000000.0,20751300000.0,1313200000.0,7924500000.0,11891340000.0,14303140000.0,11.300092336103416,0.9216846853853932,0.2155905372129465,2.0854306259192676,0.035407121575874355,11.300092336103416,0.10545023696682465,3.4903695441603806,11.51815187911662,4.858367380290897,0.5490120108485084,2.1648644532439842,0.011916234839807792,0.14389738088098022,0.7299214435715953,0.010901380728926883,-11.731787687450671,0.16554639114737738,-0.37037037037037035,0.40415878983622816,0.11715208330072871,0.1652407414169835,-0.2950881139857518,-0.3780722891566265,-0.3499381188118812,0.1561156057179647,0.02860620049520809,0.2419196393000383,Advertising Agencies,Communication Services,OMC
2019Q4,2019,Q4,2020-02-11,2019-12-31,415000000.0,4141200000.0,646400000.0,1.89,800100000.0,0.19320486815415822,26783400000.0,2853900000.0,14584700000.0,15980900000.0,23409700000.0,1257600000.0,7806300000.0,17678564000.0,18517264000.0,13.079285059578368,0.9126332058895307,0.19207419521046618,1.802585935036266,0.05148672710707344,13.079285059578368,0.14541504607729774,4.268947165072926,10.64973734939759,6.194528189495077,0.3416867469879518,2.656727099236641,0.008021013471456166,0.15461815900893838,0.7595504633656427,0.01549467207300044,8.5705938818054,0.19320486815415822,0.43181818181818166,0.437266418997203,0.12649297691180508,0.1427164841526363,0.2732336091661362,0.43004824259131635,0.3657299809845764,0.2840571640440183,0.05816262132806935,0.4307358541120648,Advertising Agencies,Communication Services,OMC
2019Q3,2019,Q3,2019-10-15,2019-09-30,290200000.0,3623800000.0,473300000.0,1.32,628400000.0,0.1734091285391026,23653500000.0,2464100000.0,11600900000.0,13259800000.0,20666000000.0,1427900000.0,7533100000.0,17085060000.0,19762960000.0,11.292850595783685,0.8748925323157212,0.21638658126704294,2.0771478430258514,0.0392738194928657,11.292850595783685,0.11777119435087861,4.714680721894144,14.718349414197105,6.93359035753419,0.4896623018607857,2.0977659499964982,0.008317208133890077,0.15320354281607373,0.6782530656570989,0.01226879742955588,73.38943298969072,0.1734091285391026,-0.21428571428571422,0.3714318583924404,0.11349893820632638,-0.06558844097685597,-0.14989177489177488,-0.21715673050984624,-0.17500435767822903,0.24403259276594294,0.039979907594372636,0.1536308496230677,Advertising Agencies,Communication Services,OMC
2019Q2,2019,Q2,2019-07-17,2019-06-30,370700000.0,3719800000.0,573700000.0,1.68,739200000.0,0.19872036130974782,25042100000.0,2410200000.0,12802800000.0,15068100000.0,22082700000.0,1363500000.0,7384700000.0,18347580000.0,20983380000.0,10.975409836065573,0.8496625321042467,0.2209838631744143,2.296033524188864,0.04648848743064317,10.975409836065573,0.15380466351340139,4.932410344642185,12.373603992446721,7.612471994025392,0.39277043431346104,2.185991932526586,0.007935651459211514,0.1485418555153122,0.6735022995599976,0.014803071627379493,-154.31101766190076,0.19872036130974782,0.43589743589743596,0.3298995489954899,0.12112600859403924,-0.18644214911900017,0.2484377638912346,0.40843465045592703,0.33760783399393796,0.23046321012976115,0.036421925233756,0.14328187827371355,Advertising Agencies,Communication Services,OMC
2019Q1,2019,Q1,2019-04-16,2019-03-31,263200000.0,3468900000.0,428900000.0,1.17,592100000.0,0.17068811438784628,25211200000.0,2413300000.0,13072200000.0,14913100000.0,22241600000.0,1314400000.0,7157000000.0,16431984000.000002,18479484000.0,10.812275985663083,0.876558193802764,0.21804594783270928,2.2778767662536774,0.034382653530732166,10.812275985663083,0.109062279865744,4.736943699731904,15.607887537993923,6.808927195127004,0.5121580547112462,2.188679245283019,0.008203513343245709,0.13759360918956653,0.7035291119887884,0.010439804531319414,-38.86467360454116,0.17068811438784628,-0.33898305084745767,0.486781955018357,0.14980464660308754,-0.24661538042616515,-0.266840019811788,-0.3406813627254509,-0.3161670918367347,0.2958367797077473,0.06598839701637557,0.09237896718970316,Advertising Agencies,Communication Services,OMC
2018Q4,2018,Q4,2019-02-12,2018-12-31,399200000.0,4086700000.0,627200000.0,1.77,807600000.0,0.19761665891795335,24617000000.0,2547100000.0,13726900000.0,15270200000.0,21510100000.0,1161500000.0,7016100000.0,16449703999.999998,17689104000.0,11.340605520926092,0.8989338712001153,0.19871633424056545,1.9205370813866751,0.06232828216710197,11.340605520926092,0.15672725845078717,4.025180218758411,10.301668336673346,6.458208943504377,0.3376753507014028,2.8231597072750754,0.008194676329738212,0.1660112930088963,0.7415750939738838,0.01621643579640086,8.74333156160306,0.19761665891795335,0.3409090909090909,0.5330215693412049,0.16173660616061067,-0.1797814620165391,0.18468534545987972,0.3355637336901974,0.2486561815648019,0.28640435160429967,0.05143140691330669,0.10982927949040201,Advertising Agencies,Communication Services,OMC
2018Q3,2018,Q3,2018-10-16,2018-09-30,298900000.0,3714300000.0,502300000.0,1.32,681700000.0,0.1835339094849635,22487600000.0,2381700000.0,11575300000.0,13280100000.0,19541900000.0,1359200000.0,6751700000.0,15304384000.0,18073784000.0,10.594750889679716,0.8716274726846936,0.21649709173055373,2.0441281437628587,0.051354272676041327,10.594750889679716,0.1254985934416593,4.120395229249119,12.800588825694213,6.42582357139858,0.4536634325861492,2.23116539140671,0.008860206330421401,0.1651710275885377,0.6714407271029585,0.013291769686404952,49.705696654758036,0.1835339094849635,-0.17500000000000002,0.751579181494662,0.2222196648656419,-0.18104221785010247,-0.11132837961152392,-0.17929708951125756,-0.13738622703074016,0.3512959655460098,0.08409794359316348,0.039807674079946384,Advertising Agencies,Communication Services,OMC
2018Q2,2018,Q2,2018-07-17,2018-06-30,364200000.0,3859600000.0,582300000.0,1.6,767100000.0,0.19875116592392994,22169500000.0,2321400000.0,11230100000.0,12617900000.0,19310600000.0,1353500000.0,6587700000.0,17298036000.0,20272336000.0,10.235449735449736,0.8900133936708962,0.2204650533390469,2.105453605582838,0.059932563533031794,10.235449735449736,0.15688808477642802,4.481820914084361,11.873995057660625,7.4515533729645895,0.38220757825370677,2.2848171407462137,0.00804715633612972,0.1740950404835472,0.6878482156301762,0.016427975371569047,-3034.7431578947367,0.19875116592392994,0.40350877192982476,0.4294295035227678,0.205786355112723,-0.13680158496403538,0.2860016764459346,0.37902309731162437,0.38083945933127816,0.2507901110959409,0.0934255300008329,-0.054493176546221773,Advertising Agencies,Communication Services,OMC
2018Q1,2018,Q1,2018-04-17,2018-03-31,264100000.0,3629600000.0,421700000.0,1.14,596500000.0,0.16434317831165968,23513100000.0,2626400000.0,12338500000.0,13598800000.0,20296300000.0,1378000000.0,6360100000.0,16728634000.0,19054134000.0,11.409209383145091,0.9073227049445539,0.20812228077114459,1.863234846177277,0.042476778395286,11.409209383145091,0.1005558939993908,4.608946991404012,15.83551117001136,6.369415930551325,0.5259371450208254,2.2010885341074022,0.008303128635607664,0.15436501354564053,0.7183575021325411,0.011232036609379452,-25.462152207001523,0.16434317831165968,0.04587155963302736,0.45994981998990986,0.2107530368528542,-0.061547493302805165,-0.2646696252465483,0.03812893081761006,-0.3199483954200935,0.351916138878259,0.1198627855624719,0.17649265202215977,Advertising Agencies,Communication Services,OMC
2017Q4,2017,Q4,2018-02-15,2017-12-31,254400000.0,4176500000.0,620100000.0,1.09,811200000.0,0.19422961810128098,24931200000.0,2615100000.0,14116000000.0,15108900000.0,21779000000.0,1110600000.0,6210600000.0,16838296000.0,17966996000.0,11.31098615916955,0.934283766521719,0.19753160698241562,1.8831784635386792,0.040943455264985607,11.31098615916955,0.09728117471607205,4.031676283969831,16.547067610062893,6.438872700852739,0.5003930817610063,3.030163875382676,0.007560147416341891,0.1675210178410987,0.7863047607701421,0.01020408163265306,7.897146609136104,0.19422961810128098,-0.035398230088495415,-0.06483128811890232,0.19525946907927397,-0.1469696637935585,0.2829353155147873,-0.03490136570561457,0.33584661783713915,-0.16847903135189632,0.07221452297411741,-0.011776998725186685,Advertising Agencies,Communication Services,OMC
2017Q3,2017,Q3,2017-10-17,2017-09-30,263600000.0,3719500000.0,464200000.0,1.13,632300000.0,0.16999596719989246,22207500000.0,2522500000.0,11417400000.0,12621200000.0,19165900000.0,1458100000.0,6095100000.0,17124983999.999998,20248084000.0,10.910467128027681,0.9046207967546668,0.22362265000562873,1.9687215064420218,0.042403166711598536,10.910467128027681,0.10449950445986125,4.604109154456244,16.241449165402123,6.788893557978196,0.48254931714719274,2.1172759070022633,0.0074277441660675425,0.16748846110548238,0.7049012772161126,0.011869863784757401,127.22870728083208,0.16999596719989246,-0.1928571428571429,0.4907351625992115,0.2590290078063404,-0.13394553196802836,-0.16472919418758256,-0.1978088861838101,-0.17913351016799292,0.17568004859618894,0.07864135265547118,-0.0972282407971039,Advertising Agencies,Communication Services,OMC
2017Q2,2017,Q2,2017-07-20,2017-06-30,328600000.0,3790100000.0,565500000.0,1.4,757000000.0,0.1997308778132503,22163400000.0,2256100000.0,11505100000.0,12863700000.0,19404400000.0,1401600000.0,5958800000.0,19241090000.0,22356390000.0,9.72037914691943,0.8943849747739764,0.22330960051255674,2.1937414121714465,0.05333270167840607,9.72037914691943,0.1456495722707327,5.076670800242738,14.638686853317102,8.528473915163335,0.3953134510042605,2.1640268264840183,0.006751176778446543,0.1710071559417779,0.7009802778360814,0.014826245070702149,-112.19294460641399,0.1997308778132503,0.37254901960784303,0.34715910329199257,0.23354737842254647,-0.20034802577408273,0.280446549391069,0.358974358974359,0.379604781654062,0.11537525974139536,0.08079344426011294,-0.2794719389402662,Advertising Agencies,Communication Services,OMC
2017Q1,2017,Q1,2017-05-10,2017-03-31,241800000.0,3587400000.0,409900000.0,1.02,591200000.0,0.16479901878798014,22237300000.0,2134600000.0,11728800000.0,13070100000.0,19570800000.0,1349700000.0,5758200000.0,20224866000.0,22725766000.0,9.098891730605285,0.897376454656047,0.22228867713256556,2.315703176239108,0.0410232767120196,9.098891730605285,0.11327649208282582,5.637750459943135,20.9107382133995,9.47478028670477,0.5409429280397022,2.219900718678225,0.006467286359276745,0.16132354197676876,0.7102164482291643,0.010873622247305204,-88.93960422163589,0.16479901878798014,-0.3061224489795918,0.37677284352476176,0.2636239155683124,-0.30518940766291586,-0.25663271721363007,-0.30973451327433627,-0.31898986542615054,0.2995227161000866,0.13130124564741988,-0.3660016545919513,Advertising Agencies,Communication Services,OMC
2016Q4,2016,Q4,2017-02-09,2016-12-31,350300000.0,4241800000.0,601900000.0,1.47,795300000.0,0.18749115941345657,23165400000.0,2162000000.0,12722000000.0,14010900000.0,20505800000.0,1125400000.0,5677200000.0,20128515000.0,22075615000.0,9.141649048625792,0.9080073371446516,0.21365053053260466,2.289222941720629,0.05709956741965391,9.141649048625792,0.1620259019426457,4.745276769296053,14.36519768769626,9.31013644773358,0.3745361119040822,3.062466678514306,0.006518116214733179,0.18310929230662973,0.7518146585872428,0.015121690106797207,12.989490836344864,0.18749115941345657,0.3867924528301886,0.4888104770517081,0.27224554009645524,-0.28704372200170386,0.2617801047120419,0.380220646178093,0.3284043257559038,0.2775457951765511,0.14515351621294775,-0.33882278123633797,Advertising Agencies,Communication Services,OMC
2016Q3,2016,Q3,2016-10-19,2016-09-30,253800000.0,3791100000.0,453100000.0,1.06,630300000.0,0.1662578143546728,21401900000.0,2323900000.0,10831900000.0,11960600000.0,18575200000.0,1355000000.0,10593300000.0,20179000000.0,23274900000.0,9.788963774220724,0.9056318244904101,0.23514267424854804,2.1655406859159174,0.04147127002209802,9.788963774220724,0.10921296097078187,5.322729550790008,19.87687155240347,8.683247988295538,0.5173364854215918,2.3326937269372694,0.006506764458100005,0.177138478359398,0.7071635202247379,0.011858760203533332,29.45409429280397,0.1662578143546728,-0.22058823529411767,0.45430802272532694,0.3088465300249684,-0.2130318376939298,-0.15475392248893657,-0.22171113155473782,-0.19348522605909577,0.4083515293227654,0.1812807346743424,-0.24332830988121099,Advertising Agencies,Communication Services,OMC
2016Q2,2016,Q2,2016-07-19,2016-06-30,326100000.0,3884900000.0,561800000.0,1.36,745700000.0,0.19194831269788154,20935200000.0,2281900000.0,10314200000.0,11540800000.0,18162100000.0,1365100000.0,10470700000.0,19370173000.0,23098373000.0,9.599915860328144,0.8937162068487453,0.24045148840230807,2.2060125334151364,0.05185363620129992,9.599915860328144,0.1429072264341119,4.986015856263997,14.849871971787794,8.488616065559402,0.370131861392211,2.299611750054941,0.006231229839816093,0.18556784745309335,0.6896662276445307,0.015576636478275823,576.4932440476191,0.19194831269788154,0.5111111111111112,0.38985020477504106,0.3061283858865292,-0.24725078066751435,0.2982242339832869,0.49313186813186816,0.4327977556745728,0.2212018894369836,0.15803525190832465,-0.19039882278804762,Advertising Agencies,Communication Services,OMC
2016Q1,2016,Q1,2016-05-10,2016-03-31,218400000.0,3499100000.0,392100000.0,0.9,574400000.0,0.16415649738504187,21067700000.0,2375500000.0,10545400000.0,12939400000.0,18160400000.0,1361500000.0,10275900000.0,19975200000.0,22879600000.0,9.897916666666667,0.8149836932160688,0.2207977140361786,1.958198274047569,0.037488926955259565,9.897916666666667,0.0919385392548937,5.70866794318539,22.865384615384617,8.408840244159125,0.5595238095238095,2.1481454278369445,0.006117585806399936,0.16608837224756381,0.623784719538773,0.01036658012027891,-39.74373259052925,0.16415649738504187,-0.34861278648974664,0.27823675086676586,0.312083848993537,-0.2035836217821407,-0.4447559207346544,-0.3413751507840772,-0.31867940920938315,0.15802047781569972,0.11955963694136346,-0.18585728467429322,Advertising Agencies,Communication Services,OMC
2015Q4,2015,Q4,2016-02-09,2015-12-31,331600000.0,4153300000.0,575500000.0,1.3816666666666666,1034500000.0,0.24907904557821492,22110700000.0,2452400000.0,11980500000.0,14219600000.0,19221300000.0,1122700000.0,10178200000.0,18158400000.0,20124000000.0,10.218333333333334,0.8425342485020676,0.2067234415916276,1.8638068830533354,0.05506452369280837,10.218333333333334,0.13521448377099984,4.37204150916139,13.689987937273823,7.404338607078779,0.3703256936067551,2.7779460229803155,0.006762710370957795,0.1878411809666813,0.692044783256913,0.014997263768220815,10.84472049689441,0.24907904557821492,0.42439862542955326,0.5896173089925624,0.36829936619456527,-0.1906383652190104,0.18363844393592677,0.3857083159214375,0.3436843334111604,0.17425919895799402,0.1450372027582011,-0.2293732662968099,Advertising Agencies,Communication Services,OMC
2015Q3,2015,Q3,2015-10-20,2015-09-30,239300000.0,3706600000.0,428300000.0,0.97,874000000.0,0.2357956078346733,20457300000.0,2478000000.0,10252800000.0,12386900000.0,17553700000.0,1455300000.0,9968800000.0,16026880000.000002,19214680000.0,10.189144736842104,0.8277131485682455,0.22560650721258427,1.8625100887812753,0.04054631286709186,10.189144736842104,0.09656981436642453,4.3238763287109485,16.74350188048475,6.46766747376917,0.5156707062264939,1.9464028035456606,0.007699564731251497,0.18118715568525662,0.6251685248125035,0.011697535842950926,35.30927517074246,0.2357956078346733,-0.23015873015873017,0.6867146051877975,0.5232810780896843,-0.259299762038074,-0.13942497046081134,-0.23765530423701817,-0.20479019680653546,0.28653630843292627,0.1927547473634771,-0.19120288607095065,Advertising Agencies,Communication Services,OMC
2015Q2,2015,Q2,2015-07-21,2015-06-30,313900000.0,3805300000.0,538600000.0,1.26,1015600000.0,0.2668909153023415,20775500000.0,2646800000.0,10500400000.0,12548800000.0,17691500000.0,1511300000.0,9852200000.0,16990304999.999998,20201405000.0,10.825357873210635,0.8367652683921969,0.21983105099756925,1.7255176061659363,0.0501742502404419,10.825357873210635,0.11859604050173794,4.464905526502509,13.53162233195285,6.419187320538007,0.39598598279706915,1.8458942632170978,0.0073159369416852735,0.1831628600996366,0.6266495601173021,0.01510914298091502,144.5983404255319,0.2668909153023415,0.5180722891566266,0.5951755724164248,0.5470459136919099,-0.13133923895851812,0.1970768505421971,0.501195600191296,0.4259994704792163,0.2216278465830876,0.17568328558244875,-0.10944638432561828,Advertising Agencies,Communication Services,OMC
2015Q1,2015,Q1,2015-04-21,2015-03-31,209100000.0,3469200000.0,377700000.0,0.83,848400000.0,0.24455205811138014,20071000000.0,2389500000.0,9904900000.0,11021200000.0,17238300000.0,1410300000.0,9661700000.0,19214272000.0,22291272000.0,9.697646103896103,0.8987133887416978,0.2293707338946739,1.926637371835112,0.036289426010095396,9.697646103896103,0.08750784682988073,5.538531073446328,22.972587278813965,8.041126595522076,0.6035389765662362,1.8583280153158903,0.006568034427742044,0.17284639529669674,0.6689380466736834,0.010418016043047183,-69.5665170166546,0.24455205811138014,-0.3615384615384616,0.5912925813476609,0.4773879202988791,-0.24234821606564175,-0.21137757947573899,-0.365402124430956,-0.3481187435277874,0.13356735822828203,0.16346862175408128,-0.25946725895646694,Advertising Agencies,Communication Services,OMC
2014Q4,2014,Q4,2015-02-10,2014-12-31,329500000.0,4195100000.0,579400000.0,1.3,1075800000.0,0.2564420395222998,21559700000.0,2850000000.0,11190500000.0,12061100000.0,18238400000.0,1166600000.0,9576900000.0,19290030000.0,21472130000.0,11.44578313253012,0.9278175290810954,0.21197883087427005,1.603578947368421,0.0521887502612802,11.44578313253012,0.1156140350877193,4.5982288860813805,14.635834597875569,6.768431578947368,0.3863429438543247,2.673838505057432,0.0065992639721140925,0.1945806296005974,0.7391531452355092,0.015283144014063275,14.093687440637101,0.2564420395222998,0.36842105263157904,0.766697290250326,0.5806734070829216,-0.1639677811082223,0.14886800512601453,0.35151763740771125,0.3362546125461255,0.3301067454813739,0.19507418445877261,-0.10734453953129522,Advertising Agencies,Communication Services,OMC
2014Q3,2014,Q3,2014-10-21,2014-09-30,243800000.0,3749600000.0,433600000.0,0.95,936400000.0,0.2497333048858545,19968600000.0,3038300000.0,9567200000.0,11075300000.0,16457200000.0,1528000000.0,9373600000.0,17311404000.0,20284204000.0,12.08552108194113,0.8638321309580779,0.19082459461354326,1.254155284204983,0.04215443724391446,12.08552108194113,0.08024224072672217,4.616866865799018,17.75164479081214,5.697727018398447,0.5287120590648072,1.8410994764397905,0.007445958744882853,0.1877748064461204,0.6307729813187904,0.012209168394379175,99.6053164556962,0.2497333048858545,-0.22764227642276424,0.8071908423937063,0.6220506578441248,-0.0756210360405898,-0.1299823469292948,-0.25030750307503075,-0.20933625091174327,0.31920996958026704,0.22242962848552125,-0.028403768189077642,Advertising Agencies,Communication Services,OMC
2014Q2,2014,Q2,2014-07-22,2014-06-30,325200000.0,3870900000.0,548400000.0,1.23,1076300000.0,0.27804903252473584,21219400000.0,3456300000.0,10546500000.0,11811100000.0,17270800000.0,1462900000.0,9257100000.0,18246564000.0,20774864000.0,13.490632318501172,0.892931225711407,0.19147572504406346,1.1755345311460232,0.050218019237128146,13.490632318501172,0.09408905476955125,4.713778191118345,14.027186346863468,5.279218817810953,0.32564575645756455,1.9103151274864993,0.00580383243661656,0.18242268867168723,0.6810373292919373,0.015325598273278226,94.15151702786378,0.27804903252473584,0.5974025974025974,0.6755687735922893,0.6215737881131084,0.07694359822003144,0.22390266090516261,0.5824817518248175,0.43297622158348575,0.2859313666650492,0.20744687566440254,0.057828328268935275,Advertising Agencies,Communication Services,OMC
2014Q1,2014,Q1,2014-04-22,2014-03-31,205500000.0,3502200000.0,382700000.0,0.77,879400000.0,0.2510993090057678,21087900000.0,3718500000.0,10576600000.0,11448300000.0,16881600000.0,1488600000.0,9060800000.0,18810660000.0,20767760000.0,14.351601698186029,0.9238576906614956,0.19154112073748453,1.0862444534086324,0.03263896732872974,14.351601698186029,0.05526421944332392,5.371098166866541,22.884014598540144,5.058668818071803,0.5153284671532846,1.7619239553943302,0.005629786514667748,0.16607628071073932,0.7071530270869911,0.009744924814704167,-39.78565989847716,0.2510993090057678,-0.3358621837549933,0.48259875486691733,0.5132937384455932,0.32474335010122285,-0.1586299272866437,-0.3159121171770972,-0.30557067682816186,0.11407472316734758,0.21643808195751374,0.1547733761577364,Advertising Agencies,Communication Services,OMC
2013Q4,2013,Q4,2014-02-12,2013-12-31,300400000.0,4058100000.0,551100000.0,1.1593979158626013,1045200000.0,0.25755895616175056,22098700000.0,3582400000.0,11652300000.0,12277700000.0,18030800000.0,1288000000.0,8961200000.0,19269267000.0,20598467000.0,13.826321883442686,0.9490621207555161,0.1828026082982257,1.1276518535060294,0.04737233404423973,13.826321883442686,0.08385439928539526,4.748347009684335,16.03634071238349,5.37887086869138,0.3521970705725699,2.3392080745341617,0.005490608438816069,0.18363523646187332,0.7624636536159053,0.013593559802160309,14.16441267274331,0.25755895616175056,0.5667539403548667,0.31555298571125423,0.4285326450362181,0.20687918109419376,0.14693295292439373,0.5326530612244897,0.4525566684238271,0.3338955332196094,0.23838133364082045,0.0951389152756167,Advertising Agencies,Communication Services,OMC
2013Q3,2013,Q3,2013-10-17,2013-09-30,196000000.0,3490500000.0,379400000.0,0.74,911300000.0,0.2610800744878957,20870800000.0,3340300000.0,10465400000.0,11235400000.0,17062800000.0,1328300000.0,8766700000.0,16380208000.0,18912708000.0,12.93687064291247,0.9314666144507538,0.19424267397512313,1.2136634434032871,0.03359678641195167,12.93687064291247,0.058677364308595034,4.692797020484171,20.893122448979593,4.903813429931443,0.5403061224489796,1.941730030866521,0.006465119368447581,0.1672432297755716,0.7220214678605124,0.009391111025930966,68.50777080719364,0.2610800744878957,-0.32110091743119273,0.09849374958296708,0.2600555585375756,0.09220657591069727,-0.12223078404931613,-0.3229706390328152,-0.2745697896749522,0.3012546992439506,0.3511367324080324,-0.05955372985919981,Advertising Agencies,Communication Services,OMC
2013Q2,2013,Q2,2013-07-18,2013-06-30,289500000.0,3637000000.0,523000000.0,1.09,1038200000.0,0.2854550453670608,20525000000.0,3055700000.0,10288200000.0,11227100000.0,17015700000.0,1258100000.0,8676500000.0,16162944000.0,18813644000.0,11.857586340706247,0.9163719927675,0.1973495736906212,1.325588244919331,0.04863209208065049,11.857586340706247,0.09474097588114017,4.444031894418477,13.957637305699482,5.289440717347907,0.368566493955095,2.0656545584611714,0.006601520119107015,0.1771985383678441,0.717157591898175,0.014104750304506699,65.86366748166259,0.2854550453670608,0.43421052631578955,0.16182175319381292,0.28878482010316253,-0.11666267874842016,0.1998150930313186,0.4115065821550463,0.4070486951842884,0.3958224777948914,0.40288492313886065,-0.048509980411568454,Advertising Agencies,Communication Services,OMC
2013Q1,2013,Q1,2013-04-22,2013-03-31,205100000.0,3398900000.0,371700000.0,0.76,865300000.0,0.2545823648827562,20908300000.0,3173100000.0,10601200000.0,10943300000.0,17250200000.0,1188900000.0,8492900000.0,15367680000.0,17754180000.0,12.157471264367816,0.9687388630486233,0.21323110917673843,1.4050297816015884,0.03262816114634125,12.157471264367816,0.06463710566953453,4.521368678101739,18.73193564115066,4.8431124137279005,0.0,2.131045504247624,0.0,0.16256223604979841,0.7679127868193324,0.009809501489838963,-61.99144816458249,0.2545823648827562,-0.3540866167372192,0.2089596224630857,0.30852414712132886,-0.03304925437238035,-0.18012128103088876,-0.3321393682839466,-0.3217153284671533,0.47353977030252714,0.36648160394688484,-0.05016849523119512,Advertising Agencies,Communication Services,OMC
2012Q4,2012,Q4,2013-02-19,2012-12-31,307100000.0,3944600000.0,548000000.0,1.1766283524904215,1055400000.0,0.2675556456928459,22151900000.0,3460800000.0,11661400000.0,11875800000.0,18195600000.0,1008400000.0,8394400000.0,13039560000.0,14816560000.0,13.259770114942528,0.9819464793950723,0.20112495993571658,1.2873613037447988,0.05051848704692869,13.259770114942528,0.08873670827554322,3.3056735790701213,10.615076522305438,3.7677877947295424,0.5288179746011071,2.8651328837762793,0.012454407970821101,0.1780705041102569,0.8131746913892117,0.013863370636378821,12.033554817275748,0.2675556456928459,0.5900383141762453,0.20391399277305272,0.33830694904317055,0.040498127475890947,0.18477772788504715,0.5061304561059343,0.41492383165504776,0.5708885716909157,0.417952358460572,-0.031469065696006805,Advertising Agencies,Communication Services,OMC
2012Q3,2012,Q3,2012-10-18,2012-09-30,203900000.0,3406600000.0,387300000.0,0.74,890800000.0,0.26149239711148947,20798000000.0,3358600000.0,10397100000.0,10702200000.0,16754600000.0,700200000.0,8168100000.0,13777888000.0,16283688000.0,12.597899474868717,0.971491842798677,0.21454466775651504,1.3285595188471386,0.03258204257975095,12.597899474868717,0.06070981956767701,4.0444689719955385,16.89294752329573,4.102271184422081,0.40166748406081415,3.5929734361610968,0.005944307284251403,0.1637945956341956,0.7692810823942741,0.009803827291085681,142.18666666666667,0.26149239711148947,-0.27450980392156865,0.23357452168680168,0.34367017031294,0.06117229149268865,-0.12640972835147593,-0.2787407145383799,-0.23518957345971564,0.4252553174525515,0.38965099676385123,-0.036431016446207706,Advertising Agencies,Communication Services,OMC
2012Q2,2012,Q2,2012-07-20,2012-06-30,282700000.0,3561000000.0,506400000.0,1.02,1019700000.0,0.286352148272957,20106500000.0,3269900000.0,9857500000.0,10689800000.0,16162700000.0,698700000.0,8045800000.0,13073400000.0,15347000000.0,12.155762081784387,0.9221407322868529,0.19590182279362395,1.2045934126425886,0.04612644401981648,12.155762081784387,0.086455243279611,3.6712721145745575,11.561195613724797,3.9981039175509956,0.29607357622921826,3.6371833404894804,0.006402313093762908,0.17710690572700372,0.7223240846414339,0.014060129808768309,144.2980132450331,0.286352148272957,0.41666666666666674,0.23638749269336026,0.37850092218186043,0.07356631566107795,0.16817504868828045,0.3817204301075269,0.3969655172413793,0.38728079815751004,0.42076936016667843,-0.029617749087247115,Advertising Agencies,Communication Services,OMC
2012Q1,2012,Q1,2012-04-17,2012-03-31,204600000.0,3307300000.0,362500000.0,0.72,872900000.0,0.26393130348018023,19823500000.0,3579000000.0,9620500000.0,10867200000.0,15543000000.0,708700000.0,7844700000.0,13842645000.0,15532845000.0,13.09549945115258,0.885278636631331,0.16106641107776123,0.8921207041072925,0.035975776729757325,13.09549945115258,0.05716680637049455,4.185482115320655,16.914277859237536,3.867740989103101,0.3411534701857282,3.435021871031466,0.005042388936507438,0.16683733952127525,0.6847117932862191,0.01032108356243852,-300.274295010846,0.26393130348018023,-0.276292754689224,0.34887906677943537,0.4046948281709163,0.18573580246146976,-0.12543833283238154,-0.24751746965796248,-0.25625769388592534,0.39941078143194136,0.35482644024189414,0.20879719065512511,Advertising Agencies,Communication Services,OMC
2011Q4,2011,Q4,2012-02-17,2011-12-31,271900000.0,3852900000.0,487400000.0,0.9948774240761068,998100000.0,0.25905162345246435,20505400000.0,3504300000.0,10421500000.0,11671000000.0,16323500000.0,640300000.0,7724100000.0,12183714000.0,13595614000.0,12.822173435784851,0.8929397652300574,0.15571995669433417,0.9111948177952801,0.04781051237409631,12.822173435784851,0.0775903889507177,3.1622191076851203,11.202385068039721,3.476789658419656,0.257815373299007,4.458535061689833,0.005753582199976132,0.18789684668428805,0.7229029217719133,0.013259921776702722,9.797920386007238,0.25905162345246435,0.38177420010570395,0.18340788031641486,0.4453171797433832,0.09210130576150422,0.1391234877881762,0.33480608738340695,0.30530262453133367,0.12887382990185545,0.2858281911243195,0.11922854874072938,Advertising Agencies,Communication Services,OMC
2011Q3,2011,Q3,2011-10-20,2011-09-30,203700000.0,3380900000.0,373400000.0,0.72,876200000.0,0.25916176166109617,18936000000.0,3446800000.0,8974700000.0,10200900000.0,14829700000.0,799100000.0,7522000000.0,10208364000.0,12509364000.0,12.438830747022735,0.8797949200560735,0.1690747782002535,0.9288615527445747,0.0369053490605254,12.438830747022735,0.059098294069861904,3.019422047383833,12.528674521354935,2.961693164674481,0.3426607756504664,3.1344012013515203,0.0068375304799084356,0.17854351499788762,0.6747835975257085,0.010757287705956908,44.38419130434782,0.25916176166109617,-0.25,0.40021652694550996,0.48354811170641565,0.13799962966914153,-0.13640843682239306,-0.2595419847328244,-0.23499282933825036,0.06378107526184128,0.1372451404912698,0.05015912375852929,Advertising Agencies,Communication Services,OMC
2011Q2,2011,Q2,2011-07-21,2011-06-30,275100000.0,3487400000.0,488100000.0,0.96,1014600000.0,0.2909330733497735,19156700000.0,3554300000.0,9034400000.0,10354800000.0,14920800000.0,782400000.0,7388400000.0,13422192000.0,15648992000.0,12.753139576605669,0.8724842585081315,0.1677272181534398,0.9040036012716991,0.04736299016967626,12.753139576605669,0.0773992065948288,3.8487675632276193,12.197557251908396,3.776325014770841,0.25917848055252635,3.160531697341513,0.005312098053730717,0.18204596825131678,0.6744987831730213,0.014360510943951724,-105.10722004698512,0.2909330733497735,0.39130434782608703,0.3805355016362474,0.5130529312014142,0.19816831135750657,0.38417462482946796,0.362555720653789,0.5153678981682708,0.020843048635533313,0.14265815667943765,-0.04994795505107935,Advertising Agencies,Communication Services,OMC
2011Q1,2011,Q1,2011-04-29,2011-03-31,201900000.0,3151300000.0,322100000.0,0.69,733000000.0,0.23260241804969378,19168500000.0,3524600000.0,9165900000.0,10396900000.0,14969700000.0,803100000.0,7183000000.0,13913416000.0,15580516000.0,12.428067700987306,0.8815993228750878,0.16586065680674023,0.9020314361913409,0.035803045165166344,12.428067700987306,0.05728309595415083,4.4151353409703935,17.228103021297674,3.947516313907961,0.2867756315007429,3.0112065745237206,0.004161451077147409,0.16439992696350783,0.6721811309140224,0.010532905548164958,-64.41396296296297,0.23260241804969378,-0.20615010141987838,0.5147195609620423,0.5285389567429869,0.16237032124873552,-0.18474029585140697,-0.18093306288032454,-0.2672884440400364,0.09525876072273584,0.11652225595483132,-0.011527227261342069,Advertising Agencies,Communication Services,OMC
2010Q4,2010,Q4,2011-02-23,2010-12-31,246500000.0,3586800000.0,439600000.0,0.8691819464033851,899100000.0,0.2506691201070592,19566100000.0,3580500000.0,10194100000.0,11023100000.0,15471900000.0,707600000.0,7052500000.0,12988880000.0,13876380000.0,12.625176304654444,0.9247942956155709,0.1623317881437793,0.8870828096634549,0.04280477791596272,12.625176304654444,0.0688451333612624,3.6213003234080516,13.173306288032453,3.6276721128334026,0.24543610547667344,3.7983323911814586,0.00465783039030309,0.18331706369690434,0.7508958459961353,0.012598320564650083,9.351918784649722,0.2506691201070592,0.5248806077252371,0.21311507824269346,0.5169347302088938,0.12741798205256144,0.14710385302373055,0.4117983963344788,0.39955428207577204,-0.11066199847562203,0.11993857720339919,-0.009298638651181875,Advertising Agencies,Communication Services,OMC
2010Q3,2010,Q3,2010-10-22,2010-09-30,174600000.0,2994600000.0,314100000.0,0.57,783800000.0,0.2617377946971215,18282700000.0,4117200000.0,9132300000.0,9784200000.0,13682800000.0,750600000.0,6863900000.0,11816364000.0,13347764000.0,13.75609756097561,0.9333721714601092,0.1761610703014325,0.7822549305353153,0.028215572999483355,13.75609756097561,0.04240746138152142,3.945890603085554,16.91919243986254,2.8699999999999997,0.34822451317296677,2.945377031707967,0.005145406827345536,0.16379418794816958,0.737433821876086,0.009550011759751021,65.97634840871022,0.2617377946971215,-0.27848101265822794,0.2963581678585842,0.4250482605750304,0.28862180600603166,-0.11714350078846587,-0.28236744759556104,-0.2438613384689456,-0.05909487803886602,0.052116380610022044,0.1587320251203699,Advertising Agencies,Communication Services,OMC
2010Q2,2010,Q2,2010-07-26,2010-06-30,243300000.0,3041200000.0,415400000.0,0.79,887800000.0,0.29192424043140863,16329200000.0,3767300000.0,7454800000.0,9219600000.0,12119600000.0,711100000.0,6749800000.0,10368890000.0,12042590000.0,12.462123718160768,0.8085817172111588,0.13518114788232125,0.5859368778700926,0.045883587272874664,12.462123718160768,0.0645820614233005,3.409473234249638,10.654428688861486,2.7523398720569103,0.2527743526510481,3.0282660666572916,0.005931203822202763,0.18624304926144575,0.6164801075968589,0.014899688900864709,149.40763688760808,0.29192424043140863,0.5192307692307693,0.2981123202832022,0.40066587158517125,0.19202233815677544,0.1718585005279831,0.488984088127295,0.4274914089347079,-0.0531415999849844,0.04759689355409746,0.10062340439082139,Advertising Agencies,Communication Services,OMC
2010Q1,2010,Q1,2010-04-23,2010-03-31,163400000.0,2920000000.0,291000000.0,0.52,757600000.0,0.25945205479452055,16829500000.0,3921800000.0,7851000000.0,9235100000.0,12448900000.0,673900000.0,6567300000.0,11891384000.0,13236184000.0,12.799608355091383,0.8501261491483579,0.1334085979975638,0.5724922229588454,0.031151314028796232,12.799608355091383,0.04166454179203427,4.072391780821918,18.193671970624234,3.032124024682544,0.28702570379436965,3.208784686155216,0.003944032082388391,0.17350485754181647,0.6597329752790982,0.009709141685730414,-39.232543714945564,0.25945205479452055,-0.30576034858387796,0.30070687224916076,0.4557706632483982,0.21956984463633694,-0.14943303020096554,-0.2880174291938998,-0.27177177177177175,-0.039117445640542654,0.10622155038771096,0.15894425720288488,Advertising Agencies,Communication Services,OMC
2009Q4,2009,Q4,2010-02-19,2009-12-31,229500000.0,3265800000.0,399600000.0,0.7490208877284595,890700000.0,0.2727356237369098,17920700000.0,4194800000.0,8788500000.0,10082500000.0,13253200000.0,607600000.0,6465400000.0,11995560000.0,12666260000.0,13.690600522193211,0.8716588147780808,0.12598280201108217,0.5382139792123581,0.041113833101317845,13.690600522193211,0.054710594068847145,3.673084695939739,13.067058823529411,2.8596262038714597,0.20392156862745098,3.9089861751152073,0.00390144353410762,0.18223618497045316,0.7110240515745103,0.012806419392099639,9.663707403528559,0.2727356237369098,0.41324695797822547,0.16256013701361782,0.40277940647422417,0.2321210548889886,0.13076044179256063,0.3858695652173913,0.35549525101763907,-0.10903876235546435,0.09273759027405805,0.1660677327307691,Advertising Agencies,Communication Services,OMC
2009Q3,2009,Q3,2009-10-26,2009-09-30,165600000.0,2837600000.0,294800000.0,0.53,787700000.0,0.2775937411897378,16201400000.0,4034700000.0,7109700000.0,8605000000.0,11729400000.0,669000000.0,6282800000.0,11399684000.0,13215084000.0,13.074206092028517,0.8262289366647299,0.1489254015085116,0.5980122437851637,0.030161114133727716,13.074206092028517,0.0410439437876422,4.017368198477587,17.209667874396132,2.8254105633628273,0.2826086956521739,3.0641255605381166,0.004105376956062993,0.17514535780858445,0.6305403834979663,0.010221338896638562,36.351033163265306,0.2775937411897378,-0.2933333333333333,0.3585239987885704,0.45855571559466624,0.31946607123249493,-0.08289672837350098,-0.29048843187660667,-0.25948254207485555,0.022127579769550036,0.11804964799560931,0.19612863890021803,Advertising Agencies,Communication Services,OMC
2009Q2,2009,Q2,2009-08-06,2009-06-30,233400000.0,2870700000.0,398100000.0,0.75,858900000.0,0.2991953182150695,15885400000.0,3859500000.0,6899800000.0,8328900000.0,11604600000.0,614100000.0,6164000000.0,9729798000.0,11787498000.0,12.526777020447906,0.8284167176938131,0.1547080967429212,0.6367664205207928,0.04129263127396015,12.526777020447906,0.060474154683249126,3.3893468492005434,10.421805912596401,2.5209996113486204,0.20051413881748073,3.2760136785539813,0.004809966250070146,0.1807131076334244,0.6426058663208827,0.014692736726805745,32.67225654801881,0.2991953182150695,0.4150943396226414,0.37735682139723803,0.4500767973645049,0.28585026909316524,0.1720796943231441,0.4188449848024316,0.4097025495750708,0.059505245220504745,0.12664070416423215,0.17690135665690546,Advertising Agencies,Communication Services,OMC
2009Q1,2009,Q1,2009-04-29,2009-03-31,164500000.0,2746600000.0,282400000.0,0.53,732800000.0,0.2668025922959295,15560700000.0,3331300000.0,6939900000.0,8291800000.0,11834900000.0,636800000.0,5981300000.0,7195500000.0,9547500000.0,10.83349593495935,0.8369594056778986,0.17765267629348294,0.8298261939783268,0.030583407925830763,10.83349593495935,0.04938012187434335,2.619784460787883,10.935410334346505,2.1599675802239364,0.2838905775075988,3.1623743718592965,0.006490167465777221,0.1765087688857185,0.640415832509226,0.010571503852654443,-28.58760429082241,0.2668025922959295,-0.39861623616236164,0.48599819463030897,0.5077524957275719,0.1273356371465004,0.0,-0.3929889298892989,-0.3702051739518287,0.1382113805339259,0.2286927180757824,0.013233469042431965,Advertising Agencies,Communication Services,OMC
2008Q4,2008,Q4,2009-02-27,2008-12-31,271000000.0,3371400000.0,448400000.0,0.8813008130081301,0.0,0.0,17318400000.0,3522800000.0,8564900000.0,9754200000.0,13565000000.0,672000000.0,5888100000.0,8277900000.000001,10253800000.0,11.456260162601627,0.8780730352053474,0.1774528824833703,0.8723742477574656,0.04522431055406388,11.456260162601627,0.07692744407857387,2.4553301299163555,7.636439114391144,2.3498069717270353,0.17232472324723247,0.0,0.005641527440534434,0.19467156319290466,0.7061470956100961,0.01564809682187731,7.530840611353713,0.0,0.27724755508424664,0.5001520225782605,0.6479080165345947,0.24498496180591073,0.0,0.2687265917602996,0.20085698982324585,0.23002935018571088,0.3150162586550766,0.023034720681707862,Advertising Agencies,Communication Services,OMC
2008Q3,2008,Q3,2008-10-24,2008-09-30,213600000.0,3316200000.0,373400000.0,0.69,0.0,0.0,17339200000.0,3661200000.0,8351200000.0,9649700000.0,13427800000.0,890600000.0,5663800000.0,11918896000.0,14622596000.0,11.844710449692656,0.8654362311781714,0.18653109716711266,0.883398885611275,0.036003600841161165,11.844710449692656,0.05834152736807604,3.594142693444304,13.950018726591763,3.2554615972905063,0.2247191011235955,0.0,0.004027218628302486,0.19125449847743842,0.6693057815268868,0.012318907446710345,44.64005992509363,0.0,-0.28125000000000006,0.9195513846083068,0.9871947215490353,0.4276617619222537,0.0,-0.3042345276872964,-0.2774767801857585,0.5356411071703172,0.5280556776018375,0.10956992734638314,Advertising Agencies,Communication Services,OMC
2008Q2,2008,Q2,2008-07-24,2008-06-30,307000000.0,3476900000.0,516800000.0,0.96,0.0,0.0,18683600000.0,4262000000.0,9533600000.0,10345300000.0,14155600000.0,0.0,5496700000.0,14249400000.0,16414200000.0,13.423622047244095,0.9215392497075967,0.16488257081076452,0.7228061942749883,0.04675766988453654,13.423622047244095,0.07203190990145472,4.098305962207713,11.603745928338762,3.343359924917879,0.15700325732899023,0.0,0.003382598565553637,0.18609368644158514,0.7916928460266981,0.016431522832858765,38.975382932166305,0.0,0.47692307692307684,0.8959394756685785,0.9054473105685903,0.6816445946921813,0.0,0.4710110206037374,0.4732041049030787,0.559563117468598,0.5246711498702314,0.283991212185647,Advertising Agencies,Communication Services,OMC
2008Q1,2008,Q1,2008-04-25,2008-03-31,208700000.0,3195400000.0,350800000.0,0.65,0.0,0.0,18437400000.0,4036900000.0,9468300000.0,10342700000.0,14124200000.0,0.0,5238000000.0,14185178458.14,16448878458.14,12.572999523855534,0.9154572790470573,0.16692158330350265,0.7623671629220441,0.032591292079349014,12.572999523855534,0.05169808516435879,4.439249689597546,16.992307688236703,3.5138790800217987,0.23526593195975085,0.0,0.003461359343831486,0.17331077049909424,0.771365310798921,0.011319383427164351,-25.800615602291742,0.0,-0.33492670506692157,0.8840579695610664,0.9146942191550733,0.7368373747914714,0.0,-0.33492670490758447,-0.34035351635953365,0.5853658551970949,0.5202499971214068,0.19797814515331374,Advertising Agencies,Communication Services,OMC
2007Q4,2007,Q4,2008-02-22,2007-12-31,313800000.0,3625900000.0,531800000.0,0.9773358890697977,0.0,0.0,19271700000.0,4091700000.0,10504200000.0,11227200000.0,14937900000.0,0.0,5077500000.0,15260786150.19,16536886150.19,12.743675134821197,0.9356028217186833,0.1592646211802799,0.7501283085270181,0.049083267449673194,12.743675134821197,0.07669183957768165,4.208827091257343,12.15805142621893,3.7296933182271426,0.15646908859145953,0.0,0.003217396503481486,0.18814634931012833,0.8223243551375231,0.016282943383302977,11.152284529516225,0.0,0.5763482081770931,0.8079760546381459,0.9864396638629354,0.8488886852051022,0.0,0.5519287833827893,0.5185608223872074,0.5169293189554117,0.48626170493409343,0.14690005196083786,Advertising Agencies,Communication Services,OMC
2007Q3,2007,Q3,2007-10-26,2007-09-30,202200000.0,3101400000.0,350200000.0,0.62,0.0,0.0,18133200000.0,3871700000.0,9048800000.0,10023600000.0,14042700000.0,0.0,4812700000.0,15752032245.599998,18249532245.6,11.87168151285593,0.9027495111536773,0.16956190854344516,0.7941472738073715,0.03333549468299282,11.87168151285593,0.052225120747991835,5.07900697929967,19.47580643620178,4.068505371180618,0.24480712166172106,0.0,0.0031424516677095293,0.17103434584077823,0.7771559120475677,0.011150817285421217,100.58768994636014,0.0,-0.26190476190476186,0.8235294149429191,0.9944505431731128,0.9076848080514561,0.0,-0.2692446693169498,-0.24133448873483535,0.5696202532723159,0.5084679624462306,0.19810570939692748,Advertising Agencies,Communication Services,OMC
2007Q2,2007,Q2,2007-07-26,2007-06-30,276700000.0,3126100000.0,461600000.0,0.84,0.0,0.0,17362200000.0,3685900000.0,8637900000.0,9555400000.0,13478600000.0,0.0,4659700000.0,17227016483.04,19521616483.04,11.32278640309159,0.9039809950394542,0.1766481206298741,0.8320898559374915,0.0452075570452501,11.32278640309159,0.07506986082096638,5.510705506234606,15.56470589360318,4.673761220608264,0.1503433321286592,0.0,0.0024148116443120145,0.18005206713434935,0.779548736839902,0.01593692043635023,74.09469455070968,0.0,0.5412844036697246,0.683168315255651,0.858529041746808,0.9031986156393711,0.0,0.5120218579234973,0.46307448494453246,0.5454545454622689,0.49453993859012896,0.1622628805105983,Advertising Agencies,Communication Services,OMC
2007Q1,2007,Q1,2007-04-27,2007-03-31,183000000.0,2840600000.0,315500000.0,0.545,0.0,0.0,17144400000.0,3641600000.0,8611800000.0,9443500000.0,13301800000.0,0.0,4432300000.0,16878864878.699999,18918264878.699997,11.044196712258856,0.9119288399428178,0.17893306269102446,0.8424044376098418,0.03112273157170661,11.044196712258856,0.050252636203866434,5.942006927656129,23.058558577459017,4.635013422314366,0.23278688524590163,0.0,0.0025238664037033885,0.16568675485872938,0.7873881505797639,0.01067403933645972,-44.27823945094438,0.0,-0.3517218511904761,0.6086956488532931,0.8531233116164049,1.1496225438727734,0.0,-0.3398268398268398,-0.33466891606916915,0.5416666667673121,0.45422543429758183,0.1492611999057661,Advertising Agencies,Communication Services,OMC
