Quarters,Year,Quarter,FillingDate,Date,NetIncome,Revenue,OperatingIncome,EPSDiluted,GrossProfit,GrossProfitRatio,TotalAssets,CommonStockEquity,CurrentAssets,CurrentLiability,TotalLiability,Inventory,RetainedEarnings,MarketCap,EnterpriseValue,bookValuePerShare,currentRatio,debtToAssets,debtToEquity,roic,shareholdersEquityPerShare,roe,priceToSalesRatio,peRatio,pbRatio,payoutRatio,inventoryTurnover,dividendYield,assetTurnover,quickRatio,returnOnAssets,priceToFreeCashFlowsRatio,grossProfitMargin,epsdilutedGrowth,fiveYNetIncomeGrowthPerShare,fiveYRevenueGrowthPerShare,fiveYShareholdersEquityGrowthPerShare,grossProfitGrowth,netIncomeGrowth,operatingIncomeGrowth,threeYNetIncomeGrowthPerShare,threeYRevenueGrowthPerShare,threeYShareholdersEquityGrowthPerShare,Industry,Sector,Symbol
2023Q1,2023,Q1,2023-04-19,2023-03-31,576000000.0,5716000000.0,880000000.0,0.57,1149000000.0,0.2010146956,35042000000.0,14849000000.0,15386000000.0,12550000000.0,20193000000.0,4786000000.0,-10185000000.0,29148600000.0,33392600000.0,14.701980198019802,1.2259760956175298,0.1900291079276297,0.44844770691629066,0.03127844718733788,14.701980198019802,0.038790490942150986,5.099475157452765,12.651302083333334,1.9630008754798303,0.3333333333333333,0.9542415378186377,0.0065869372800065875,0.16311854346213114,0.6937051792828686,0.016437417955596143,147.96243654822334,0.2010146955913226,2.1666666666666665,2.42992927864215,-0.5586942209686796,-0.5657077137688509,-0.1406133133881825,2.1648351648351647,1.0091324200913243,1.0364744329477023,-0.3187848701920884,-0.16299973240567303,Oil & Gas Equipment & Services,Energy,BKR
2022Q4,2022,Q4,2023-02-14,2022-12-31,182000000.0,5905000000.0,438000000.0,0.18,1337000000.0,0.2264182896,34181000000.0,14525000000.0,14592000000.0,11075000000.0,19656000000.0,4587000000.0,-10761000000.0,29530000000.0,33699000000.0,14.525,1.3175620767494356,0.19475732131886137,0.45831325301204817,0.011267975680746162,14.525,0.01253012048192771,5.000846740050805,40.56318681318682,2.0330464716006884,1.0494505494505495,0.9958578591672117,0.00646799864544531,0.1727567947105117,0.7626185101580135,0.005324595535531436,44.946727549467276,0.22641828958509738,21.224719101123593,1.5069032258064516,-0.5624787437098733,-0.57834149160378,0.1895017793594306,21.22222222222222,-0.013513513513513514,1.4645833333333331,-0.3953607435412728,-0.5694628118017238,Oil & Gas Equipment & Services,Energy,BKR
2022Q3,2022,Q3,2022-10-20,2022-09-30,-9000000.0,5369000000.0,444000000.0,-0.0089,1124000000.0,0.2093499721,33165000000.0,14367000000.0,14335000000.0,9465000000.0,18798000000.0,4111000000.0,-10943000000.0,21127680000.0,24931680000.0,14.25297619047619,1.514527205493925,0.20066334991708126,0.4632143105728405,-0.001320045666444677,14.25297619047619,-0.0006264355815410315,3.935123859191656,-586.8800000000001,1.4705700563792026,-20.333333333333332,1.0325954755533933,0.00866162304616503,0.16188753203678577,0.8910723718964606,-0.000271370420624152,50.66589928057554,0.20934997206183648,0.9894047619047619,0.9632554945054945,-0.5758708010335917,-0.5929079873524318,0.15876288659793814,0.989247311827957,2.982142857142857,-1.0842731829573935,-0.5128192413767048,-0.6494742553265592,Oil & Gas Equipment & Services,Energy,BKR
2022Q2,2022,Q2,2022-07-21,2022-06-30,-837000000.0,5047000000.0,-224000000.0,-0.84,970000000.0,0.1921933822,33753000000.0,15086000000.0,14199000000.0,9375000000.0,18667000000.0,4052000000.0,-10927000000.0,28898870000.0,32629870000.0,15.07092907092907,1.51456,0.19728616715551212,0.44140262495028504,-0.013163542026858854,15.07092907092907,-0.05548190375182288,5.725950069348127,-8.631681600955794,1.9156085112024395,-0.21863799283154123,1.0061697926949655,0.006332427530903457,0.14952744941190413,0.9066666666666666,-0.024797795751488758,196.5909523809524,0.19219338220725182,-10.95260663507109,0.0,0.0,0.0,0.0,-11.4625,-1.8028673835125448,-46.84715284715284,-0.5667987334654001,-0.553627302074507,Oil & Gas Equipment & Services,Energy,BKR
2022Q1,2022,Q1,2022-04-20,2022-03-31,80000000.0,4835000000.0,279000000.0,0.0844,970000000.0,0.2006204757,34994000000.0,16447000000.0,14707000000.0,9142000000.0,18547000000.0,4151000000.0,-10088000000.0,34152579999.999996,37646580000.0,17.53411513859275,1.608728943338438,0.1910327484711665,0.4064571046391439,0.005159877605483897,17.53411513859275,0.004864108956040615,7.063615305067217,106.7268125,2.07652337812367,2.3125,0.9311009395326427,0.005416867481168334,0.13816654283591473,0.9767009407131919,0.0022861061896325085,-325.26266666666663,0.20062047569803515,-0.7718918918918918,3.5735607675906187,-0.5884391157397982,-0.5042420487407705,-0.1950207468879668,-0.7619047619047619,-0.6224627875507442,0.4214641071428571,-0.5103986494720774,-0.4659931436688312,Oil & Gas Equipment & Services,Energy,BKR
2021Q4,2021,Q4,2022-02-11,2021-12-31,336000000.0,5485000000.0,739000000.0,0.37,1205000000.0,0.2196900638,35308000000.0,14830000000.0,15065000000.0,9128000000.0,18562000000.0,3979000000.0,-10160000000.0,21557760000.0,24431760000.0,16.551339285714285,1.6504163014899211,0.19052339413164154,0.45360755225893457,0.01674198528293297,16.551339285714285,0.02265677680377613,3.9303117593436645,16.04,1.4536587997302766,0.5535714285714286,1.0756471475245037,0.008627983612397578,0.15534723008949813,1.0411919368974583,0.00951625693893735,42.436535433070866,0.21969006381039197,36.0,4.165322580645162,-0.5464262862224536,-0.5195171748589299,0.19306930693069307,41.0,0.8337468982630273,0.33928571469465657,-0.5428478028882467,-0.5566182472924165,Oil & Gas Equipment & Services,Energy,BKR
2021Q3,2021,Q3,2021-10-22,2021-09-30,8000000.0,5093000000.0,403000000.0,0.01,1010000000.0,0.19831140781464757,35772000000.0,14142000000.0,14887000000.0,9354000000.0,18736000000.0,4110000000.0,-10454000000.0,21045230000.0,23883230000.0,16.618096357226793,1.5915116527688689,0.18908643631890865,0.4782916136331495,0.0014757330259804987,16.618096357226793,0.000565690849950502,4.132187315923817,657.6634375,1.4881367557629754,23.5,0.9934306569343065,0.008933140668930679,0.14237392373923738,0.9890955740859525,0.00022363860002236387,96.53775229357798,0.19831140781464757,1.125,0.0,0.0,0.0,0.03483606557377049,1.1176470588235294,0.20658682634730538,-0.7020699629395281,-0.5647473560517039,-0.5016990029710743,Oil & Gas Equipment & Services,Energy,BKR
2021Q2,2021,Q2,2021-07-23,2021-06-30,-68000000.0,5142000000.0,334000000.0,-0.08,976000000.0,0.1898094126798911,36669000000.0,13890000000.0,15512000000.0,9805000000.0,19269000000.0,4212000000.0,-10462000000.0,18433220000.0,21292220000.0,17.233250620347395,1.5820499745028047,0.18467915678093214,0.487544996400288,-0.018859097215500272,17.233250620347395,-0.004895608351331893,3.584834694671334,-67.76919117647058,1.3270856731461484,-2.764705882352941,0.9890788224121557,0.010198977715233691,0.14022744007199542,0.9505354411014788,-0.0018544274455261937,55.02453731343284,0.1898094126798911,0.8688524590163935,0.0,0.0,0.0,0.13752913752913754,0.8495575221238938,0.23247232472324722,-0.838317879064908,-0.5239408473936464,-0.4834142526374758,Oil & Gas Equipment & Services,Energy,BKR
2021Q1,2021,Q1,2021-04-23,2021-03-31,-452000000.0,4782000000.0,271000000.0,-0.61,858000000.0,0.1794228356336261,36836000000.0,13043000000.0,15786000000.0,9958000000.0,19412000000.0,4181000000.0,-10394000000.0,15991400000.0,19229400000.0,17.625675675675677,1.585258083952601,0.20686285155825823,0.5842214214521199,0.014803571312483704,17.625675675675677,-0.03465460400214675,3.344081974069427,-8.844800884955752,1.2260522885839147,-0.413716814159292,0.9385314518057881,0.01169378540965769,0.12981865566293843,0.9685679855392649,-0.012270604843088282,34.992122538293216,0.1794228356336261,-1.6703296703296704,-33.75472972972973,-0.4840373036352936,-0.5016532745755707,-0.14965312190287414,-1.6932515337423313,-0.37701149425287356,-4.673590733590734,-0.496097375389837,-0.479342586341604,Oil & Gas Equipment & Services,Energy,BKR
2020Q4,2020,Q4,2021-02-25,2020-12-31,652000000.0,5495000000.0,435000000.0,0.91,1009000000.0,0.18362147406733395,38007000000.0,12893000000.0,16455000000.0,10227000000.0,19765000000.0,4421000000.0,-9942000000.0,14866050000.000002,18367050000.0,18.08274894810659,1.6089762393663831,0.20083142578998606,0.5920266811448073,0.013259338605209309,18.08274894810659,0.05057007678585279,2.705377616014559,5.70017254601227,1.1530326533778021,0.2852760736196319,1.0147025559828093,0.012511729746637472,0.14457863025232193,0.9537498777745185,0.017154734654142658,72.87279411764708,0.18362147406733395,4.640000000000001,11.595756232185677,-0.4289719760361293,-0.475060588697973,0.332892998678996,4.8352941176470585,1.265625,11.595756232185677,-0.4289719760361293,-0.475060588697973,Oil & Gas Equipment & Services,Energy,BKR
2020Q3,2020,Q3,2020-10-23,2020-09-30,-170000000.0,5049000000.0,192000000.0,-0.25,757000000.0,0.14993067934244406,37339000000.0,11582000000.0,15208000000.0,10639000000.0,20090000000.0,4469000000.0,-10594000000.0,8984040000.0,12612040000.0,17.133136094674555,1.4294576557947176,0.20592410080612764,0.6638749784147816,0.0101895924634755,17.133136094674555,-0.014677948540839232,1.7793701723113489,-13.211823529411763,0.7756898635814194,-1.0941176470588236,0.9603938241217275,0.020703380661706763,0.13522054688127694,0.9124917755428141,-0.004552880366372961,449.202,0.14993067934244406,0.1935483870967742,0.0,0.0,0.0,0.11651917404129794,0.15422885572139303,1.1818181818181819,-0.0349340009103323,-0.4052643456722169,-0.5106451619272132,Oil & Gas Equipment & Services,Energy,BKR
2020Q2,2020,Q2,2020-07-24,2020-06-30,-201000000.0,4736000000.0,88000000.0,-0.31,678000000.0,0.14315878378378377,37523000000.0,11254000000.0,15502000000.0,10567000000.0,19958000000.0,4616000000.0,-10413000000.0,10080450000.0,13648450000.0,17.181679389312976,1.467019967824359,0.20520747275004664,0.6842011729162965,0.004383513051755762,17.181679389312976,-0.017860316331970855,2.1284733952702704,-12.537873134328358,0.8957215212368936,-0.9253731343283582,0.8791161178509532,0.018451557222147818,0.12621592090184686,0.9243872433046276,-0.005356714548410309,-1440.0642857142857,0.14315878378378377,0.9801790281329923,0.0,0.0,0.0,-0.10198675496688742,0.9803134182174339,0.1,0.0,0.0,0.0,Oil & Gas Equipment & Services,Energy,BKR
2020Q1,2020,Q1,2020-04-24,2020-03-31,-10210000000.0,5425000000.0,80000000.0,-15.64,755000000.0,0.1391705069124424,37229000000.0,11470000000.0,14653000000.0,10141000000.0,19244000000.0,4534000000.0,-10212000000.0,6856500000.0,10341500000.0,17.56508422664625,1.4449265358445913,0.17446076982997125,0.5662598081952921,0.0044544868091983235,17.56508422664625,-0.8901482127288579,1.2638709677419355,-0.16788687561214496,0.5977768090671316,-0.01821743388834476,1.0299955888839876,0.02712754320717567,0.14571973461548793,0.9030667587022976,-0.2742485696634344,60.676991150442475,0.1391705069124424,-224.42857142857142,-839.4552067381317,-0.3366740115414575,-0.5033664316067198,-0.41653786707882534,-213.70833333333334,-0.8532110091743119,-839.4552067381317,-0.3366740115414575,-0.5033664316067198,Oil & Gas Equipment & Services,Energy,BKR
2019Q4,2019,Q4,2020-02-13,2019-12-31,48000000.0,6348000000.0,545000000.0,0.07,1294000000.0,0.20384373030875866,53369000000.0,21929000000.0,15222000000.0,10014000000.0,18870000000.0,4608000000.0,0.0,16659500000.0,20032500000.0,33.73692307692308,1.5200718993409228,0.12407952181978302,0.30197455424323955,0.005844732729830168,33.73692307692308,0.0021888823019745544,2.6243698802772526,86.76822916666666,0.759701764786356,9.729166666666666,1.0967881944444444,0.028032053783126745,0.11894545522681707,0.9651487916916317,0.0008993985272349117,16.82777777777778,0.20384373030875866,-0.3636363636363636,0.01717121588089343,-0.27639290433668356,-0.020622329604585276,0.17529518619436876,-0.15789473684210525,0.2914691943127962,0.01717121588089343,-0.27639290433668356,-0.020622329604585276,Oil & Gas Equipment & Services,Energy,BKR
2019Q3,2019,Q3,2019-10-30,2019-09-30,57000000.0,5882000000.0,422000000.0,0.11,1101000000.0,0.18718123087385244,52549000000.0,21876000000.0,14769000000.0,9332000000.0,18113000000.0,4739000000.0,0.0,12481600538.0,16680600538.0,40.66171003717472,1.582618945563652,0.1333422139336619,0.32030535746937283,0.007631466359351274,40.66171003717472,0.002605595172792101,2.1219994114246856,54.743862008771934,0.5705613703602122,1.631578947368421,1.0088626292466765,0.007450967503475474,0.11193362385582979,0.9615302186026575,0.0010847018972768273,154.09383380246913,0.18718123087385244,6.5,0.0,0.0,0.0,0.03672316384180791,7.333333333333333,0.16897506925207756,0.0,0.0,0.0,Oil & Gas Equipment & Services,Energy,BKR
2019Q2,2019,Q2,2019-08-01,2019-06-30,-9000000.0,5994000000.0,361000000.0,-0.02,1062000000.0,0.17717717717717718,52876000000.0,17388000000.0,14985000000.0,9341000000.0,18095000000.0,4807000000.0,-9000000.0,12967700000.0,16977700000.0,33.7631067961165,1.6042179638154372,0.13518420455405097,0.4110881067402807,-0.001926712158616299,33.7631067961165,-0.0005175983436853002,2.1634467801134467,-360.21388888888885,0.7457844490453186,-10.222222222222221,1.0260037445392136,0.007094550305759695,0.11335955821166503,1.0114548763515683,-0.0001702095468643619,44.258361774744024,0.17717717717717718,-1.3333333333333335,0.0,0.0,0.0,0.08811475409836066,-1.28125,0.3272058823529412,0.0,0.0,0.0,Oil & Gas Equipment & Services,Energy,BKR
2019Q1,2019,Q1,2019-04-30,2019-03-31,32000000.0,5615000000.0,272000000.0,0.06,976000000.0,0.17382012466607302,53129000000.0,17512000000.0,14912000000.0,9052000000.0,18043000000.0,4871000000.0,0.0,14847999990.72,18950999990.72,32.835000020521875,1.6473707467962881,0.1350674772722995,0.40977615349474644,0.005668423079451849,32.835000020521875,0.001827318410232983,2.6443455014639357,115.9999999275,0.8478757418181818,2.90625,0.9523711763498255,0.006263469831500876,0.10568616010088652,1.037560760053027,0.0006023075909578573,-31.062761486861923,0.17382012466607302,-0.7857142857142857,2.2175000020109374,-0.1593959374980731,-0.07162624340579424,-0.21035598705501618,-0.7557251908396947,-0.43451143451143454,2.2175000020109374,-0.1593959374980731,-0.07162624340579424,Oil & Gas Equipment & Services,Energy,BKR
2018Q4,2018,Q4,2019-02-19,2018-12-31,131000000.0,6265000000.0,481000000.0,0.28,1236000000.0,0.19728651237031125,52439000000.0,17465000000.0,14971000000.0,9020000000.0,17426000000.0,4620000000.0,25000000.0,10058928574.5,13562928574.5,37.32977098096801,1.6597560975609755,0.13781727340338298,0.41379902662467793,0.012359746546151011,37.32977098096801,0.0075007157171485825,1.6055751914604948,19.196428577290078,0.5759478141711996,4.473282442748092,1.0885281385281385,0.05825670156218684,0.11947214859169702,1.07450110864745,0.0024981406968096263,13.465767837349398,0.19728651237031125,8.333333333333334,2.856774192370746,-0.007827772362935853,0.08367749057538518,0.27029804727646456,9.076923076923077,0.3178082191780822,2.856774192370746,-0.007827772362935853,0.08367749057538518,Oil & Gas Equipment & Services,Energy,BKR
2018Q3,2018,Q3,2018-10-30,2018-09-30,13000000.0,5665000000.0,365000000.0,0.03,973000000.0,0.17175639894086497,53600000000.0,13740000000.0,16118000000.0,8457000000.0,17037000000.0,4681000000.0,-14000000.0,13587759999.999998,16115759999.999998,33.349514563106794,1.9058767884592644,0.1360634328358209,0.5307860262008733,0.004433122810606255,33.349514563106794,0.0009461426491994177,2.398545454545454,261.3030769230769,0.988919941775837,5.6923076923076925,1.0023499252296517,0.005446077940734898,0.10569029850746268,1.2503251744117299,0.0002425373134328358,-6793.879999999999,0.17175639894086497,1.5999999999999999,0.0,0.0,0.0,0.03952991452991453,1.6842105263157894,0.33211678832116787,0.0,0.0,0.0,Oil & Gas Equipment & Services,Energy,BKR
2018Q2,2018,Q2,2018-07-30,2018-06-30,-19000000.0,5548000000.0,274000000.0,-0.05,936000000.0,0.16870944484498918,54090000000.0,13811000000.0,16442000000.0,8633000000.0,17273000000.0,4675000000.0,-27000000.0,13674419585.999998,16181419585.999998,33.35990338164251,1.904552299316576,0.1365501941209096,0.5347911085366737,-0.020360115136724862,33.35990338164251,-0.0013757150097748173,2.4647475821917806,-179.92657349999996,0.9901107512852074,-3.8947368421052633,0.986524064171123,0.005411564237487777,0.10256979108892586,1.2645661994671609,-0.0003512664078387872,-143.94125879999999,0.16870944484498918,-1.2941176470588236,0.0,0.0,0.0,0.11296076099881094,-1.2714285714285714,0.6407185628742516,0.0,0.0,0.0,Oil & Gas Equipment & Services,Energy,BKR
2018Q1,2018,Q1,2018-04-27,2018-03-31,70000000.0,5399000000.0,167000000.0,0.17,841000000.0,0.15576958696054824,55221000000.0,14252000000.0,17054000000.0,8325000000.0,17126000000.0,4696000000.0,-8000000.0,11691170000.0,13532170000.0,33.85273159144893,2.0485285285285286,0.13531084188986073,0.524277294414819,0.001386004110399836,33.85273159144893,0.004911591355599214,2.165432487497685,41.75417857142857,0.8203178501262981,1.0857142857142856,0.9706132879045997,0.006500632528651965,0.0977707756107278,1.380900900900901,0.001267633690081672,99.92452991452991,0.15576958696054824,3.4285714285714284,7.91627078384798,0.023933337842551382,-0.04285099500879257,-0.03995433789954338,1.2580645161290323,0.8351648351648352,7.91627078384798,0.023933337842551382,-0.04285099500879257,Oil & Gas Equipment & Services,Energy,BKR
2017Q4,2017,Q4,2018-02-23,2017-12-31,31000000.0,5763000000.0,91000000.0,-0.07,876000000.0,0.15200416449765747,57050000000.0,14709000000.0,18499000000.0,8897000000.0,17877000000.0,4590000000.0,-73000000.0,13510279573.0,14836279573.0,34.44730679156908,2.0792401933235922,0.1463453111305872,0.5676116663267388,0.0024240770428988873,34.44730679156908,0.002107553198721871,2.344313651396842,108.95386752419356,0.9185042880549324,2.5483870967741935,1.0647058823529412,0.0058473993504827085,0.10101665205959684,1.4653253905810948,0.0005433829973707275,-29.243029378787877,0.15200416449765747,0.7083333333333333,0.0,0.0,0.0,-0.1411764705882353,1.2980769230769231,-0.6008771929824561,0.0,0.0,0.0,Oil & Gas Equipment & Services,Energy,BKR
2017Q3,2017,Q3,2017-10-31,2017-09-30,-104000000.0,5375000000.0,228000000.0,-0.24,1020000000.0,0.18976744186046512,54810000000.0,14985000000.0,16581000000.0,8732000000.0,14662000000.0,5309000000.0,-104000000.0,15673359572.0,15801359572.0,35.01168224299065,1.8988776912505727,0.08949096880131363,0.32732732732732733,0.017308173582261374,35.01168224299065,-0.0069402736069402735,2.915973873860465,-37.676345125,1.0459365747080414,-0.6730769230769231,0.8203051422113392,0.0044661771254870565,0.09806604634190841,1.1418918918918919,-0.0018974639664294836,-15.642075421157685,0.18976744186046512,0.429519512809664,0.0,0.0,0.0,0.0,0.0,0.0,0.0,0.0,0.0,Oil & Gas Equipment & Services,Energy,BKR
2017Q2,2017,Q2,2017-07-28,2017-06-30,0.0,0.0,0.0,-0.420698,0.0,0.0,0.0,0.0,9091000000.0,2466000000.0,0.0,1976000000.0,0.0,23193090779.473515,22069090779.473515,0.0,3.686536901865369,0.0,0.0,,0.0,0.0,0.0,0.0,0.0,0.0,0.0,0.0,0.0,2.6115166261151663,0.0,54.959930757046244,0.0,-22.0349,0.0,0.0,0.0,-1.0,-1.0,-1.0,0.0,0.0,0.0,Oil & Gas Equipment & Services,Energy,BKR
2017Q1,2017,Q1,2018-04-27,2017-03-31,8000000.0,5373000000.0,312000000.0,0.02,1040000000.0,0.19356039456541968,54123000000.0,15173000000.0,16132000000.0,7192000000.0,14118000000.0,5144000000.0,0.0,25662780000.0,24271780000.0,35.36829836829837,2.243047830923248,0.06819651534467787,0.24326105582284321,0.0012302062961327357,35.36829836829837,0.0005272523561589665,4.776247906197655,801.961875,1.6913451525736505,0.0,0.8423405909797823,0.0,0.09927387617094396,1.3697163515016686,0.00014781146647451177,-60.812274881516586,0.19356039456541968,0.0,0.0,0.0,0.0,0.0,0.0,0.0,0.0,0.0,0.0,Oil & Gas Equipment & Services,Energy,BKR
2016Q3,2016,Q3,2016-09-30,2016-09-30,0.0,0.0,0.0,0.0,0.0,0.0,,,,,,,,21651630429.0,,,0.0,0.0,0.0,0.0,,0.0,0.0,0.0,0.0,0.0,0.0,,0.0,0.0,0.0,0.0,0.0,0.0,0.0,0.0,0.0,0.0,0.0,0.0,0.0,0.0,0.0,Oil & Gas Equipment & Services,Energy,BKR
