Quarters,Year,Quarter,FillingDate,Date,NetIncome,Revenue,OperatingIncome,EPSDiluted,GrossProfit,GrossProfitRatio,TotalAssets,CommonStockEquity,CurrentAssets,CurrentLiability,TotalLiability,Inventory,RetainedEarnings,MarketCap,EnterpriseValue,bookValuePerShare,currentRatio,debtToAssets,debtToEquity,roic,shareholdersEquityPerShare,roe,priceToSalesRatio,peRatio,pbRatio,payoutRatio,inventoryTurnover,dividendYield,assetTurnover,quickRatio,returnOnAssets,priceToFreeCashFlowsRatio,grossProfitMargin,epsdilutedGrowth,fiveYNetIncomeGrowthPerShare,fiveYRevenueGrowthPerShare,fiveYShareholdersEquityGrowthPerShare,grossProfitGrowth,netIncomeGrowth,operatingIncomeGrowth,threeYNetIncomeGrowthPerShare,threeYRevenueGrowthPerShare,threeYShareholdersEquityGrowthPerShare,Industry,Sector,Symbol
2023Q1,2023,Q1,2023-04-26,2023-04-02,500000.0,101300000.0,-1500000.0,0.02,21100000.0,0.2082922014,421100000.0,214000000.0,213500000.0,111800000.0,207100000.0,129400000.0,117200000.0,444465875.1,534065875.1,7.949181698606404,1.9096601073345258,0.21705058180954642,0.42710280373831777,0.0007382834417789682,7.949181698606404,0.002336448598130841,4.38761969496545,222.23293755,2.0769433415887852,7.0,0.6197836166924265,0.007874620293880913,0.24056043695084303,0.6797853309481217,0.0011873664212776064,-27.10157775,0.20829220138203355,-0.9130434782608696,-0.9452869194399137,-0.16655111868620417,0.274212734688346,-0.0365296803652968,-0.9193548387096774,-1.2542372881355932,-0.9177988738643283,-0.005255505187477262,0.2846225460165975,Specialty Industrial Machinery,Industrials,LXFR
2022Q4,2022,Q4,2023-03-01,2022-12-31,6200000.0,116700000.0,5900000.0,0.23,21900000.0,0.1876606684,407100000.0,207300000.0,201100000.0,110200000.0,199800000.0,111100000.0,120200000.0,370858679.52000004,439458679.52000004,7.669109979254558,1.82486388384755,0.19945959223777943,0.391702846116739,0.014683686576750161,7.669109979254558,0.029908345393150026,3.1778807156812343,14.953979012903227,1.7889950772793055,0.5806451612903226,0.8532853285328533,0.009707201688415266,0.2866617538688283,0.7295825771324864,0.015229673298943749,23.178667470000004,0.18766066838046272,-0.20689655172413784,3.6423388163279578,-0.01471178670975109,0.25200318430326835,-0.05603448275862069,-0.225,-0.49137931034482757,3.608040920614809,0.18408186261273424,0.20001527710147218,Specialty Industrial Machinery,Industrials,LXFR
2022Q3,2022,Q3,2022-10-25,2022-09-25,8000000.0,100200000.0,11600000.0,0.29,23200000.0,0.2315369261,392400000.0,195300000.0,198300000.0,110800000.0,197100000.0,111600000.0,121800000.0,391968578.32,490868578.32,7.154930663116629,1.78971119133574,0.2805810397553517,0.5637480798771122,0.027774960844629232,7.154930663116629,0.0409626216077829,3.911862059081836,12.2490180725,2.007007569482847,0.45,0.6899641577060932,0.009184409667299885,0.25535168195718655,0.6236462093862816,0.020387359836901122,301.51429101538463,0.2315369261477046,-0.14705882352941188,0.651359587187806,-0.15615095053143954,0.09840541933011522,-0.09727626459143969,-0.13978494623655913,-0.07936507936507936,0.38425645262451413,-0.06107086833886248,0.09375185138524848,Specialty Industrial Machinery,Industrials,LXFR
2022Q2,2022,Q2,2022-07-27,2022-06-26,9300000.0,109500000.0,12600000.0,0.34,25700000.0,0.2347031963,396200000.0,205500000.0,194400000.0,93300000.0,190700000.0,104700000.0,117400000.0,420205830.28000003,511605830.28000003,7.492185431844646,2.0836012861736335,0.24406865219586069,0.4705596107055961,0.031207430340557275,7.492185431844646,0.04525547445255475,3.8374961669406393,11.295855652688171,2.044797227639903,0.3870967741935484,0.8003820439350525,0.008567230011066662,0.2763755678950025,0.7920685959271169,0.023472993437657748,700.3430504666667,0.23470319634703196,0.21428571428571425,2.58607224821964,-0.009776999788046482,0.20353324287150343,0.06198347107438017,0.2077922077922078,0.18867924528301888,1.6448973761481203,-0.06441744482092657,0.14917387809262744,Specialty Industrial Machinery,Industrials,LXFR
2022Q1,2022,Q1,2022-04-25,2022-03-27,7700000.0,97000000.0,10600000.0,0.28,24200000.0,0.2494845361,414500000.0,206600000.0,205400000.0,98600000.0,207900000.0,105900000.0,108100000.0,474490189.66,564890189.6600001,7.5152575916378535,2.08316430020284,0.25958986731001205,0.5208131655372701,0.0238224494918539,7.5152575916378535,0.037270087124878996,4.891651439793815,15.40552563831169,2.296661130977735,0.44155844155844154,0.6874409820585458,0.007165585451695637,0.23401688781664656,0.8154158215010142,0.018576598311218336,-46.06700870485437,0.24948453608247423,1.3333333333333337,0.12144467719755773,-0.09825807940179802,0.2946012496313025,0.01680672268907563,1.2,4.0476190476190474,2.9925523374157907,-0.20777625278135617,0.12990840404084536,Specialty Industrial Machinery,Industrials,LXFR
2021Q4,2021,Q4,2022-02-24,2021-12-31,3500000.0,98700000.0,2100000.0,0.12,23800000.0,0.2411347518,368800000.0,209100000.0,163200000.0,83900000.0,159700000.0,90500000.0,107500000.0,534861723.21,601061723.21,7.5490932044406,1.9451728247914184,0.1963123644251627,0.34624581539933047,0.004712172792491298,7.5490932044406,0.01673840267814443,5.419065078115501,38.20440880071428,2.557923114347202,0.9714285714285714,0.8276243093922652,0.0063567831692922915,0.2676247288503254,0.6483909415971395,0.009490238611713666,-46.50971506173913,0.24113475177304963,-0.2941176470588236,0.0432789890233441,-0.02033823132709084,0.4055750269511729,0.12796208530805686,-0.2708333333333333,-0.7407407407407407,1.511344815733514,-0.14182599545246494,0.0940028314102681,Specialty Industrial Machinery,Industrials,LXFR
2021Q3,2021,Q3,2021-10-25,2021-09-26,4800000.0,91200000.0,8100000.0,0.17,21100000.0,0.23135964912280702,370300000.0,186700000.0,166600000.0,79000000.0,183600000.0,80600000.0,111300000.0,562211732.1600001,608511732.1600001,6.7346086597183685,2.108860759493671,0.1658115041857953,0.32886984467059455,0.023670252921035844,6.7346086597183685,0.025709694697375468,6.164602326315791,29.281861050000003,3.0113108310658814,0.7083333333333334,0.869727047146402,0.006047543666400033,0.24628679449095328,0.859493670886076,0.01296246286794491,73.01451067012988,0.23135964912280702,-0.5641025641025641,0.37608282026745127,-0.12759966804075626,0.3649832341495676,-0.18532818532818532,-0.5636363636363636,-0.2956521739130435,-0.6261600801805329,-0.3177638643728394,-0.10071766253569028,Specialty Industrial Machinery,Industrials,LXFR
2021Q2,2021,Q2,2021-07-26,2021-06-27,11000000.0,99000000.0,11500000.0,0.39,25900000.0,0.26161616161616164,371700000.0,188200000.0,166300000.0,78000000.0,183500000.0,77300000.0,109900000.0,601818871.61,650418871.61,6.7766136829336245,2.132051282051282,0.15792305622814098,0.31190223166843783,0.04730710730088496,6.7766136829336245,0.05844845908607864,6.078978501111111,13.677701627500001,3.1977623358661,0.3090909090909091,0.9456662354463131,0.005649540352405766,0.26634382566585957,0.8115384615384615,0.02959375840731773,85.9741245157143,0.26161616161616164,-0.25,0.5558341979225031,-0.1548035843718295,0.21406867598762366,0.027777777777777776,-0.2413793103448276,0.036036036036036036,0.03132472200702503,-0.26150070608233317,-0.001778757952117436,Specialty Industrial Machinery,Industrials,LXFR
2021Q1,2021,Q1,2021-04-26,2021-03-28,14500000.0,85200000.0,11100000.0,0.52,25200000.0,0.29577464788732394,388400000.0,178900000.0,185200000.0,77100000.0,209500000.0,75600000.0,102300000.0,560921903.88,611321903.88,6.468087580292051,2.4020752269779506,0.21163748712667355,0.45947456679709336,0.03240028917919946,6.468087580292051,0.0810508664058133,6.58359042112676,9.671067308275862,3.1353935376187816,0.23448275862068965,0.7936507936507936,0.006061449867586868,0.21936148300720906,1.0920881971465628,0.03733264675592173,40.64651477391304,0.29577464788732394,1.08,0.6007730395069272,-0.2478720792316717,0.07391861287920971,0.30569948186528495,1.0422535211267605,0.14432989690721648,0.5443511876452868,-0.31771469438745953,0.03680100372250182,Specialty Industrial Machinery,Industrials,LXFR
2020Q4,2020,Q4,2021-03-02,2020-12-31,7100000.0,41100000.0,9700000.0,0.25,19300000.0,0.46958637469586373,346400000.0,167100000.0,150900000.0,65400000.0,179300000.0,68800000.0,91200000.0,452489535.98,513989535.98,6.063746853410716,2.3073394495412844,0.18187066974595842,0.3770197486535009,0.03474905225735068,6.063746853410716,0.04248952722920407,11.00947776107056,15.932730140140846,2.7078966845002994,0.4788732394366197,0.3168604651162791,0.00751398591491468,0.11864896073903003,0.6146788990825688,0.020496535796766743,41.512801466055045,0.46958637469586373,1.777777777777778,-0.06276185865430702,-0.6261814353228958,-0.03812656029314094,0.0546448087431694,1.7307692307692308,0.7636363636363637,3.9680698170784847,-0.6596284895143464,-0.010076737741988808,Specialty Industrial Machinery,Industrials,LXFR
2020Q3,2020,Q3,2020-10-26,2020-09-27,2600000.0,90400000.0,5500000.0,0.09,18300000.0,0.20243362831858408,359600000.0,176700000.0,159800000.0,93100000.0,182900000.0,84700000.0,87500000.0,353527014.40000004,426527014.40000004,6.3977006222243595,1.7164339419978518,0.2424916573971079,0.49349179400113186,0.009580854371013562,6.3977006222243595,0.014714204867006225,3.910697061946903,33.99298215384616,2.0007188138087155,1.3076923076923077,0.8512396694214877,0.0096173697101208,0.25139043381535037,0.6842105263157895,0.007230255839822024,13.809649000000002,0.20243362831858408,-0.4,-0.5852067115310842,-0.2228404084217894,0.062130569302015375,-0.026595744680851064,-0.36585365853658536,0.03773584905660377,-0.4695930683544897,-0.24759850054238652,-0.017842468980423954,Specialty Industrial Machinery,Industrials,LXFR
2020Q2,2020,Q2,2020-07-27,2020-06-28,4100000.0,89500000.0,5300000.0,0.15,18800000.0,0.2100558659217877,369900000.0,173300000.0,168300000.0,63900000.0,196600000.0,93200000.0,88300000.0,385565278.0,480965278.0,6.292579073990163,2.6338028169014085,0.2798053527980535,0.5972302365839585,0.014492753623188406,6.292579073990163,0.023658395845354875,4.307991932960894,23.51007792682927,2.224842919792268,0.8292682926829268,0.7585836909871244,0.008818221437460454,0.2419572857529062,1.054773082942097,0.011084076777507435,31.864899008264462,0.2100558659217877,-0.31818181818181823,0.2950182785407486,-0.2863612827100765,-0.02813026320726636,-0.23265306122448978,-0.3387096774193548,-0.3375,0.5745388133212556,-0.1939251830855467,0.010830306836134842,Specialty Industrial Machinery,Industrials,LXFR
2020Q1,2020,Q1,2020-04-27,2020-03-29,6200000.0,103800000.0,8000000.0,0.22,24500000.0,0.23603082851637766,392500000.0,169800000.0,189000000.0,69200000.0,222700000.0,93900000.0,87600000.0,377031412.02,482231412.02,6.187951257165387,2.73121387283237,0.31210191082802546,0.7214369846878681,0.02051791180607264,6.187951257165387,0.03651354534746761,3.6322872063583813,15.202879516935484,2.220444122614841,0.5483870967741935,0.8445154419595314,0.009017816265716459,0.26445859872611466,1.2413294797687862,0.015796178343949044,-53.861630288571426,0.23603082851637766,3.5551684088269453,13.182354885710035,-0.12764670856211432,0.046547466099467597,0.12903225806451613,3.5833333333333335,3.7058823529411766,-0.09536275822870602,-0.03327372310370308,0.06595540239333572,Specialty Industrial Machinery,Industrials,LXFR
2019Q4,2019,Q4,2020-03-10,2019-12-31,-2400000.0,99500000.0,1700000.0,-0.0861,21700000.0,0.21809045226130652,390300000.0,174400000.0,176100000.0,74000000.0,215900000.0,94500000.0,84800000.0,505120167.42,601320167.4200001,6.3908436214067175,2.3797297297297297,0.27261081219574684,0.6100917431192661,-0.06896551724137931,6.3908436214067175,-0.013761467889908258,5.07658459718593,-52.616684106250005,2.896331235206422,-1.4166666666666667,0.8232804232804233,0.0067310715732578335,0.2549321035101204,1.0445945945945947,-0.006149116064565719,31.96963084936709,0.21809045226130652,-1.41,-1.2008870341386264,-0.20360120616504215,-0.017936513458376446,-0.1388888888888889,-1.4137931034482758,-0.7424242424242424,-1.7261303914589599,0.0024276649346724136,0.18991910049746427,Specialty Industrial Machinery,Industrials,LXFR
2019Q3,2019,Q3,2019-10-30,2019-09-29,5800000.0,107100000.0,6600000.0,0.21,25200000.0,0.23529411764705882,402400000.0,179200000.0,187300000.0,72500000.0,223200000.0,96200000.0,90600000.0,426794515.94,535694515.94,6.541639818990782,2.583448275862069,0.30019880715705766,0.6741071428571429,0.018809687688204423,6.541639818990782,0.03236607142857143,3.985009485901027,18.39631534224138,2.3816658255580356,0.5862068965517241,0.8513513513513513,0.00796636290537056,0.2661530815109344,1.2,0.01441351888667992,-355.66209661666664,0.23529411764705882,0.6153846153846153,0.26724444256404756,-0.12902019466965756,-0.017341463465538574,-0.1870967741935484,0.6571428571428571,0.2692307692307692,0.6827201899441935,0.036790552512074796,0.32587194415258525,Specialty Industrial Machinery,Industrials,LXFR
2019Q2,2019,Q2,2019-07-31,2019-06-30,3500000.0,116500000.0,5200000.0,0.13,31000000.0,0.26609442060085836,412100000.0,178000000.0,192900000.0,82000000.0,234100000.0,98700000.0,88200000.0,680097154.34,785297154.34,6.519627338101354,2.352439024390244,0.30478039310846883,0.7056179775280899,0.011304347826086957,6.519627338101354,0.019662921348314606,5.837743814077253,48.578368167142855,3.8207705300000003,0.9714285714285714,0.8662613981762918,0.004999285731903302,0.282698374181024,1.0939024390243903,0.008493084202863382,-58.12796190940171,0.26609442060085836,1.9285714285714286,-0.39588101421276317,-0.059732303968089616,-0.11953009699097834,0.029900332225913623,1.9210526315789473,5.7272727272727275,-0.4964433530447117,0.011714648084813904,0.16802811856243663,Specialty Industrial Machinery,Industrials,LXFR
2019Q1,2019,Q1,2019-05-01,2019-03-31,-3800000.0,120400000.0,-1100000.0,-0.14,30100000.0,0.25,423800000.0,179800000.0,196500000.0,102200000.0,244000000.0,97900000.0,88100000.0,688522283.1899999,784622283.1899999,6.651209571290331,1.9227005870841487,0.2602642756016989,0.6134593993325917,-0.008264294996751137,6.651209571290331,-0.021134593993325918,5.718623614534883,-45.297518630921054,3.8293786606785316,-0.8947368421052632,0.9223697650663942,0.004938111783757272,0.2840962718263332,0.8571428571428571,-0.008966493629070316,-62.59293483545454,0.25,0.4166666666666666,-1.2618850450265555,-0.5154673926823313,-0.5309287953268336,0.32599118942731276,0.42424242424242425,0.9197080291970803,-1.4292306728605175,0.08748680632724185,0.10432298080393594,Specialty Industrial Machinery,Industrials,LXFR
2018Q4,2018,Q4,2019-03-12,2018-12-31,-6600000.0,110900000.0,-13700000.0,-0.24,22700000.0,0.20468890892696123,390400000.0,184300000.0,181100000.0,87700000.0,206100000.0,93600000.0,95300000.0,470870308.46999997,534170308.46999997,6.900432967535504,2.064994298745724,0.19748975409836064,0.4183396635919696,-0.045292678549500795,6.900432967535504,-0.03581117742810635,4.245899986203787,-17.835996532954546,2.5549121457948996,-0.5151515151515151,0.9423076923076923,0.007220671889564725,0.28406762295081966,0.87115165336374,-0.016905737704918034,22.21086360707547,0.20468890892696123,-1.5333333333333332,-1.3764897943045706,-0.5200836989841738,-0.5173912774103122,-0.345821325648415,-1.532258064516129,-1.8616352201257862,-1.8989218454731809,0.040727387994499105,0.09459437446941453,Specialty Industrial Machinery,Industrials,LXFR
2018Q3,2018,Q3,2018-09-30,2018-09-30,12400000.0,129100000.0,15900000.0,0.45,34700000.0,0.2687838884585593,394900000.0,200500000.0,182400000.0,74900000.0,194400000.0,96100000.0,350900000.0,618993239.6800001,697993239.6800001,7.4888701569607425,2.4352469959946594,0.222587996961256,0.43840399002493763,0.04814322830184993,7.4888701569607425,0.061845386533665836,4.794680400309838,12.479702412903226,3.087248078204489,0.2661290322580645,0.9823100936524454,0.005331237545834904,0.32691820714104836,1.1522029372496663,0.03140035452013168,48.358846850000006,0.2687838884585593,0.21621621621621626,-0.2607603351957453,-0.4607999528502745,-0.4301620942736783,0.020588235294117647,0.21568627450980393,0.08163265306122448,1.04077261397047,0.14493961674162542,0.24328385976836728,Specialty Industrial Machinery,Industrials,LXFR
2018Q2,2018,Q2,2018-06-30,2018-06-30,10200000.0,128200000.0,14700000.0,0.37,34000000.0,0.26521060842433697,395700000.0,180300000.0,176600000.0,72700000.0,215400000.0,96400000.0,335500000.0,464249274.84000003,558049274.84,6.788689117686162,2.4291609353507564,0.25018953752843065,0.5490848585690515,0.041615667074663396,6.788689117686162,0.056572379367720464,3.621289195319813,11.378658697058825,2.5748711860232945,0.3235294117647059,0.9771784232365145,0.007108250198424801,0.32398281526408895,1.1031636863823935,0.02577710386656558,60.29211361558442,0.26521060842433697,0.12121212121212115,-0.4013104321425524,-0.4738823351233914,-0.44673933480636446,0.10749185667752444,0.13333333333333333,0.12213740458015267,2.340813936023322,0.05999415154115477,0.0484924270947126,Specialty Industrial Machinery,Industrials,LXFR
2018Q1,2018,Q1,2018-03-31,2018-03-31,9000000.0,119700000.0,13100000.0,0.33,30700000.0,0.25647451963241436,409300000.0,165400000.0,177600000.0,89900000.0,243900000.0,94600000.0,311400000.0,337507498.45,434507498.45,6.23850435818369,1.9755283648498332,0.2567798680674322,0.6354292623941958,0.03926662337013538,6.23850435818369,0.05441354292623942,2.819611515873016,9.375208290277778,2.0405531949818623,0.37777777777777777,0.9408033826638478,0.010073850257000118,0.2924505252870755,0.9232480533926585,0.021988761299780113,44.408881375,0.25647451963241436,5.125,-0.45169445645912887,-0.50549469810885,-0.4631829865327494,0.13284132841328414,4.913043478260869,2.7466666666666666,19.302813154342825,0.041177993809921126,0.05509734271863329,Specialty Industrial Machinery,Industrials,LXFR
2017Q4,2017,Q4,2017-12-31,2017-12-31,-2300000.0,116100000.0,-7500000.0,-0.08,27100000.0,0.23341946597760552,402600000.0,162300000.0,171300000.0,84400000.0,240300000.0,82200000.0,311400000.0,420490234.53,520190234.53,6.125471624516968,2.029620853080569,0.280675608544461,0.696241528034504,-0.007641331407865477,6.125471624516968,-0.014171287738755391,3.621793579069767,-45.705460275,2.590820915157116,-1.4782608695652173,1.0827250608272505,0.008085800146584441,0.28837555886736216,1.0308056872037914,-0.005712866368604074,33.37224083571429,0.23341946597760552,-1.4444444444444446,-1.1175442706760794,-0.5481464572830137,-0.4481457229014607,-0.08135593220338982,-1.4893617021276595,-1.8064516129032258,-1.1982794947479796,-0.04291825024720975,-0.05871550351582612,Specialty Industrial Machinery,Industrials,LXFR
2017Q3,2017,Q3,2017-09-30,2017-09-30,4700000.0,115200000.0,9300000.0,0.18,29500000.0,0.2560763888888889,418900000.0,172500000.0,186900000.0,80000000.0,246400000.0,89000000.0,324300000.0,329697526.04999995,431097526.04999995,6.513925129284421,2.33625,0.2878968727619957,0.6991304347826087,0.02130428425208364,6.513925129284421,0.027246376811594204,2.8619576914062494,17.537102449468083,1.9112900060869564,0.7021276595744681,0.9629213483146067,0.010009174286310967,0.2750059680114586,1.22375,0.011219861542134162,45.16404466438355,0.2560763888888889,1.0,-0.7737452716927962,-0.4914471441784006,-0.054313295226789855,0.12167300380228137,0.88,0.36764705882352944,0.06227093740325229,-0.03088317415510269,-0.021504651470524286,Specialty Industrial Machinery,Industrials,LXFR
2017Q2,2017,Q2,2017-06-30,2017-06-30,2500000.0,106600000.0,6800000.0,0.09,26300000.0,0.24671669793621012,444700000.0,164600000.0,213100000.0,71600000.0,280100000.0,90700000.0,321500000.0,338181579.46999997,441581579.46999997,6.225158695217327,2.9762569832402233,0.36114234315268723,0.9756986634264885,0.011616782834495012,6.225158695217327,0.015188335358444714,3.1724350794559095,33.818157946999996,2.0545660964155528,1.32,0.8853362734288864,0.009758071404042105,0.2397121655048347,1.7094972067039107,0.005621767483696874,47.631208376056335,0.24671669793621012,-0.64,-0.8785097573719223,-0.5796379614499236,0.004790138685380821,0.023346303501945526,-0.6212121212121212,-0.3644859813084112,-0.5544337621242309,-0.11161621834922136,-0.15929782664695014,Specialty Industrial Machinery,Industrials,LXFR
2017Q1,2017,Q1,2017-03-31,2017-03-31,6600000.0,103400000.0,10700000.0,0.25,25700000.0,0.24854932301740812,425600000.0,153400000.0,193100000.0,59100000.0,272200000.0,87600000.0,315100000.0,321329860.48,427229860.48,5.805075187265708,3.267343485617597,0.34375,0.953715775749674,0.027399492515771586,5.805075187265708,0.04302477183833116,3.1076388827853,12.171585624242425,2.0947187775749674,0.5,0.886986301369863,0.010269820536038842,0.24295112781954886,1.7851099830795263,0.01550751879699248,46.56954499710145,0.24854932301740812,1.0833333333333335,-0.4041323840615448,-0.26717554164287577,0.7731075886250834,0.3817204301075269,1.0625,1.0188679245283019,-0.5346897896863644,-0.574314746769034,-0.5906017421157919,Specialty Industrial Machinery,Industrials,LXFR
2016Q4,2016,Q4,2016-12-31,2016-12-31,3200000.0,96100000.0,5300000.0,0.12,18600000.0,0.1935483870967742,391500000.0,141900000.0,156100000.0,54000000.0,249600000.0,82500000.0,308100000.0,287719647.93,395119647.93,5.370821948092879,2.890740740740741,0.3090676883780332,0.8527131782945736,0.018973888528404897,5.370821948092879,0.02255109231853418,2.9939609566077006,22.47809749453125,2.0276226069767445,1.03125,0.9393939393939394,0.011469498255478418,0.2454661558109834,1.3296296296296297,0.008173690932311623,84.6234258617647,0.1935483870967742,0.0,-0.8931118838132841,-0.7144414783208743,-0.18077186876338747,-0.14285714285714285,-0.030303030303030304,-0.08620689655172414,-0.8154701604079639,-0.5795980744984022,-0.6243705964799046,Specialty Industrial Machinery,Industrials,LXFR
2016Q3,2016,Q3,2016-09-30,2016-09-30,3300000.0,98900000.0,5800000.0,0.12,21700000.0,0.21941354903943378,430800000.0,129400000.0,189400000.0,68900000.0,301400000.0,91000000.0,292400000.0,303971358.83,409171358.83,4.9338398386367475,2.748911465892598,0.3191736304549675,1.062596599690881,0.01749079311699824,4.9338398386367475,0.025502318392581144,3.0735223339737106,23.028133244696967,2.3490831439721793,1.0,0.8483516483516483,0.010856285976092797,0.22957288765088207,1.428156748911466,0.00766016713091922,168.87297712777777,0.21941354903943378,-0.52,-0.881405885101065,-0.6425633035415779,0.049835304930843156,-0.18726591760299627,-0.5074626865671642,-0.46788990825688076,-0.7991710288454293,-0.5783337729007225,-0.6245776863650601,Specialty Industrial Machinery,Industrials,LXFR
2016Q2,2016,Q2,2016-06-30,2016-06-30,6700000.0,111000000.0,10900000.0,0.25,26700000.0,0.24054054054054055,484200000.0,146900000.0,248600000.0,74700000.0,337300000.0,91000000.0,308100000.0,316605130.97999996,418505130.97999996,5.581738345584913,3.3279785809906293,0.38310615448161917,1.2627637848876787,0.024966497100973636,5.581738345584913,0.045609257998638526,2.852298477297297,11.813624290298508,2.1552425526208303,0.4925373134328358,0.9263736263736264,0.010423078077684288,0.22924411400247832,2.109772423025435,0.013837257331681124,57.5645692690909,0.24054054054054055,-0.21875000000000003,0.0,0.0,0.0,0.011363636363636364,-0.22988505747126436,-0.21014492753623187,-0.6031432186260227,-0.5402991342075006,-0.5451027118078298,Specialty Industrial Machinery,Industrials,LXFR
2016Q1,2016,Q1,2016-03-31,2016-03-31,8700000.0,108800000.0,13800000.0,0.32,26400000.0,0.2426470588235294,456000000.0,160000000.0,215400000.0,75700000.0,296000000.0,93500000.0,314000000.0,281858310.45,383758310.45,6.022884325424721,2.845442536327609,0.3307017543859649,0.9425,0.033301158301158304,6.022884325424721,0.054375,2.590609471047794,8.099376737068965,1.7616144403125,0.39080459770114945,0.881283422459893,0.01206279848400333,0.23859649122807017,1.6103038309114928,0.019078947368421053,-704.645776125,0.2426470588235294,0.18518518518518512,0.02030779219627501,-0.09316433492569574,0.0,0.13304721030042918,0.17567567567567569,-0.15337423312883436,-0.47102037799145824,-0.5514144712469071,-0.4817368730708811,Specialty Industrial Machinery,Industrials,LXFR
2015Q4,2015,Q4,2015-12-31,2015-12-31,7400000.0,107400000.0,16300000.0,0.27,23300000.0,0.2169459962756052,435700000.0,169700000.0,191700000.0,69400000.0,266000000.0,91800000.0,316600000.0,264882832.07999998,359582832.08,6.304100522059021,2.7622478386167146,0.3020426899242598,0.7754861520329994,0.03392643178992726,6.304100522059021,0.043606364172068354,2.4663205966480444,8.948744327027027,1.5608888160282852,0.36486486486486486,0.9161220043572985,0.01019318609212297,0.2464998852421391,1.4394812680115274,0.016984163415193942,34.4003678025974,0.2169459962756052,0.1739130434782609,0.1541024798144763,0.04274225495683018,1.5573339873040435,-0.08627450980392157,0.21311475409836064,0.5825242718446602,-0.6277577847362773,-0.5885756155911582,-0.43205273820336376,Specialty Industrial Machinery,Industrials,LXFR
2015Q3,2015,Q3,2015-09-30,2015-09-30,6100000.0,113200000.0,10300000.0,0.23,25500000.0,0.2252650176678445,460600000.0,161900000.0,206200000.0,67700000.0,298700000.0,93700000.0,305500000.0,290016220.39,387616220.39,6.023459645294497,3.0457902511078285,0.2978723404255319,0.8474366893143916,0.026931221013467753,6.023459645294497,0.03767757875231625,2.5619807454946995,11.88591067172131,1.791329341507103,0.4426229508196721,0.935965848452508,0.009309824106972944,0.2457663916630482,1.6617429837518465,0.013243595310464611,31.523502216304347,0.2252650176678445,1.090909090909091,-0.7860918072076786,-0.6007934502599623,0.2816874483715791,-0.12371134020618557,0.967741935483871,0.17045454545454544,-0.7106822131701253,-0.5076481903844382,-0.12551870182168912,Specialty Industrial Machinery,Industrials,LXFR
2015Q2,2015,Q2,2015-06-30,2015-06-30,3100000.0,122800000.0,8800000.0,0.11,29100000.0,0.23697068403908794,484100000.0,174600000.0,232600000.0,65800000.0,309500000.0,97600000.0,312000000.0,350563720.0,448963720.0,6.474714496982175,3.534954407294833,0.32369345176616404,0.8974799541809851,0.013723714659422475,6.474714496982175,0.017754868270332187,2.85475342019544,28.271267741935485,2.007810538373425,0.8709677419354839,0.9600409836065574,0.007701880844943111,0.25366659781036976,2.0319148936170213,0.006403635612476761,26.7605893129771,0.23697068403908794,6.5,0.0,0.0,0.0,0.11494252873563218,7.2,2.52,-0.8522869478929089,-0.5251893639560191,0.04507043047259112,Specialty Industrial Machinery,Industrials,LXFR
2015Q1,2015,Q1,2015-03-31,2015-03-31,-500000.0,116900000.0,2500000.0,-0.02,26100000.0,0.223267750213858,444500000.0,159400000.0,196200000.0,68200000.0,285100000.0,100500000.0,298900000.0,360438995.56,466238995.56,5.912728717626327,2.87683284457478,0.27334083239595053,0.7622333751568381,,5.912728717626327,-0.003136762860727729,3.0833104838323355,-180.21949777999998,2.2612233096612293,-5.4,0.9034825870646767,0.007490865398193432,0.262992125984252,1.3856304985337244,-0.0011248593925759281,66.74796214074074,0.223267750213858,-1.0465116279069768,-1.0577825963357805,-0.03987162459785523,0.0,-0.0711743772241993,-1.0423728813559323,-0.6951219512195121,-1.0442479341310031,-0.1878970742708875,0.8059893835143934,Specialty Industrial Machinery,Industrials,LXFR
2014Q4,2014,Q4,2014-12-31,2014-12-31,11800000.0,123400000.0,8200000.0,0.43,28100000.0,0.22771474878444084,459800000.0,175400000.0,196100000.0,65400000.0,284400000.0,104600000.0,308800000.0,402411858.27,509211858.27,6.507566678720877,2.9984709480122325,0.2640278381905176,0.6921322690992018,0.02672219521894746,6.507566678720877,0.06727480045610035,3.261036128606159,8.525674963347457,2.2942523276510833,0.2288135593220339,0.9110898661567878,0.00670954382807582,0.2683775554588952,1.3685015290519877,0.02566333188342758,46.792076543023256,0.22771474878444084,1.6875,0.8379869022037852,0.19656308828906258,1.6398724740995465,-0.017482517482517484,1.6222222222222222,-0.18,-0.6136400241968268,-0.6405673083574202,-0.007380668986951223,Specialty Industrial Machinery,Industrials,LXFR
2014Q3,2014,Q3,2014-09-30,2014-09-30,4500000.0,120900000.0,10000000.0,0.16,28600000.0,0.23655913978494625,476300000.0,179300000.0,212200000.0,75200000.0,297000000.0,116000000.0,307300000.0,464875955.42,575675955.4200001,6.657083387339371,2.8218085106382977,0.26495905941633424,0.7038482989403235,0.023757985322844625,6.657083387339371,0.02509760178471835,3.845127836393714,25.826441967777782,2.5927270240936977,0.6,0.7956896551724137,0.00580800096998056,0.2538316187276926,1.2792553191489362,0.009447826999790049,119.19896292820513,0.23655913978494625,-0.20000000000000004,-0.8425239007991046,-0.5745171268710838,0.41651156025943115,0.047619047619047616,-0.21052631578947367,-0.038461538461538464,-0.8425239007991046,-0.5745171268710838,0.41651156025943115,Specialty Industrial Machinery,Industrials,LXFR
2014Q2,2014,Q2,2014-06-30,2014-06-30,5700000.0,121900000.0,10400000.0,0.2,27300000.0,0.2239540607054963,415200000.0,198900000.0,204600000.0,68700000.0,216300000.0,108900000.0,319900000.0,509021047.54999995,564421047.55,7.404713455645004,2.978165938864629,0.16016377649325625,0.33433886375062843,0.028273539820476378,7.404713455645004,0.02865761689291101,4.175726394995898,22.325484541666665,2.559180731774761,0.47368421052631576,0.8686868686868687,0.005304299327101567,0.29359344894026973,1.3930131004366813,0.013728323699421965,-52.47639665463917,0.2239540607054963,-0.6078431372549019,0.0,0.0,0.0,-0.05536332179930796,-0.20833333333333334,-0.15447154471544716,0.0,0.0,0.0,Specialty Industrial Machinery,Industrials,LXFR
2014Q1,2014,Q1,2014-03-31,2014-03-31,7200000.0,123300000.0,12300000.0,0.51,28900000.0,0.23438767234387672,417000000.0,190200000.0,206700000.0,78900000.0,226800000.0,106800000.0,316000000.0,262640285.15999997,308240285.15999997,14.179530751465926,2.6197718631178706,0.1537170263788969,0.3370136698212408,0.034825009830908374,14.179530751465926,0.03785488958990536,2.130091526034063,9.119454345833333,1.380863749526814,0.375,0.8838951310861424,0.010280220333888096,0.2956834532374101,1.2661596958174905,0.017266187050359712,-125.06680245714284,0.23438767234387672,-0.19047619047619047,0.672288694930356,1.035305377556856,0.0,-0.03666666666666667,-0.18181818181818182,-0.06818181818181818,0.672288694930356,1.035305377556856,0.0,Specialty Industrial Machinery,Industrials,LXFR
2013Q4,2013,Q4,2013-12-31,2013-12-31,8800000.0,116000000.0,13200000.0,0.63,30000000.0,0.25862068965517243,396100000.0,191700000.0,193100000.0,65300000.0,204400000.0,94100000.0,317300000.0,279676027.68,315076027.68,14.29819363916103,2.9571209800918834,0.16107043675839436,0.332811684924361,0.043298853788090584,14.29819363916103,0.04590505998956703,2.41100023862069,7.9453416954545455,1.4589255486697965,0.3068181818181818,0.9139213602550478,0.009654027277194057,0.29285533956071697,1.5038284839203675,0.02221661196667508,-54.838436800000004,0.25862068965517243,0.050000000000000044,1.7555804877428756,1.2612493492212695,4.800233740330362,0.034482758620689655,0.047619047619047616,-0.0364963503649635,1.7555804877428756,1.2612493492212695,4.800233740330362,Specialty Industrial Machinery,Industrials,LXFR
2013Q3,2013,Q3,2013-09-30,2013-09-30,8400000.0,119900000.0,13700000.0,0.6,29000000.0,0.24186822351959966,390900000.0,176200000.0,197800000.0,69000000.0,214700000.0,88300000.0,304100000.0,214248462.24,239848462.24,13.14210599488875,2.8666666666666667,0.16295727807623434,0.3615209988649262,0.042451316367070356,13.14210599488875,0.04767309875141884,1.786892929441201,6.376442328571429,1.2159390592508514,0.32142857142857145,1.0294450736126841,0.01260219080114318,0.3067280634433359,1.5869565217391304,0.021488871834228703,30.175839752112676,0.24186822351959966,-0.016393442622950834,-0.409477057930763,-0.15232315635687171,1.7964115791788062,-0.04918032786885246,-0.023255813953488372,-0.09271523178807947,-0.409477057930763,-0.15232315635687171,1.7964115791788062,Specialty Industrial Machinery,Industrials,LXFR
2013Q2,2013,Q2,2013-06-30,2013-06-30,8600000.0,123000000.0,15100000.0,0.61,30500000.0,0.24796747967479674,375600000.0,164500000.0,193600000.0,70400000.0,211100000.0,83900000.0,301900000.0,208200242.78,234800242.78,12.270326709942754,2.75,0.16932907348242812,0.38662613981762917,0.044477476983779046,12.270326709942754,0.052279635258358666,1.6926849006504066,6.052332638953488,1.265654971306991,0.313953488372093,1.102502979737783,0.012968284589624724,0.3274760383386581,1.5582386363636365,0.022896698615548456,71.79318716551724,0.24796747967479674,0.0338983050847458,0.0,0.0,0.0,0.07773851590106007,0.03614457831325301,0.041379310344827586,0.0,0.0,0.0,Specialty Industrial Machinery,Industrials,LXFR
2013Q1,2013,Q1,2013-03-31,2013-03-31,8300000.0,122400000.0,14500000.0,0.59,28300000.0,0.2312091503267974,376100000.0,155800000.0,195700000.0,74500000.0,220300000.0,82200000.0,291800000.0,214100735.01000002,240600735.01000002,11.621286586819924,2.6268456375838927,0.16883807498005848,0.40757381258023107,0.04535467848488617,11.621286586819924,0.05327342747111682,1.749189011519608,6.448817319578313,1.3742024069961492,0.3253012048192771,1.1447688564476886,0.012610886178760158,0.3254453602765222,1.523489932885906,0.022068598776921033,37.56153245789474,0.2312091503267974,-0.16901408450704225,0.9288224909726285,1.0215446262722352,0.0,-0.09003215434083602,-0.16161616161616163,0.03571428571428571,0.9288224909726285,1.0215446262722352,0.0,Specialty Industrial Machinery,Industrials,LXFR
2012Q4,2012,Q4,2012-12-31,2012-12-31,9900000.0,130000000.0,14000000.0,0.71,31100000.0,0.23923076923076922,390500000.0,148800000.0,200100000.0,78700000.0,241700000.0,83800000.0,278600000.0,164487300.96,187787300.96,11.09979912944156,2.542566709021601,0.16261203585147246,0.426747311827957,0.056280150080400215,11.09979912944156,0.06653225806451613,1.2652869304615386,4.153719721212121,1.1054254096774194,0.20202020202020202,1.1801909307875895,0.012158993358924163,0.33290653008962867,1.47141041931385,0.02535211267605634,20.56091262,0.23923076923076922,-0.08974358974358981,2.1004072952790387,1.534468773539279,3.502766646350596,0.05067567567567568,-0.05714285714285714,-0.14634146341463414,2.1004072952790387,1.534468773539279,3.502766646350596,Specialty Industrial Machinery,Industrials,LXFR
2012Q3,2012,Q3,2012-09-30,2012-09-30,10500000.0,114500000.0,16400000.0,0.78,29600000.0,0.25851528384279476,369100000.0,92200000.0,188700000.0,87600000.0,276900000.0,89500000.0,285200000.0,147240786.0,236040786.0,6.888037123083546,2.154109589041096,0.2961257111893796,1.185466377440347,0.05622306386313177,6.888037123083546,0.113882863340564,1.285945729257642,3.505733,1.5969716485900216,0.3619047619047619,0.9486033519553073,0.0258080665230896,0.3102140341370902,1.1324200913242009,0.028447575182877268,56.63107153846154,0.25851528384279476,0.0,-0.2606462425412366,-0.18918435569121575,0.4656544983197994,-0.06031746031746032,0.029411764705882353,-0.08379888268156424,-0.2606462425412366,-0.18918435569121575,0.4656544983197994,Specialty Industrial Machinery,Industrials,LXFR
2012Q2,2012,Q2,2012-06-30,2012-06-30,10200000.0,125700000.0,17900000.0,0.78,31500000.0,0.25059665871121717,353800000.0,81200000.0,182400000.0,81900000.0,272600000.0,82800000.0,277200000.0,144169586.0,219169586.0,6.195481479706823,2.227106227106227,0.30497456189937816,1.3288177339901477,0.06436805922792173,6.195481479706823,0.12561576354679804,1.146933858392999,3.5335682843137257,1.775487512315271,0.0,1.1376811594202898,0.0,0.3552854720180893,1.216117216117216,0.02882984737139627,4.449678580246913,0.25059665871121717,0.902439024390244,0.0,0.0,0.0,-0.06528189910979229,-0.08108108108108109,-0.02185792349726776,0.0,0.0,0.0,Specialty Industrial Machinery,Industrials,LXFR
2012Q1,2012,Q1,2012-03-31,2012-03-31,11100000.0,141400000.0,18300000.0,0.41,33700000.0,0.23833097595473834,353400000.0,86700000.0,183100000.0,81400000.0,266700000.0,89300000.0,279100000.0,291299019.0,397299019.0,3.2739554128055612,2.249385749385749,0.3307866440294284,1.348327566320646,0.06010190072667882,3.2739554128055612,0.12802768166089964,2.060106216407355,6.560788716216216,3.359850276816609,0.0,1.206047032474804,0.0,0.40011318619128466,1.1523341523341524,0.031409168081494056,44.81523369230769,0.23833097595473834,-0.6339285714285715,0.3058823529411765,0.18227424749163887,0.0,0.3062015503875969,-0.008928571428571428,0.3969465648854962,0.3058823529411765,0.18227424749163887,0.0,Specialty Industrial Machinery,Industrials,LXFR
2011Q4,2011,Q4,2011-12-31,2011-12-31,11200000.0,125900000.0,13100000.0,1.12,25800000.0,0.20492454328832407,364300000.0,64800000.0,189200000.0,84600000.0,299500000.0,100600000.0,259400000.0,108725595.0,219025595.0,6.555954005126392,2.2364066193853427,0.36371122701070546,2.044753086419753,0.06699451605685766,6.555954005126392,0.1728395061728395,0.8635869340746625,2.4269106026785714,1.6778641203703704,0.0,0.9950298210735586,0.0,0.3455942904199835,0.9633569739952719,0.030743892396376614,4.875587219730941,0.20492454328832407,0.06666666666666672,3.7571876418693213,2.329032433919299,1.6595013734070057,-0.2970027247956403,-0.2112676056338028,-0.42543859649122806,3.7571876418693213,2.329032433919299,1.6595013734070057,Specialty Industrial Machinery,Industrials,LXFR
2011Q3,2011,Q3,2011-09-30,2011-09-30,14200000.0,141200000.0,22800000.0,1.05,36700000.0,0.25991501416430596,358800000.0,62900000.0,194200000.0,85100000.0,295900000.0,102500000.0,256600000.0,147224286.0,277024286.0,4.699632233230868,2.282021151586369,0.38489409141583053,2.1955484896661366,0.07895815042434884,4.699632233230868,0.22575516693163752,1.0426649150141643,2.591976866197183,2.340608680445151,0.0,1.0195121951219512,0.0,0.3935340022296544,1.0775558166862516,0.039576365663322184,-81.79127,0.25991501416430596,0.0,0.0,0.0,0.0,0.18770226537216828,0.49473684210526314,0.4161490683229814,0.0,0.0,0.0,Specialty Industrial Machinery,Industrials,LXFR
2011Q2,2011,Q2,2011-06-30,2011-06-30,9500000.0,124100000.0,16100000.0,0.0,30900000.0,0.24899274778404512,,,,,,,,0.0,,0.0,0.0,0.0,0.0,0.0,0.0,0.0,0.0,0.0,0.0,0.0,0.0,,0.0,0.0,0.0,0.0,0.24899274778404512,-1.0,0.0,0.0,0.0,0.14444444444444443,0.11764705882352941,0.13380281690140844,0.0,0.0,0.0,Specialty Industrial Machinery,Industrials,LXFR
2011Q1,2011,Q1,2011-03-31,2011-03-31,8500000.0,119600000.0,14200000.0,0.32,27000000.0,0.225752508361204,,,,,,,,291299019.0,,,0.0,0.0,0.0,0.0,,0.0,2.4356105267558528,8.567618205882352,0.0,0.0,0.0,0.0,0.0,0.0,0.0,-23.30392152,0.225752508361204,0.3333333333333334,0.0,0.0,0.0,0.125,0.3492063492063492,0.5106382978723404,0.0,0.0,0.0,Specialty Industrial Machinery,Industrials,LXFR
2010Q4,2010,Q4,2010-12-31,2010-12-31,6300000.0,101200000.0,9400000.0,0.24,24000000.0,0.23715415019762845,296600000.0,65200000.0,139300000.0,80800000.0,231400000.0,77100000.0,255000000.0,290940782.0,396540782.0,2.465106455924766,1.724009900990099,0.39076196898179366,1.7776073619631902,0.044794747471691265,2.465106455924766,0.09662576687116564,2.874908913043478,11.545269126984126,4.462281932515338,0.0,1.0012970168612192,0.0,0.3412002697235334,0.7698019801980198,0.02124072825354012,52.898324,0.23715415019762845,0.0,0.0,0.0,0.0,0.0,0.0,0.0,0.0,0.0,0.0,Specialty Industrial Machinery,Industrials,LXFR
