Quarters,Year,Quarter,FillingDate,Date,NetIncome,Revenue,OperatingIncome,EPSDiluted,GrossProfit,GrossProfitRatio,TotalAssets,CommonStockEquity,CurrentAssets,CurrentLiability,TotalLiability,Inventory,RetainedEarnings,MarketCap,EnterpriseValue,bookValuePerShare,currentRatio,debtToAssets,debtToEquity,roic,shareholdersEquityPerShare,roe,priceToSalesRatio,peRatio,pbRatio,payoutRatio,inventoryTurnover,dividendYield,assetTurnover,quickRatio,returnOnAssets,priceToFreeCashFlowsRatio,grossProfitMargin,epsdilutedGrowth,fiveYNetIncomeGrowthPerShare,fiveYRevenueGrowthPerShare,fiveYShareholdersEquityGrowthPerShare,grossProfitGrowth,netIncomeGrowth,operatingIncomeGrowth,threeYNetIncomeGrowthPerShare,threeYRevenueGrowthPerShare,threeYShareholdersEquityGrowthPerShare,Industry,Sector,Symbol
2023Q1,2023,Q1,2023-04-28,2023-03-31,-22334000.0,131100000.0,-15599000.0,-0.4,68114000.0,0.5195575896,3886862000.0,1298196000.0,269283000.0,350304000.0,2583874000.0,13287000.0,520031000.0,3239761200.0,4373112200.0,23.321165522940394,0.7687123184434091,0.30503707103570954,0.9132958351435376,-0.005356793250709792,23.321165522940394,-0.01720387368317265,24.712137299771168,-36.264901047729914,2.495587107031604,-0.6472642607683353,4.740422969820125,0.004462057265208312,0.03372900813046617,0.4895976066502238,-0.005746023398824038,-53.10213407638092,0.5195575896262395,-2.142857142857143,-6.571837701384422,-0.1446587162029499,0.6440591448939282,-0.4701031569448118,-2.1412949052072157,-1.5934111918438771,0.040124168741255635,-0.08875465681501998,0.5004001703008889,Utilities—Regulated Water,Utilities,CWT
2022Q4,2022,Q4,2023-03-01,2022-12-31,19569000.0,200937000.0,26287000.0,0.35,128542000.0,0.6397129449,3850752000.0,1317590000.0,295535000.0,294650000.0,2528358000.0,12564000.0,556698000.0,3340233120.0,4403930120.0,23.9200842365158,1.0030035635499746,0.2923577005218721,0.8544365090809736,0.011191729198751726,23.9200842365158,0.014852116363967547,16.623285507397842,42.67250651540702,2.5351081292359536,0.7008533905667127,5.76209805794333,0.004106000841043095,0.0521812362883925,0.6557610724588495,0.00508186452931791,-54.103358061485636,0.639712944853362,-0.6601941747572816,0.24832276633507577,0.08159340087716165,0.6567333839198889,-0.2399541165062321,-0.6497530068728522,-0.5952483601761464,0.5138829148201077,-0.003747127285110214,0.48156776474233093,Utilities—Regulated Water,Utilities,CWT
2022Q3,2022,Q3,2022-10-27,2022-09-30,55872000.0,266307000.0,64946000.0,1.03,169124000.0,0.6350715528,3806398000.0,1273459000.0,339165000.0,322547000.0,2528066000.0,10994000.0,561907000.0,2845628830.0,3884904830.0,23.579517469957597,1.0515211736584125,0.2967987057580421,0.8871381018156062,0.024300396222290032,23.579517469957597,0.043874204037978454,10.685520207880378,12.73280368520905,2.234566507441543,0.24323453608247422,8.839639803529197,0.004775745823463562,0.06996299388555795,0.7767333132845756,0.014678444030287952,87.744097622645,0.6350715527567807,1.8611111111111114,0.4675514775042676,0.11826080381625312,0.6463280860970971,0.324675731562128,1.8675836583863683,1.3799333064604786,0.17394474824522937,0.020835044615648626,0.4979533389917177,Utilities—Regulated Water,Utilities,CWT
2022Q2,2022,Q2,2022-07-28,2022-06-30,19484000.0,206194000.0,27289000.0,0.36,127672000.0,0.6191838754,3682752000.0,1202522000.0,276652000.0,286083000.0,2475446000.0,10567000.0,519625000.0,3000088850.0,4068292850.0,22.266039587460885,0.9670340425680659,0.3068229954121266,0.9396526633192573,0.010697992390114899,22.266039587460885,0.016202614172547362,14.549835834214381,38.494262600082116,2.4948307390634015,0.6904126462738658,7.430869688653355,0.004483867202799677,0.05598910814521314,0.7321651408856871,0.005290608762143093,-74.30560619195046,0.6191838753794969,20.686746987951807,-0.06512969116001,0.07131429484524629,0.6155338362638844,0.2262712027200953,20.794183445190157,1.986320857955789,0.02176575586902003,0.026520746432877013,0.48209546047925117,Utilities—Regulated Water,Utilities,CWT
2022Q1,2022,Q1,2022-04-28,2022-03-31,894000.0,172993000.0,9138000.0,0.0166,104114000.0,0.6018393808,3639241000.0,1164630000.0,272474000.0,281817000.0,2469363000.0,10526000.0,513593000.0,3185173680.0,4227637680.0,21.67519681375742,0.9668472803273046,0.30524029598479463,0.9538162334818784,-0.32638057310202395,21.67519681375742,0.0007676257695577136,18.41215355534617,890.7085234899329,2.7349232631822984,15.021252796420582,6.543701311039332,0.004216096624282039,0.04753546137779828,0.6880528853830677,0.0002456556188501943,-222.69269943368525,0.6018393807841936,-0.7430340557275541,-0.29471829733156396,0.2659369930261887,0.5968216625156962,0.21455402347122093,-0.739813736903376,-0.35846672283066555,1.104721990610391,0.22763507828334906,0.4595031345685994,Utilities—Regulated Water,Utilities,CWT
2021Q4,2021,Q4,2022-02-24,2021-12-31,3436000.0,173326000.0,14244000.0,0.0646,85722000.0,0.4945709242,3623271000.0,1177594000.0,300458000.0,256576000.0,2440291000.0,9511000.0,525936000.0,3819862020.0,4839270020.0,22.15313129032865,1.1710292466949364,0.3029825812090788,0.9322296139416472,0.007475653224791443,22.15313129032865,0.0029178137796218393,22.03859790221894,277.92942520372526,3.2437852264872276,3.5657741559953435,9.210808537482915,0.0032074456972139534,0.047836885510357904,0.827630019955101,0.0009483143822253428,-116.15465608465608,0.49457092415448345,-0.9461666666666667,-0.7945354242972787,0.036241980932981824,0.6112870702000603,-0.4774100333469485,-0.9449614762370052,-0.7998088599055543,-0.850012601629743,-0.10098244103096324,0.4583638337127866,Utilities—Regulated Water,Utilities,CWT
2021Q3,2021,Q3,2021-10-28,2021-09-30,62429000.0,256723000.0,71152000.0,1.2,164033000.0,0.638949373449204,3679689000.0,1115971000.0,393408000.0,360938000.0,2559029000.0,9383000.0,534685000.0,3012442670.0,4056978670.0,21.830845673819912,1.0899600485401926,0.3220119961224984,1.0617695262690519,0.030005931507462363,21.830845673819912,0.055941417832542244,11.734214191950079,12.06347478735844,2.6993915343678285,0.19002386711304042,9.87850367686241,0.003938000254125998,0.06976758090153815,0.8283915797172922,0.016965835971463894,71.24645641171183,0.638949373449204,0.6,1.5609646930119232,0.30735391711005683,0.6061112926256992,0.24643242503913315,0.6395892425674966,0.6842304596884912,0.7069496815263698,0.10241763187156383,0.473818317019304,Utilities—Regulated Water,Utilities,CWT
2021Q2,2021,Q2,2021-07-29,2021-06-30,38076000.0,213123000.0,42246000.0,0.75,131602000.0,0.6174931846867772,3548753000.0,997118000.0,305586000.0,362379000.0,2546490000.0,9589000.0,484119000.0,2836983200.0,3980609200.0,19.520712607674238,0.8432773422300961,0.3409955553401434,1.2136066142623039,0.017967678435618174,19.520712607674238,0.03818605220244745,13.311483040310057,18.627108940014708,2.845183017456309,0.3073327030150226,8.501512149337783,0.004124804122914792,0.06005574352455637,0.583400252222121,0.010729402694411248,-83.35732502791326,0.6174931846867772,13.500000000000002,2.107337321978732,0.3129677917909877,0.47064455244573866,0.5277332776113859,13.558047493403693,13.472764645426516,1.7518449712293407,0.16187486160193804,0.3680936553313209,Utilities—Regulated Water,Utilities,CWT
2021Q1,2021,Q1,2021-04-29,2021-03-31,-3032000.0,147737000.0,2919000.0,-0.06,86142000.0,0.5830766835660667,3471467000.0,929802000.0,302400000.0,655466000.0,2541665000.0,9201000.0,457596000.0,2841789600.0,3978489600.0,18.433822363203806,0.46135116085349964,0.35174956293693704,1.313276374970155,0.0014827990734139307,18.433822363203806,-0.0032609093118750013,19.235463018742767,-234.31642480211082,3.056338446249847,-3.819591029023747,6.694381045538528,0.004075248920609745,0.042557512429183396,0.2980764829907272,-0.0008734059692919448,-77.14288506433574,0.5830766835660667,-1.1935483870967742,-2.6085445572694623,0.15267831667262177,0.3951315950267207,-0.25600476753927603,-1.1956507711169904,-0.8833985779340098,-0.13443317665058296,0.06375338640566877,0.29951885130972317,Utilities—Regulated Water,Utilities,CWT
2020Q4,2020,Q4,2021-02-25,2020-12-31,15497000.0,189152000.0,25034000.0,0.31,115783000.0,0.6121161816951447,3394248000.0,921344000.0,266016000.0,588706000.0,2472904000.0,8831000.0,472209000.0,2700959700.0,3814388700.0,18.430566113222646,0.45186561713317,0.3411606930312694,1.256842178382884,0.011047652805881677,18.430566113222646,0.016819993400944706,14.279308175435629,43.57229947731819,2.9315431586899137,0.6834225979221785,8.308119125806817,0.003921198824254949,0.05572721851791619,0.27338603649359783,0.004565665207727897,-48.11971672902191,0.6121161816951447,-0.8402061855670103,0.7508146480068693,0.30866349999805054,0.37409470180353244,-0.452911852954379,-0.8391760066417601,-0.7639682449887801,0.0892820308154104,0.12188799594835718,0.2765228526120879,Utilities—Regulated Water,Utilities,CWT
2020Q3,2020,Q3,2020-11-06,2020-09-30,96360000.0,304108000.0,106062000.0,1.94,211635000.0,0.6959205282333908,3506434000.0,890192000.0,305764000.0,603823000.0,2616242000.0,8611000.0,467303000.0,2154077200.0,3222803200.0,17.956107794093917,0.5063801809470656,0.3371054467302108,1.3278461275769722,0.044669816710756684,17.956107794093917,0.10824631090820856,7.083263840477725,5.588618721461188,2.419789438682891,0.10902864259028643,10.738938566949251,0.004877262523367314,0.08672856811221885,0.4020019111560838,0.02748091080567893,-194.69244396240057,0.6959205282333908,16.636363636363633,2.7046029951825874,0.6001273055800972,0.34149933052503323,1.1679471419791025,17.246544215110774,7.4897142399743855,1.7572394781629275,0.3911275003007457,0.2537001495500479,Utilities—Regulated Water,Utilities,CWT
2020Q2,2020,Q2,2020-07-30,2020-06-30,5281000.0,175484000.0,12493000.0,0.11,97620000.0,0.5562900321396822,3359933000.0,782023000.0,266889000.0,577552000.0,2577910000.0,8375000.0,381449000.0,2334247200.0,3402088200.0,15.980525584436815,0.46210384519489156,0.35186088532122517,1.5117573268305409,0.004996001869257001,15.980525584436815,0.0067529983133488404,13.301766542818719,110.50213974626018,2.9848830533117314,1.960992236318879,9.297194029850747,0.004436548108529379,0.052228422411994525,0.4065019253677591,0.001571757532069836,-44.606290846550735,0.5562900321396822,1.261904761904762,-0.47516097351020264,0.1889234748936108,0.22809527055071413,0.5131599342778311,1.260058108041562,2.8045644951610575,-0.720352462332492,0.006236316318921466,0.15948234536856049,Utilities—Regulated Water,Utilities,CWT
2020Q1,2020,Q1,2020-04-30,2020-03-31,-20307000.0,125563000.0,-6923000.0,-0.42,64514000.0,0.5137978544634965,3240845000.0,755140000.0,270082000.0,513127000.0,2485705000.0,8135000.0,386524000.0,2444696560.0,3447721560.0,15.54329703805858,0.5263453297136966,0.3528187864584699,1.514197367375586,-0.002943434715745723,15.54329703805858,-0.026891702200916388,19.469880139850115,-30.096722312503076,3.2374083746060336,-0.5079529226375141,7.504486785494776,0.004219337552469088,0.03874390783885067,0.4618291378157844,-0.0062659584151664146,-39.94406417986046,0.5137978544634965,-2.7499999999999996,-13.692169414541437,0.013271675288665782,0.19767826954457235,-0.3838792856460701,-2.7913726182074807,-1.3400962861072903,-18.71786798287496,0.016215555935078237,0.1450818015887462,Utilities—Regulated Water,Utilities,CWT
2019Q4,2019,Q4,2020-02-27,2019-12-31,11336000.0,176878000.0,20356000.0,0.24,104710000.0,0.5919899591809044,3111308000.0,779906000.0,184712000.0,358721000.0,2331402000.0,7745000.0,417146000.0,2490657360.0,3433178360.0,16.145116548668902,0.5149182791082764,0.31664303244808933,1.2631958210348426,0.00900995610380627,16.145116548668902,0.014535084997422766,14.081216205520189,54.92804693013409,3.1935353234877026,0.8394495412844036,9.318011620400258,0.0038206780879727264,0.05685004506143397,0.38676854714388065,0.0036434837052455107,-64.89974099069755,0.5919899591809044,-0.7272727272727273,-0.01538839043918726,0.27414540436185386,0.23172904048932785,-0.27738364710428975,-0.7327927588157647,-0.6052514204820912,-0.2540614988768448,0.163672236920011,0.17429979540184876,Utilities—Regulated Water,Utilities,CWT
2019Q3,2019,Q3,2019-10-31,2019-09-30,42424000.0,232537000.0,51567000.0,0.88,144904000.0,0.6231438437753992,3023254000.0,757795000.0,212056000.0,333944000.0,2265459000.0,7804000.0,415326000.0,2548103130.0,3464704130.0,15.741156187033921,0.6350046714419184,0.3201378382365491,1.277202937469896,0.023352112129090247,15.741156187033921,0.055983478381356436,10.95783952661297,15.015693534320196,3.3625230174387535,0.22409485197058268,11.22924141465915,0.003731010683229293,0.07691613076506307,0.5115079174951489,0.014032562265691205,213.30178553490708,0.6231438437753992,1.5142857142857145,0.25189121245593166,0.20775979095506739,0.20921782922980658,0.333014424492199,1.4961167333490233,0.9089697553030023,0.8479749034115746,0.25744124287328896,0.15808838048353427,Utilities—Regulated Water,Utilities,CWT
2019Q2,2019,Q2,2019-08-01,2019-06-30,16996000.0,179031000.0,27013000.0,0.35,108704000.0,0.6071797621640945,2964595000.0,723164000.0,206030000.0,331389000.0,2241431000.0,6989000.0,382409000.0,2406318640.0,3329863640.0,15.023350506897124,0.621716472182239,0.3299287086431705,1.352535524445354,0.012376857169298943,15.023350506897124,0.0235022761088771,13.4407931587267,35.395367145210635,3.32748676648727,0.5593669098611438,10.062526827872372,0.003950848338190157,0.06038969909886511,0.49963939660036993,0.0057329921962359105,-62.01053060172658,0.6071797621640945,3.1875,-0.016961184235425406,0.12233739551306977,0.20521209821865397,0.46770360769064595,3.224607329842932,55.75,0.471853875495504,0.17039613613375368,0.13182387479877636,Utilities—Regulated Water,Utilities,CWT
2019Q1,2019,Q1,2019-04-25,2019-03-31,-7640000.0,126111000.0,476000.0,-0.16,74064000.0,0.5872921473939625,2900662000.0,714129000.0,192725000.0,384043000.0,2186533000.0,6444000.0,374920000.0,2542306820.0,3422784820.0,14.851079316225096,0.5018318261236372,0.3243094162642873,1.3172858125072642,0.00022417389427880377,14.851079316225096,-0.010698347217379493,20.159278889232503,-83.19066819371727,3.5600106143287835,-1.2425392670157067,8.0768156424581,0.003734010358356353,0.043476627059616045,0.3883705730868679,-0.0026338815070490805,-63.973498238550576,0.5872921473939625,-1.5,-0.3856042620497297,0.1332899379751246,0.2103199811353991,-0.3038181715639276,-1.3688148684528119,-0.985070413700091,-8.53789769103122,0.032115364128350816,0.1239779556339639,Utilities—Regulated Water,Utilities,CWT
2018Q4,2018,Q4,2019-02-28,2018-12-31,20715000.0,174334000.0,31883000.0,0.32,106386000.0,0.6102424082508289,2837704000.0,730157000.0,188702000.0,321166000.0,2107547000.0,6586000.0,392053000.0,2290873220.0,3123735220.0,15.190400898745501,0.5875528542871911,0.31012325457482526,1.2052722907539064,0.017764808052438755,15.190400898745501,0.02837061070427319,13.140713916963989,27.647516533912622,3.1375077140943657,0.43514361573738836,10.317036137260857,0.0039347441496566105,0.0614348783382622,0.43504605095184423,0.007299915706500748,3444.922135338346,0.6102424082508289,-0.5555555555555556,2.6312225079754876,0.2950757813914662,0.21118607463976805,-0.2024858130242809,-0.39767969295184924,-0.3000131729164837,1.4339608892868974,0.25439774972810997,0.13252350823140768,Utilities—Regulated Water,Utilities,CWT
2018Q3,2018,Q3,2018-11-01,2018-09-30,34392000.0,218983000.0,45548000.0,0.72,133397000.0,0.6091660083202806,2876862000.0,712034000.0,235539000.0,381890000.0,2164828000.0,6563000.0,374593000.0,2023266300.0000002,2851067300.0,14.81244019138756,0.6167718452957658,0.31083242783282616,1.2558698039700351,0.021505238647519527,14.81244019138756,0.048301064275020573,9.239376115954208,14.707390526866714,2.8415304606240714,0.2620376831821354,13.04068261465793,0.004454183811592176,0.07611870155746087,0.5001518761947158,0.011954692300152042,-224.20947473404257,0.6091660083202806,1.6666666666666663,0.17161513991368677,0.17929121767070838,0.17800374077685108,0.3094826739962698,1.641068960221164,0.8178480204342273,0.3636398219687585,0.18832286461848105,0.1066361835232685,Utilities—Regulated Water,Utilities,CWT
2018Q2,2018,Q2,2018-07-26,2018-06-30,13022000.0,172632000.0,25056000.0,0.27,101870000.0,0.5900991704898281,2789514000.0,685932000.0,189570000.0,622300000.0,2103582000.0,6714000.0,349213000.0,1872443350.0000002,2683429350.0,14.268549913672956,0.30462799292945525,0.3027961143052159,1.2313961150667996,0.012880528908890977,14.268549913672956,0.018984389123120077,10.846444170258122,35.94769140684995,2.729779846981917,0.6922131776992781,10.539469764670837,0.004814030822347709,0.06188604896766964,0.24039691467138036,0.00466819668228946,-44.65534687939711,0.5900991704898281,6.3999999999999995,-0.0430186986011574,0.10896886358713254,0.1772638964695348,0.2862048938158127,6.116699410609037,2.111387060722712,0.317391591383415,0.1905973766023435,0.09653081020464489,Utilities—Regulated Water,Utilities,CWT
2018Q1,2018,Q1,2018-04-26,2018-03-31,-2545000.0,132247000.0,8053000.0,-0.05,79202000.0,0.5988944928807459,2716507000.0,681311000.0,165785000.0,464317000.0,2035196000.0,6478000.0,345205000.0,1789117500.0,2551109500.0,14.18511347074745,0.3570513248491871,0.2932788319706152,1.169354377075961,0.003925987274871908,14.18511347074745,-0.0037354453399402036,13.528605563831317,-175.74828094302555,2.625992388204506,-3.537524557956778,8.188484100030873,0.005032089843176874,0.04868273853150388,0.2696175242345208,-0.0009368648783161612,-42.198157931977924,0.5988944928807459,-1.175689516424025,-1.0863234166126754,0.043813009054354694,0.04742697181392215,-0.1743857564291001,-1.186187724047114,-0.5997117009643106,-2.608976202043035,0.07949787176076942,0.09302435084006011,Utilities—Regulated Water,Utilities,CWT
2017Q4,2017,Q4,2018-03-01,2017-12-31,13669000.0,161991000.0,20118000.0,0.28459296273162604,95931000.0,0.5921995666425912,2740375000.0,693462000.0,227873000.0,490959000.0,2046913000.0,6463000.0,356753000.0,2178160500.0,2890197500.0,14.438101186758276,0.4641385533211531,0.2944170049719473,1.1634566854420285,0.010190983204285709,14.438101186758276,0.019711245893790863,13.446182195307147,39.83759784914771,3.140994748090018,0.6323066793474285,10.221259477023054,0.003968027149514464,0.05911271267618483,0.3760538049002055,0.0049880034666788305,-53.52008698216129,0.5921995666425912,-0.5934386246691056,1.3824853939586466,0.16303219522604606,0.2772991702440847,-0.2644061558280233,-0.5961771396496204,-0.5116516166618118,0.1940715443521252,0.17361202307865814,0.1014989249315639,Utilities—Regulated Water,Utilities,CWT
2017Q3,2017,Q3,2017-10-26,2017-09-30,33849000.0,211731000.0,41196000.0,0.7,130413000.0,0.615937203338198,2603104000.0,687723000.0,180485000.0,380361000.0,1915381000.0,6344000.0,351727000.0,1831848550.0,2554322550.0,14.32248995147552,0.4745097420608317,0.2884306581680947,1.0917404245604698,0.018627688076210125,14.32248995147552,0.0492189442551725,8.651773004425426,13.529561803893763,2.663642992891033,0.25531034890247867,12.818095838587642,0.004717638911797595,0.08133789506681255,0.3753723436419612,0.013003322187665187,785.5268224699829,0.615937203338198,0.7948717948717947,-0.007778451046874533,0.03730390490022887,0.2637154088478903,0.2748966204921158,0.8266148615832929,0.6309434261055465,0.0014307073822696303,0.10253664965904531,0.10023749224689811,Utilities—Regulated Water,Utilities,CWT
2017Q2,2017,Q2,2017-07-27,2017-06-30,18531000.0,171132000.0,25259000.0,0.39,102293000.0,0.5977432625108103,2533026000.0,661834000.0,170580000.0,361027000.0,1871192000.0,6518000.0,326520000.0,1767135999.9999998,2484118000.0,13.782465639316952,0.4724854373772599,0.29454296955499076,1.1272992925718535,0.011314652076672819,13.782465639316952,0.02799946814458006,10.326157585957038,23.84026765959743,2.670059259572642,0.466461604878312,10.561368517950292,0.004891530702786882,0.06756030139445865,0.3739083226462287,0.007315755937759818,-49.876827547276314,0.5977432625108103,18.5,0.24747600988339968,0.04046588704494691,0.27961391936336366,0.38503303726169846,15.370141342756185,2.1377639751552797,0.0744114869629403,0.07541048087856538,0.10566509941718899,Utilities—Regulated Water,Utilities,CWT
2017Q1,2017,Q1,2017-04-27,2017-03-31,1132000.0,122036000.0,8050000.0,0.02,73856000.0,0.6051984660264185,2440298000.0,651333000.0,128205000.0,293373000.0,1788965000.0,6405000.0,316633000.0,1720226400.0,2396190400.0,13.573962154051351,0.4370034052213394,0.28191393018393657,1.0562246961231812,0.005984228790467245,13.573962154051351,0.0017379742773665698,14.096056901242257,379.90865724381626,2.6410858961545016,7.627208480565371,7.522248243559719,0.0050191067873391546,0.05000864648497847,0.31065912677717444,0.00046387777230485783,-45.8043029076579,0.6051984660264185,-0.9354838709677419,-0.09022777177646005,-0.08851236478849696,0.2772800297973006,-0.21695522641249376,-0.9249834327369119,-0.6226857276775252,1.2057379852207857,0.0990013637235123,0.10623862874903808,Utilities—Regulated Water,Utilities,CWT
2016Q4,2016,Q4,2017-02-23,2016-12-31,15090000.0,150930000.0,21335000.0,0.31,94319000.0,0.6249188365467435,2411745000.0,659471000.0,142069000.0,250230000.0,1752274000.0,6292000.0,324135000.0,1626047400.0,2255608400.0,13.748717841804611,0.5677536666267035,0.27160956071226433,0.9933006910083991,0.011234580842030264,13.748717841804611,0.022881976614589572,10.773520174915523,26.9391550695825,2.465684465275956,0.5483101391650099,8.997298156389066,0.0050884125518112205,0.06258124304186388,0.42139231906645885,0.006256880391583688,-62.48260836151245,0.6249188365467435,-0.35416666666666663,6.046789521949926,0.2780806303702119,0.27887230911477146,-0.13108486568154182,-0.340327868852459,-0.29013475295291963,1.6507616459529175,0.12357527400906736,0.09623542559171666,Utilities—Regulated Water,Utilities,CWT
2016Q3,2016,Q3,2016-10-27,2016-09-30,22875000.0,184268000.0,30055000.0,0.48,108548000.0,0.5890767794733758,2386043000.0,652012000.0,151127000.0,203981000.0,1734031000.0,6256000.0,317319000.0,1539325210.0000002,2136740210.0000002,13.59236173361963,0.7408876316911869,0.25932726275259915,0.9490101409176518,0.014834075190216447,13.59236173361963,0.03508371011576474,8.353730490372719,16.823226338797816,2.360884784329123,0.3617486338797814,12.103580562659847,0.005375732136550924,0.07722744309302054,0.6130963177943044,0.009587002413619537,110.91837512609888,0.5890767794733758,1.0,-0.04830911839543213,-0.05175895137587112,0.2507050318367337,0.22071028541868154,0.987747653806048,0.6216143304197691,-0.2190879884427092,-0.005570401054581874,0.08097334141513465,Utilities—Regulated Water,Utilities,CWT
2016Q2,2016,Q2,2016-07-28,2016-06-30,11508000.0,152445000.0,18534000.0,0.24,88922000.0,0.5833054544261865,2358123000.0,636760000.0,159000000.0,202013000.0,1721363000.0,6393000.0,302719000.0,1675661960.0,2281855960.0,13.273576252814141,0.7870780593328152,0.2701385805575027,1.0004083171053457,0.00892473757052046,13.273576252814141,0.01807274326276776,10.991911574666274,36.40211070559611,2.631544004020353,0.718978102189781,9.93633661817613,0.004937750093700283,0.06464675506748375,0.6244845628746665,0.004880152562016485,-52.93514326330754,0.5833054544261865,13.0,-0.17835237084908764,0.009757746860436732,0.26460011798899236,0.19206381124740263,15.421052631578947,1.955980861244019,-0.1525013511767874,-0.018648398721518147,0.09517100153949339,Utilities—Regulated Water,Utilities,CWT
2016Q1,2016,Q1,2016-04-28,2016-03-31,-798000.0,121727000.0,6270000.0,-0.02,74595000.0,0.6128057045684195,2299805000.0,632967000.0,148521000.0,158143000.0,1666838000.0,6321000.0,299485000.0,1280021600.0,1847605600.0,13.212963156246738,0.9391563331921109,0.2602229319442301,0.9454868895218866,0.002634976106797792,13.212963156246738,-0.0012607292323296474,10.515510938411364,-401.0092731829573,2.022256452548079,-10.348370927318296,7.456415124189211,0.006451453631719965,0.05292927009029026,0.6996579045547384,-0.00034698594011231386,-50.32124857491056,0.6128057045684195,-1.1111111111111112,-1.2554507801103072,0.07947997232552875,0.27489722369829805,-0.10592930854697781,-1.0941370767960363,-0.5809383772222965,0.3441138211081597,-0.03671335957712833,-0.024356483578611778,Utilities—Regulated Water,Utilities,CWT
2015Q4,2015,Q4,2016-02-25,2015-12-31,8477000.0,138426000.0,14962000.0,0.18,83433000.0,0.6027263664340514,2246095000.0,642155000.0,127578000.0,148455000.0,1603940000.0,6339000.0,308541000.0,1114074520.0,1657739520.0,13.412879104352912,0.8593715267252703,0.24598336223534623,0.860387289673054,0.008407917098800894,13.412879104352912,0.013200862720059799,8.04815944981434,32.8558015807479,1.7348997048999073,0.9459714521646809,8.675343114055845,0.007197902704030965,0.06162962831046772,0.580559765585531,0.0037741057257150742,-36.626706118289114,0.6027263664340514,-0.6538461538461539,0.5156558123472293,0.1431909895801392,0.2841102646801777,-0.28783481571265174,-0.6625398089171974,-0.5353560448433279,0.4822805665201092,-0.0029584696696201684,0.18660058749877956,Utilities—Regulated Water,Utilities,CWT
2015Q3,2015,Q3,2015-10-29,2015-09-30,25120000.0,183543000.0,32201000.0,0.52,117154000.0,0.6382918444179293,2306520000.0,640852000.0,191066000.0,300770000.0,1665668000.0,6087000.0,308083000.0,1059061360.0,1567863360.0,13.38510380550566,0.6352561758154072,0.2426282885038933,0.8732546672242577,0.01678178142633232,13.38510380550566,0.039197817904914084,5.770099431740791,10.540021496815287,1.6525833733841824,0.3192675159235669,10.906686380811566,0.007572743471634165,0.07957572446802975,0.48830335472287795,0.010890865893207083,41.21984042346164,0.6382918444179293,1.4761904761904765,0.07120985547872138,0.0902723824690237,0.2763751783412753,0.36121116352566635,1.5515490096495683,0.9524040502031165,-0.26151535551444727,-0.09818301128676984,0.1810070724681107,Utilities—Regulated Water,Utilities,CWT
2015Q2,2015,Q2,2015-07-30,2015-06-30,9845000.0,144414000.0,16493000.0,0.21,86066000.0,0.5959671499993076,2243049000.0,623036000.0,150206000.0,270415000.0,1620013000.0,6078000.0,290983000.0,1094058000.0,1619493000.0,13.012447786131997,0.5554647486271101,0.24517966393065868,0.8826937769246079,0.009267426914882894,13.012447786131997,0.015801655121052395,7.575844447214259,27.78207211782631,1.7560108886163883,0.8146267140680549,9.599868377755842,0.007330507157755804,0.06438290023980751,0.37419152044080395,0.004389114994812864,-56.62826086956522,0.5959671499993076,6.0,-0.17590296342596856,0.060594300212884665,0.28536233909655445,0.18997317700412023,5.250793650793651,1.1999466453247967,-0.33531315916736176,-0.11940963102836226,0.20812267905270793,Utilities—Regulated Water,Utilities,CWT
2015Q1,2015,Q1,2015-04-30,2015-03-31,1575000.0,121985000.0,7497000.0,0.03,72326000.0,0.5929089642169119,2220745000.0,620666000.0,159255000.0,253943000.0,1600079000.0,6158000.0,289158000.0,1172190750.0,1673604750.0,12.977856769472034,0.6271289226322443,0.24078631270136824,0.8615342229153844,0.003944315767913749,12.977856769472034,0.002537596710630194,9.609302373242611,186.0620238095238,1.888601518368978,5.083809523809524,8.064144202663202,0.006830799509380193,0.05492976456099192,0.40592180134912165,0.0007092214549621861,-143.68604437362097,0.5929089642169119,-0.875,-0.3218306542735868,0.17417309559233235,0.2940923630033158,-0.1252192213258506,-0.8617693522906793,-0.5475285171102662,0.2700133214171291,-0.08586419956866195,0.2211878221768047,Utilities—Regulated Water,Utilities,CWT
2014Q4,2014,Q4,2015-02-26,2014-12-31,11394000.0,137384000.0,16569000.0,0.24,82679000.0,0.6018095265824259,2187351000.0,626626000.0,154124000.0,217706000.0,1560725000.0,6041000.0,295590000.0,1176505660.0,1661873660.0,13.107685227795674,0.7079455779813143,0.23085229576780317,0.8058315486430503,0.010178444573069694,13.107685227795674,0.018183094860411156,8.563629389157398,25.814149113568543,1.8775244882912614,0.6817623310514306,9.055619930475087,0.006602603169796905,0.06280839243450183,0.4358354845525617,0.005209040524360288,-66.1292597380698,0.6018095265824259,-0.6571428571428571,0.5353256434104996,0.11688440883220132,0.2949570584552772,-0.30756926066128437,-0.6613967310549778,-0.5942351961600627,4.3386244511968926,0.16726626412935086,0.21924501377507138,Utilities—Regulated Water,Utilities,CWT
2014Q3,2014,Q3,2014-10-30,2014-09-30,33650000.0,191184000.0,40834000.0,0.7,119404000.0,0.6245501715624738,2069080000.0,622282000.0,177278000.0,215414000.0,1446798000.0,5912000.0,291964000.0,1072699320.0000001,1534373320.0,13.017634876472188,0.8229641527477323,0.23738038161888375,0.7892868506561334,0.023410668298415396,13.017634876472188,0.054075162064787345,5.610821616871705,7.969534323922734,1.7238154405880293,0.23084695393759286,12.141407307171853,0.007241544629673112,0.0924004871730431,0.5862803717492828,0.01626326676590562,38.62520956358923,0.6245501715624738,0.9444444444444444,0.4907148525995407,0.1923494633034759,0.2875136379831584,0.3047763705703015,0.9598136284216657,0.7531341233041388,0.4048352185176684,-0.012752857269318523,0.1978213765711379,Utilities—Regulated Water,Utilities,CWT
2014Q2,2014,Q2,2014-07-31,2014-06-30,17170000.0,158416000.0,23292000.0,0.36,91513000.0,0.5776752348247651,2010184000.0,595892000.0,150808000.0,222074000.0,1414292000.0,5952000.0,266082000.0,1156856800.0,1638249800.0,12.465316709898753,0.6790889523312049,0.25425483438332014,0.8577040806052103,0.01454333177575384,12.465316709898753,0.028813946151316012,7.302651247348753,16.844158415841584,1.9413866942331832,0.4524752475247525,11.240423387096774,0.006715610782596429,0.07880671620110398,0.5308050469663266,0.008541506648147632,4073.4394366197184,0.5776752348247651,4.2727272727272725,0.2326029176623404,0.17850169040876387,0.2746231486255267,0.5224762094895854,4.135500365230095,19.21875,0.2302110841034032,0.05299580151325155,0.18759561717710088,Utilities—Regulated Water,Utilities,CWT
2014Q1,2014,Q1,2014-05-01,2014-03-31,-5476000.0,110515000.0,1152000.0,-0.11,60108000.0,0.5438899696873728,1962588000.0,585984000.0,130106000.0,192239000.0,1376604000.0,5966000.0,256680000.0,1143278640.0,1619139640.0,12.27037440321635,0.6767929504418978,0.2535453187322046,0.8491784758628222,0.000630329171488997,12.27037440321635,-0.00934496505024028,10.345008731846356,-52.1949707815924,1.9510407110091745,-1.41672753834916,8.449044585987261,0.006785747348520392,0.05631085077458947,0.49726122170839426,-0.0027901933569348227,-80.81421078673924,0.5438899696873728,-1.9166666666666665,-2.9636767778545483,0.10774424082582813,0.273189802957046,-0.19987220957629487,-1.9664666431344864,-0.9010989010989011,-2.7584121762024263,-0.0168907113949154,0.18394837519874327,Utilities—Regulated Water,Utilities,CWT
2013Q4,2013,Q4,2014-02-27,2013-12-31,5666000.0,133700000.0,11648000.0,0.12,75123000.0,0.5618773373223634,1959855000.0,598756000.0,139490000.0,166584000.0,1361099000.0,5571000.0,269915000.0,1101384870.0,1554743870.0,12.541756561446137,0.8373553282428084,0.24535743715734074,0.8031067747129047,0.010534260118975384,12.541756561446137,0.00946295318961313,8.237732759910246,48.59622617366749,1.8394552538930715,1.3480409459936462,10.514629330461318,0.006934905506737168,0.06821933255266334,0.6184987753925947,0.0028910302037650744,-185.66838671611598,0.5618773373223634,-0.8032786885245902,-0.3276089080440014,0.15984621194686083,0.2904393038264317,-0.31215492377420684,-0.8056327398717025,-0.6746732208691766,0.015924240602448993,0.10728362420462384,0.20071151110624433,Utilities—Regulated Water,Utilities,CWT
2013Q3,2013,Q3,2013-11-06,2013-09-30,29151000.0,184404000.0,35804000.0,0.61,109215000.0,0.5922593869981129,2083433000.0,600254000.0,170552000.0,197013000.0,1483179000.0,5689000.0,271887000.0,970015840.0,1410923840.0,12.574187736975512,0.8656890662037531,0.23507115419598326,0.815912930192885,0.023557929037325794,12.574187736975512,0.048564441053287444,5.260275482093664,8.318889918013104,1.6160089562085385,0.26201502521354325,13.216558270346283,0.007874098220911526,0.08850968569663627,0.69952744235152,0.013991810631779376,26.5532243847691,0.5922593869981129,1.1785714285714284,0.14044983819467527,0.2152893899629632,0.2980578787891496,0.20384250788121955,1.1577350111028868,0.7227541740845884,0.24677837188395896,0.09862227525870844,0.19904793780360866,Utilities—Regulated Water,Utilities,CWT
2013Q2,2013,Q2,2013-08-01,2013-06-30,13510000.0,154555000.0,20783000.0,0.28,90722000.0,0.5869884507133383,2058607000.0,578480000.0,164076000.0,196210000.0,1480127000.0,5720000.0,250375000.0,924988020.0,1393880020.0,12.120094701334619,0.836226492023852,0.24655507340643454,0.8774028488452497,0.011220122364334104,12.120094701334619,0.02335430784123911,5.984846947688525,17.116728719467062,1.598997406997649,0.565358993338268,11.159615384615385,0.008257404241840884,0.07507746743307489,0.6768054635339688,0.006562690207504395,-54.85636460680821,0.5869884507133383,10.333333333333336,0.15936732097449377,0.2707842243853452,0.29138637869298534,0.38266223671777366,13.590866728797764,2.6019064124783364,0.13446156667814355,0.13866207874252393,0.197216198783308,Utilities—Regulated Water,Utilities,CWT
2013Q1,2013,Q1,2013-05-06,2013-03-31,-1073000.0,111444000.0,5770000.0,-0.03,65614000.0,0.5887620688417501,2104355000.0,572157000.0,231696000.0,256754000.0,1532198000.0,5687000.0,244502000.0,829328240.0,1275822240.0,13.542818594963075,0.9024046363445165,0.27284892520511034,1.0035200128636022,0.003054811197894258,13.542818594963075,-0.0018753593856231769,7.44165894978644,-193.22652376514446,1.449476699577214,-6.248835041938491,8.058730437840689,0.008084856726933596,0.052958745078658304,0.7649423183280494,-0.0005098949559366172,-66.07140216698534,0.5887620688417501,-1.25,-6.680287824275706,0.49674020465364677,0.4616443265614037,-0.6474848359488747,-1.2143427886536156,-0.487247845019106,-1.5230053641445884,0.21431458199489978,0.3504277654309473,Utilities—Regulated Water,Utilities,CWT
2012Q4,2012,Q4,2013-02-28,2012-12-31,5006000.0,121530000.0,11253000.0,0.12,186131000.0,1.5315642228256399,1995924000.0,473712000.0,146564000.0,243067000.0,1522212000.0,5874000.0,252280000.0,769011800.0,1300946800.0,11.303617447742674,0.6029777797891116,0.28594525643260965,1.2047932076873713,0.010533151514203263,11.303617447742674,0.01056760225622319,6.327752818234181,38.40450459448662,1.6233741176073229,1.3188174190970836,-10.997786857337418,0.008585043818573394,0.060889091969433706,0.43885019356802857,0.002508111531300791,173.67023486901536,1.5315642228256399,-0.8309859154929577,-0.3854201112765408,0.3971662527779263,0.20174127281132032,1.6566233247220359,-0.8318554346365713,-0.6905200627045461,-0.23051420723949403,0.12704444122443828,0.11672648111753828,Utilities—Regulated Water,Utilities,CWT
2012Q3,2012,Q3,2012-11-07,2012-09-30,29772000.0,178135000.0,36361000.0,0.71,70063000.0,0.39331405956156845,1975833000.0,474936000.0,150098000.0,190234000.0,1500897000.0,6029000.0,253875000.0,775661550.0000001,1305502550.0,11.333635604343158,0.7890177360513894,0.27675010995362465,1.1513382855795307,0.035587052776222705,11.333635604343158,0.06268634089645762,4.354346703342971,6.513347692462717,1.633191735307494,0.22161762730081958,17.925360756344336,0.008506287310489993,0.0901569110344852,0.6927888810622707,0.015068075085293139,26.123587161524995,0.39331405956156845,1.2903225806451613,1.1266076452424911,0.5433129440252258,0.21028052752575122,0.37437718231393935,1.2963362900115696,0.8530730812353481,0.5045507033374649,0.2673325303058782,0.12095711294660591,Utilities—Regulated Water,Utilities,CWT
2012Q2,2012,Q2,2012-08-01,2012-06-30,12965000.0,143552000.0,19622000.0,0.31,50978000.0,0.3551187026304057,1918162000.0,451415000.0,134902000.0,210747000.0,1466747000.0,6066000.0,230702000.0,774096170.0,1327697170.0,10.7708000286321,0.6401135010225532,0.29946219349564845,1.2724809764850527,0.019127888387182306,10.7708000286321,0.02872080015063744,5.392444340726705,14.926651947551099,1.714821550014953,0.5091399922869263,15.261127596439168,0.008527364242094108,0.0748383087559862,0.6113301731459997,0.006759074572429232,-32.069606843980445,0.3551187026304057,9.333333333333334,0.6547028172441941,0.4780316835386684,0.1740161521531831,-0.3447305166008972,10.949308755760368,1.9698804298471317,0.061601764769998985,0.21808228926965473,0.10135276665766081,Utilities—Regulated Water,Utilities,CWT
2012Q1,2012,Q1,2012-05-08,2012-03-31,1085000.0,116749000.0,6607000.0,0.03,77797000.0,0.6663611679757429,1868519000.0,444665000.0,107057000.0,164518000.0,1423854000.0,5827000.0,224337000.0,761942820.0,1284452820.0,10.627240571674394,0.650731226978203,0.2882090040293944,1.2110780025412389,,10.627240571674394,0.002440039130581449,6.526332730901335,175.56286175115207,1.713521010198689,6.070046082949308,6.684743435730222,0.008643693236718208,0.062482104811350594,0.5386036786248313,0.0005806737849601743,-132.53484432075143,0.6663611679757429,-0.32801927194860814,-0.3223199130997937,0.6108274000443605,0.16346186706705687,0.3062612287388552,-0.41916488222698073,-0.12905351964144476,-0.5559296147239924,0.335632414851093,0.10269612685009755,Utilities—Regulated Water,Utilities,CWT
2011Q4,2011,Q4,2012-02-29,2011-12-31,1868000.0,103014000.0,7586000.0,0.04464413746952822,59557000.0,0.5781447181936435,1854587000.0,449829000.0,113888000.0,151875000.0,1404758000.0,5913000.0,229839000.0,764034920.0000001,1272136920.0,10.750657234357822,0.7498798353909465,0.2886383868753528,1.1900188738387254,,10.750657234357822,0.004152689132981644,7.4168066476401275,102.25306745182014,1.69850080808485,3.441648822269807,7.349399627938441,0.008414536864362167,0.05554552037731312,0.6504757201646091,0.0010072323379814482,-49.35307279891481,0.5781447181936435,-0.9107117250609436,-0.7126333584723529,0.2613791874684749,0.163495065468052,-0.44680989401918986,-0.9107714353952711,-0.7477890817208591,-0.7470694261428478,0.01963404689036894,0.10615052757662953,Utilities—Regulated Water,Utilities,CWT
2011Q3,2011,Q3,2011-11-04,2011-09-30,20935000.0,169254000.0,30078000.0,0.5,107661000.0,0.6360913183735687,1801152000.0,454055000.0,155216000.0,160725000.0,1347097000.0,5778000.0,234400000.0,739923800.0,1213022800.0,10.867759693633317,0.9657240628402551,0.28859918541022633,1.1448194601975532,,10.867759693633317,0.046106749182367776,4.37167688799083,8.835966085502747,1.6295906883527327,0.30661571530929066,10.659916926272066,0.008675217637275622,0.09396985929005436,0.8627718152123192,0.011623116760828625,57.77044034978139,0.6360913183735687,0.7241379310344829,0.461815616811914,0.3840318432420727,0.32895438796961635,0.24245256889627476,0.717391304347826,0.5381232421375607,-0.06420141829746402,0.2744857886262354,0.12189998989955075,Utilities—Regulated Water,Utilities,CWT
2011Q2,2011,Q2,2011-08-05,2011-06-30,12190000.0,131397000.0,19555000.0,0.29,86652000.0,0.6594671111212584,1745153000.0,438240000.0,131611000.0,131626000.0,1306913000.0,6064000.0,219885000.0,781179920.0,1261402920.0,10.496263652040621,0.9998860407518272,0.29401720078411464,1.1708310514786417,,10.496263652040621,0.027815808689302664,5.94518839851747,16.020917145200986,1.7825390653523183,0.5266611977030353,7.378792875989446,0.008218337204571258,0.0752925388203785,0.7922446932976768,0.006985060908699696,-165.8556093418259,0.6594671111212584,3.4615384615384612,0.8823627564513201,0.4285308039213369,0.31570068570784743,0.30912057530479975,3.4832659065833025,0.9657217531162042,0.19584381814750385,0.2350349748317976,0.11836848155344462,Utilities—Regulated Water,Utilities,CWT
2011Q1,2011,Q1,2011-05-05,2011-03-31,2719000.0,98149000.0,9948000.0,0.065,66191000.0,0.6743930147021365,1715111000.0,432135000.0,129129000.0,117505000.0,1282976000.0,6072000.0,214113000.0,774920160.0,1244252160.0,10.363943783576362,1.0989234500659546,0.29747404103874325,1.1806518796209517,,10.363943783576362,0.0062920152267231305,7.895344425312535,71.25047443913205,1.793236280329064,2.356013240161824,5.263175230566535,0.008266658077394708,0.05722603376691071,0.8652312667546062,0.0015853201337989204,7109.359266055046,0.6743930147021365,-0.4435967973722028,1.8847628000656766,0.3284828395922126,0.30090072742446594,0.2043705307592933,-0.44179839868610143,-0.1648056418436739,13.584501462321876,0.33563371279654053,0.11855589926455933,Utilities—Regulated Water,Utilities,CWT
2010Q4,2010,Q4,2011-03-01,2010-12-31,4871000.0,105457000.0,11911000.0,0.11682175748273216,54959000.0,0.5211508008003262,1692066000.0,435526000.0,126210000.0,107348000.0,1256540000.0,6058000.0,217801000.0,777004960.0000001,1240038960.0,10.445270529547198,1.1757089093415807,0.29863551421753054,1.1602315361195428,,10.445270529547198,0.011184177293663295,7.367978986696,39.879129542188466,1.7840610204672054,1.272223362759187,8.335754374380985,0.00797549606375743,0.06232440105764196,0.9519040876401982,0.0028787293167051404,-29.27564748879093,0.5211508008003262,-0.7615882500352404,-0.2633644670362446,0.19590536176201004,0.2926292704848233,-0.2846302033165855,-0.7610615128029039,-0.5394935240672724,-0.3989533651323644,0.21854772430220634,0.11048633404904842,Utilities—Regulated Water,Utilities,CWT
2010Q3,2010,Q3,2010-11-05,2010-09-30,20386000.0,146349000.0,25865000.0,0.49,76826000.0,0.5249506317091337,1631940000.0,436482000.0,91728000.0,155539000.0,1195458000.0,5925000.0,219127000.0,768966450.0,1198137450.0,10.486809860170103,0.5897427654800403,0.268949226074488,1.0055603667505189,,10.486809860170103,0.04670524786818242,5.254333476825943,9.430080079466302,1.7617369101131317,0.3035906994996566,11.733839662447258,0.008048465573498037,0.08967792933563734,0.4985437735873318,0.012491880828952045,134.2703771608172,0.5249506317091337,0.96,0.37312725371983824,0.27839599988217667,0.2966785096087032,0.2443875732935955,0.96377998266063,0.5883689511176615,0.4660685605392616,0.2765487360792814,0.11985087686825158,Utilities—Regulated Water,Utilities,CWT
2010Q2,2010,Q2,2010-08-06,2010-06-30,10381000.0,118321000.0,16284000.0,0.25,61738000.0,0.5217839605818071,1600432000.0,421201000.0,91638000.0,145744000.0,1179231000.0,5702000.0,204930000.0,742667100.0,1175111100.0,10.12356390905158,0.6287600175650455,0.27373234226758775,1.0400972457330349,,10.12356390905158,0.0246461902986935,6.27671419274685,17.885249494268376,1.7632130503014,0.5961853385993642,9.923360224482638,0.008333478081902376,0.07393066372079539,0.4547837303765507,0.006486373679106641,-31.45561626429479,0.5217839605818071,4.0,0.20779799849125705,0.2828844060096473,0.2870118508798353,0.3348468141229379,4.1442021803766105,1.0989945862335653,0.3346233990638864,0.22718033210044503,0.10346747827338551,Utilities—Regulated Water,Utilities,CWT
2010Q1,2010,Q1,2010-05-07,2010-03-31,2018000.0,90272000.0,7758000.0,0.05,46251000.0,0.512351559730592,1562449000.0,416746000.0,90283000.0,119406000.0,1145703000.0,5807000.0,200738000.0,781460580.0,1183243580.0,10.02853980171335,0.7561010334489054,0.26441503050659576,0.9913352497684441,,10.02853980171335,0.004842278030263038,8.656732763204538,96.8112710604559,1.8751483637515418,3.061446977205154,7.580678491475805,0.0079057090762019,0.057775965807523956,0.5173944357904963,0.001291562156588791,-195.75665831663326,0.512351559730592,-0.6779104014881414,1.6238639001658994,0.3235586827414169,0.2855065864521946,-0.10638174546438163,-0.687180282126802,-0.34231943031536116,0.26909708238211627,0.254086812433261,0.09791658172836132,Utilities—Regulated Water,Utilities,CWT
2009Q4,2009,Q4,2010-03-01,2009-12-31,6451000.0,106925000.0,11796000.0,0.15523630763307344,51757000.0,0.48404956745382277,1525581000.0,420634000.0,92241000.0,110358000.0,1104947000.0,5530000.0,204898000.0,765045960.0,1154401960.0,10.12210029839253,0.8358342847822541,0.2616852202537918,0.9490958885872278,,10.12210029839253,0.015336373189043207,7.154977414075287,29.648347543016587,1.8187924894326186,0.9491551697411255,9.976130198915008,0.00800344073446254,0.07008805169964755,0.6198553797640407,0.004228552925082313,-23.550745267046327,0.48404956745382277,-0.6697099837594181,0.526275733223009,0.3626569579509742,0.27767695878637605,-0.31565516329498877,-0.6707329522253981,-0.5104175313356022,-0.000770562582438375,0.31827909868159715,0.09546918784783404,Utilities—Regulated Water,Utilities,CWT
2009Q3,2009,Q3,2009-11-09,2009-09-30,19592000.0,139167000.0,24094000.0,0.47,75630000.0,0.5434478001250297,1549474000.0,419492000.0,140378000.0,130838000.0,1129982000.0,5457000.0,204570000.0,807810300.0,1158194300.0,10.110677271631719,1.0729145966768063,0.25683877238340236,0.9486831691665157,,10.110677271631719,0.04670410877919007,5.804611006919744,10.307910116374028,1.9256870214449857,0.31237239689669255,11.643210555250137,0.007576036106496785,0.08981564066257323,0.9706583714211467,0.012644290901299409,48.45601943494692,0.5434478001250297,0.6206896551724138,0.6058384631195897,0.2673699982736492,0.26894901807218297,0.24729941452956214,0.6205128205128205,0.05935631375307773,0.37760085900759355,0.14595722541223158,0.2363752331909998,Utilities—Regulated Water,Utilities,CWT
2009Q2,2009,Q2,2009-08-06,2009-06-30,12090000.0,116667000.0,22744000.0,0.29,60635000.0,0.5197270864940385,1503240000.0,405756000.0,124492000.0,101210000.0,1097484000.0,5244000.0,191098000.0,764245800.0000001,1120911800.0,9.779609544468547,1.230036557652406,0.26487054628668744,0.9812892477252338,0.017213159419002894,9.779609544468547,0.029796232218377548,6.550659569544088,15.803263027295285,1.8835107798775619,0.5061207609594707,10.684973302822273,0.008006586362659761,0.07761036161890317,1.0738365774132992,0.00804262792368484,-86.41404341926732,0.5197270864940385,3.833333333333333,-0.01660534199919126,0.0738792815829171,0.15715449611977314,0.33884607741394157,3.993804213135068,2.0297056080991074,0.8787100810061634,0.2763977778765616,0.22586850046499582,Utilities—Regulated Water,Utilities,CWT
2009Q1,2009,Q1,2009-05-11,2009-03-31,2421000.0,86613000.0,7507000.0,0.06,45289000.0,0.5228891736806253,1422308000.0,399571000.0,72305000.0,130074000.0,1022737000.0,5068000.0,185128000.0,867757800.0,1204572800.0,9.637506029908346,0.5558758860341037,0.24051963428455722,0.8561507216489685,0.006140055241110897,9.637506029908346,0.0060589982756506355,10.018793945481626,89.60737298636927,2.1717236736399785,2.5254027261462206,8.153906866614049,0.007045744791922355,0.06089609282940123,0.4226209696019189,0.0017021629632962762,-64.15479816649416,0.5228891736806253,-0.660071057666029,0.3675255658105697,0.17437575313795478,0.33414752516848806,-0.3929495342135246,-0.669171904892047,-0.5240902751363002,1.5832163878993655,0.1790120600238025,0.20971696360736708,Utilities—Regulated Water,Utilities,CWT
2008Q4,2008,Q4,2009-03-02,2008-12-31,7318000.0,100108000.0,15774000.0,0.17650747708634829,74605000.0,0.7452451352539258,1418107000.0,402949000.0,79798000.0,123196000.0,1015158000.0,5070000.0,188820000.0,962493900.0,1278940900.0,9.718982151471298,0.6477320692230267,0.23292741661947935,0.8197464195220735,0.013760913385810253,9.718982151471298,0.018161107236895985,9.61455528029728,32.881043317846405,2.388624615025723,0.8280951079529926,5.030177514792899,0.006296143798937324,0.07059269857634155,0.5019481151985454,0.0051604004493313975,-77.20952189956682,0.7452451352539258,-0.6669670243653806,-0.14769011777383456,0.1743736464533289,0.32711668828271095,-0.12483723767405304,-0.6701523483277743,-0.6083134684147795,0.11299198246361754,0.14170862441739793,0.2027492033617984,Utilities—Regulated Water,Utilities,CWT
2008Q3,2008,Q3,2008-11-07,2008-09-30,22186000.0,131702000.0,40272000.0,0.53,85247000.0,0.6472718713459173,1291045000.0,401368000.0,83707000.0,146049000.0,889677000.0,4914000.0,187565000.0,797604500.0,1119559500.0,9.686923782400926,0.5731432601387205,0.25666340057860104,0.8255864941898706,0.03443782000077512,9.686923782400926,0.055275956229694445,6.056130506750088,8.987700576940412,1.987214974786231,0.27485801857026954,9.453601953601954,0.007645393174185953,0.10201193606729432,0.47793548740491204,0.01718452881193142,72.5688745337094,0.6472718713459173,1.2083333333333335,1.021468145036991,0.16833641572996635,0.27666171437231474,0.3068279372087319,1.1931593515223409,0.9246797935385204,0.5011491995933582,0.1556706852472322,0.19777378061978038,Utilities—Regulated Water,Utilities,CWT
2008Q2,2008,Q2,2008-08-06,2008-06-30,10116000.0,105581000.0,20924000.0,0.24,65232000.0,0.6178384368399618,1231828000.0,388872000.0,69081000.0,112877000.0,842956000.0,4671000.0,171728000.0,678896090.0000001,986749090.0000001,9.385335714630497,0.6120024451393995,0.2548911049269866,0.8074173506963731,0.01818781520617563,9.385335714630497,0.02601370116645066,6.430097176575332,16.777780001977067,1.7458086208315335,0.6028074337682878,8.638193106401198,0.0089822287826109,0.08571082975870008,0.46105938322244566,0.008212185467451625,342.185529233871,0.6178384368399618,46.99999999999999,0.6168569646230615,0.13793459587475512,0.44005262257401934,0.3714862393036604,53.68108108108108,3.1806193806193805,0.18185184696029752,0.14950421676808373,0.1931606692792474,Utilities—Regulated Water,Utilities,CWT
2008Q1,2008,Q1,2008-05-07,2008-03-31,185000.0,72921000.0,5005000.0,0.005,47563000.0,0.6522538089164986,1187215000.0,383368000.0,51119000.0,78672000.0,803847000.0,4779000.0,167710000.0,789247200.0,1091476200.0,9.265467904098994,0.6497737441529388,0.2570688544197976,0.7960914839005864,0.004337802787699731,9.265467904098994,0.0004825650549863317,10.823318385650225,1066.5502702702704,2.0587195592746395,32.935135135135134,5.3061309897468085,0.0077200147178222486,0.06142189915053297,0.47152735407768964,0.00015582687213352257,-62.723293332273705,0.6522538089164986,-0.9742750559562298,1.1767750578032354,0.04294421764616244,0.42366048852598154,-0.24865727284215847,-0.9769957721959711,-0.645789101203114,-0.7584110282744188,0.0738113425307379,0.1876923513077881,Utilities—Regulated Water,Utilities,CWT
2007Q4,2007,Q4,2008-02-28,2007-12-31,8042000.0,85879000.0,14130000.0,0.19436388244392885,63304000.0,0.7371301482318146,1184499000.0,389184000.0,59975000.0,69653000.0,795315000.0,4744000.0,173617000.0,765869760.0000001,1051056760.0000001,9.406032482598608,0.861054082379797,0.24645103119546746,0.7500847927972373,0.01579895070243475,9.406032482598608,0.02066374773885874,8.918009757915208,23.808435712509326,1.9678860384805132,0.7500621735886596,4.758642495784148,0.007876012757051538,0.07250238286397878,0.6727922702539733,0.0067893683320965235,-40.6706898199777,0.7371301482318146,-0.4198093061375258,1.0693074777445497,0.03456778498493533,0.40905793174680866,-0.07972320753619817,-0.4176261858208415,-0.4557220446053696,0.9109761222250025,0.09920701756210651,0.18729024830162863,Utilities—Regulated Water,Utilities,CWT
2007Q3,2007,Q3,2007-11-06,2007-09-30,13809000.0,113851000.0,25961000.0,0.335,68788000.0,0.604193199884059,1195904000.0,387071000.0,88354000.0,81665000.0,808833000.0,4789000.0,171607000.0,812419770.0,1078811770.0,9.36446992790439,1.081907794036613,0.24490510944022262,0.756664797931129,0.02316802986303873,9.36446992790439,0.03567562540205802,7.135815847028133,14.708157180099935,2.098890823647341,0.43681656890433773,9.409688870327834,0.007424733152419469,0.09520078534731885,0.9583664972754546,0.011546913464625923,-335.29499380932725,0.604193199884059,0.810810810810811,0.32170761772414425,0.02695315192172095,0.3976257447437853,0.17564218693920802,0.7871101332988223,0.6044125826586737,0.13611243453299787,0.040734630629552335,0.1752956404930339,Utilities—Regulated Water,Utilities,CWT
2007Q2,2007,Q2,2007-08-08,2007-06-30,7727000.0,95782000.0,16181000.0,0.185,58511000.0,0.6108767826940343,1174484000.0,379193000.0,84053000.0,72269000.0,795291000.0,4742000.0,163830000.0,774768340.0,1038003340.0,9.174320139359335,1.1630574658567296,0.2495368178706564,0.7728966515732094,0.01421994769788356,9.174320139359335,0.020377485871310917,8.088872021883025,25.066919244208623,2.0432031709446115,0.7805099003494241,7.859763812737242,0.007784262325432657,0.08155240939851033,1.0201331137832266,0.006579059399702337,-49.33259089461955,0.6108767826940343,4.285714285714286,-0.14225793029266565,0.0170845863042684,0.39241363533058177,0.27876125535448903,3.88741302972802,1.7970613656006915,-0.36908700854349064,-0.11498965260473056,0.08553472915556447,Utilities—Regulated Water,Utilities,CWT
2007Q1,2007,Q1,2007-05-07,2007-03-31,1581000.0,71570000.0,5785000.0,0.035,45756000.0,0.6393181500628755,1155952000.0,377405000.0,88168000.0,62870000.0,778547000.0,4469000.0,162135000.0,791652880.0,1041714880.0,9.13415460574084,1.4023858756163512,0.2536065511370714,0.7767703130589155,0.005146955583806836,9.13415460574084,0.004189133689272797,11.061239066648037,125.18230234029096,2.097621600137783,3.8134092346616066,5.776236294473036,0.007615711572981331,0.06191433554334436,1.218593923970097,0.0013677038492947804,-55.24444382414515,0.6393181500628755,-0.774711014176663,-0.39737862533263413,0.01908036684062076,0.40264634860501214,3.593142533295551,-0.7536999532637483,-0.5265182517596988,-0.10388748817741725,-0.02625549884300345,0.26446714782199526,Utilities—Regulated Water,Utilities,CWT
