Quarters,Year,Quarter,FillingDate,Date,NetIncome,Revenue,OperatingIncome,EPSDiluted,GrossProfit,GrossProfitRatio,TotalAssets,CommonStockEquity,CurrentAssets,CurrentLiability,TotalLiability,Inventory,RetainedEarnings,MarketCap,EnterpriseValue,bookValuePerShare,currentRatio,debtToAssets,debtToEquity,roic,shareholdersEquityPerShare,roe,priceToSalesRatio,peRatio,pbRatio,payoutRatio,inventoryTurnover,dividendYield,assetTurnover,quickRatio,returnOnAssets,priceToFreeCashFlowsRatio,grossProfitMargin,epsdilutedGrowth,fiveYNetIncomeGrowthPerShare,fiveYRevenueGrowthPerShare,fiveYShareholdersEquityGrowthPerShare,grossProfitGrowth,netIncomeGrowth,operatingIncomeGrowth,threeYNetIncomeGrowthPerShare,threeYRevenueGrowthPerShare,threeYShareholdersEquityGrowthPerShare,Industry,Sector,Symbol
2023Q1,2023,Q1,2023-05-09,2023-03-31,355000.0,40759000.0,-166000.0,0.01,28855000.0,0.7079418043,279288000.0,213425000.0,193141000.0,54262000.0,65863000.0,0.0,-100795000.0,1600048800.0,1492835800.0,5.655590004504862,3.559415428845232,0.025668843630947267,0.03359025418765374,-0.000347293770897554,5.655590004504862,0.0016633477802506734,39.256331117053904,1126.7949295774647,7.49700737964156,0.0,0.0,0.0,0.14593895906734267,3.3278537466366886,0.0012710893414683052,-411.9590113285273,0.7079418042640889,0.0,1.7137057319751747,0.4045369840741829,-0.09962427179728492,0.0042809411109564245,-0.2650103519668737,-1.1253776435045317,1.5826592601425657,0.6694335227019835,-0.06809244810362063,Software—Application,Technology,PDFS
2022Q4,2022,Q4,2023-03-01,2022-12-31,483000.0,40523000.0,1324000.0,0.01,28732000.0,0.7090294401,278671000.0,210012000.0,193408000.0,58200000.0,68659000.0,0.0,-101150000.0,1066049080.0,953769080.0,5.618448861660291,3.3231615120274913,0.02635365717997208,0.034969430318267526,0.002649889486416401,5.618448861660291,0.0022998685789383465,26.3072595809787,551.7852380952381,5.076134125669009,0.0,0.0,0.0,0.14541520287363952,3.115893470790378,0.0017332266364279024,47.274903769401334,0.7090294400710707,-0.75,1.156841108144177,0.2943991317840092,-0.09447376312640575,0.051876258466044295,-0.6512635379061372,0.9216255442670537,1.3150658757168745,0.5582239417041043,-0.07114873221561523,Software—Application,Technology,PDFS
2022Q3,2022,Q3,2022-11-10,2022-09-30,1385000.0,39860000.0,689000.0,0.04,27315000.0,0.6852734571,265975000.0,203203000.0,180529000.0,52402000.0,62772000.0,0.0,-101633000.0,913153780.0,826947780.0,5.458631064309891,3.4450784321209116,0.028280853463671398,0.03701717002209613,0.001987458330157199,5.458631064309891,0.0068158442542679,22.909026091319618,164.82920216606502,4.493800682076544,0.0,0.0,0.0,0.14986370899520632,3.264493721613679,0.005207256321082808,-1055.6691098265896,0.6852734570998494,2.2903225806451615,1.0228266739029674,0.2953102905811296,-0.11697117313457749,0.20723945902943516,2.2074978204010463,1.828125,2.7542214903405617,0.5827307051495914,-0.09319094383150675,Software—Application,Technology,PDFS
2022Q2,2022,Q2,2022-08-11,2022-06-30,-1147000.0,34668000.0,-832000.0,-0.031,22626000.0,0.6526479751,249167000.0,197875000.0,163775000.0,41794000.0,51292000.0,0.0,-103018000.0,796472280.0,721897280.0,5.343928918656152,3.918624682968847,0.02716250546822011,0.03420341124447252,0.028389780804620075,5.343928918656152,-0.005796588755527479,22.974278296988576,-173.5990148212729,4.025128389134555,0.0,0.0,0.0,0.13913559981859555,3.6695937215868306,-0.004603338323293213,993.1075810473816,0.6526479750778816,0.7181818181818181,-6.276012632796688,0.24086166011290894,-0.1488054635306275,0.029905776321179845,0.7236144578313253,0.745798961197678,-0.41091678623105166,0.4720855698592089,-0.11326623309103856,Software—Application,Technology,PDFS
2022Q1,2022,Q1,2022-05-12,2022-03-31,-4150000.0,33498000.0,-3273000.0,-0.11,21969000.0,0.6558301988,265577000.0,213567000.0,180852000.0,42569000.0,52010000.0,0.0,-101871000.0,1048079220.0,1018246220.0,5.679067170132425,4.248443703164274,0.02246429472431724,0.027935027415284197,-0.020329084930070497,5.679067170132425,-0.01943184106158723,31.28781479491313,-63.13730240963856,4.90749610192586,0.0,0.0,0.0,0.12613291060596363,4.040381498273391,-0.015626353185705086,851.4047278635256,0.6558301988178399,0.42105263157894735,-7.828545817259704,0.1732212416613244,-0.10615658165217061,0.20635879413541267,0.40714285714285714,0.3914094458906657,-0.3321714695107932,0.4087146303613147,-0.06517708897651427,Software—Application,Technology,PDFS
2021Q4,2021,Q4,2022-03-01,2021-12-31,-7000000.0,29886000.0,-5378000.0,-0.19,18211000.0,0.609348859,273768000.0,219585000.0,188507000.0,43826000.0,54183000.0,0.0,-97721000.0,1187292920.0,1166624920.0,5.879431294848453,4.301259526308584,0.025627538645860728,0.0319511806362001,-0.029963572856427406,5.879431294848453,-0.03187831591411071,39.727394766780435,-42.40331857142857,5.40698554090671,0.0,0.0,0.0,0.10916542473919523,4.114292885501757,-0.02556909500014611,-2186.5431307550643,0.6093488589975239,-2.166666666666667,-3.018869793929271,-0.10965295056325765,-0.06439194356309692,-0.01482282932107114,-1.9081844619858745,-1.5670644391408115,-0.9444432406784316,0.31058930270875396,-0.049321016985539604,Software—Application,Technology,PDFS
2021Q3,2021,Q3,2021-11-09,2021-09-30,-2407000.0,29555000.0,-2095000.0,-0.06,18485000.0,0.625444087294874,275224000.0,223455000.0,185209000.0,41139000.0,51769000.0,0.0,-90721000.0,857571840.0,793574840.0,6.0034657854437015,4.502029704173655,0.02630947882452112,0.03240473473406279,-0.01114848924386836,6.0034657854437015,-0.01077174375153834,29.016133987480966,-89.07061071873702,3.8377831778210374,0.0,0.0,0.0,0.10738525709967155,4.251707625367656,-0.008745603581083046,352.9102222222222,0.625444087294874,0.5,-2.0748198128467332,-0.08495506506040226,-0.0019218273715640105,0.1112781050859685,0.46320249776984834,0.4955453888755117,0.0003514331061135111,0.2643059165514735,-0.03822622345643207,Software—Application,Technology,PDFS
2021Q2,2021,Q2,2021-08-10,2021-06-30,-4484000.0,27419000.0,-4153000.0,-0.12,16634000.0,0.6066596155950253,273670000.0,223124000.0,182037000.0,40170000.0,50546000.0,0.0,-88314000.0,672732720.0,593133720.0,6.029726516052318,4.531665421956684,0.02777798077977126,0.034070740933292695,-0.017774393179978847,6.029726516052318,-0.020096448611534392,24.535275538859914,-37.50739964317574,3.0150621179254586,0.0,0.0,0.0,0.10019000986589688,4.215135673388101,-0.016384696897723535,88.5757366688611,0.6066596155950253,0.42857142857142855,-2.7117901363137875,-0.1316433894825551,0.032124863263492544,0.22878037970008125,0.4097670132947216,0.41358373340864163,-0.8478197323004488,0.12140770634691515,-0.037947929823365145,Software—Application,Technology,PDFS
2021Q1,2021,Q1,2021-05-06,2021-03-31,-7597000.0,24200000.0,-7082000.0,-0.21,13537000.0,0.5593801652892562,271131000.0,225253000.0,178446000.0,35101000.0,45878000.0,0.0,-83830000.0,657397720.0,591003720.0,6.092199924271109,5.083786786701234,0.029111388959580424,0.0350405987933568,-0.03361067633320256,6.092199924271109,-0.03372652084544934,27.165195041322313,-21.633464525470583,2.9184859691102893,0.0,0.0,0.0,0.08925574722182267,4.759721945243725,-0.02801966577042094,-73.77373134328359,0.5593801652892562,0.7692307692307693,-4.105746208951612,-0.1866396150125349,0.05107352267959338,0.08045334823210153,0.7728781129480702,-0.12448396316290886,-14.58848441178962,-0.14886987918222364,-0.03011552485188466,Software—Application,Technology,PDFS
2020Q4,2020,Q4,2021-03-11,2020-12-31,-33449000.0,22368000.0,-6298000.0,-0.91,12529000.0,0.5601305436337625,287580000.0,234506000.0,193380000.0,42205000.0,53074000.0,0.0,-76233000.0,793303200.0,769532200.0,6.38511177063196,4.581921573273309,0.022755407191042493,0.027905469369653654,-0.11998905123228021,6.38511177063196,-0.14263600931319453,35.46598712446352,-5.929199677120393,3.382869521462138,0.0,0.0,0.0,0.07778009597329438,4.25153417841488,-0.11631198275262536,85.26474634565778,0.5601305436337625,-10.375,-11.199257761119476,-0.20751167142784355,0.14740576105093253,-0.0800352448784786,-11.234455010972933,-0.906751438086588,-10.05447529400732,-0.27282992032288766,0.02908941169379332,Software—Application,Technology,PDFS
2020Q3,2020,Q3,2020-11-06,2020-09-30,-2734000.0,23112000.0,-3303000.0,-0.08,13619000.0,0.5892609899619246,310608000.0,264777000.0,218067000.0,32876000.0,45831000.0,0.0,-42784000.0,663812090.0,553953090.0,7.462921728346346,6.633014965324248,0.0,0.0,-0.009017904482964856,7.462921728346346,-0.010325670281028942,28.721533835237107,-60.699715618141916,2.5070609985006254,0.0,0.0,0.0,0.07440890125173853,6.349829662976031,-0.008802091382063566,-563.0297625106022,0.5892609899619246,0.2727272727272727,-2.625577330225286,-0.14019631455152434,0.34187656859710525,0.09275455347829575,0.25136911281489593,-0.03154278575890069,-5.189695026086093,-0.21195856563021342,0.20725781631539594,Software—Application,Technology,PDFS
2020Q2,2020,Q2,2020-08-06,2020-06-30,-3652000.0,21409000.0,-3202000.0,-0.11,12463000.0,0.5821383530290999,233696000.0,197705000.0,140734000.0,21880000.0,35991000.0,0.0,-40050000.0,643250160.0,548722160.0,6.011828741713799,6.432084095063986,0.0,0.0,-0.01688417843071568,6.011828741713799,-0.0184719658076427,30.045782614788173,-44.03410186199342,3.2535856958599934,0.0,0.0,0.0,0.09161046830069834,6.037797074954296,-0.0156271395316993,190.42337477797514,0.5821383530290999,-4.5,-2.6289099105057345,-0.11585406617819319,0.08424179742822382,-0.016415436824244338,-5.916666666666667,0.19688989214948582,-19.91439177250769,-0.13719994740801192,-0.0424206876570564,Software—Application,Technology,PDFS
2020Q1,2020,Q1,2020-05-07,2020-03-31,-528000.0,21158000.0,-3987000.0,-0.02,12671000.0,0.5988751299744778,239357000.0,198469000.0,149376000.0,27064000.0,40888000.0,0.0,-36398000.0,383279160.0,292158160.0,6.068831605663089,5.519361513449601,0.0,0.0,-0.002529037812620644,6.068831605663089,-0.0026603650948006994,18.115094054258435,-181.476875,1.931178975054039,0.0,0.0,0.0,0.08839515869600638,5.0897132722435705,-0.0022059100005431217,115.72438405797101,0.5988751299744778,0.5,-1.0847878941308038,-0.24400245537623683,0.11032366981590384,-0.06161593719914093,0.6030075187969924,-1.2361189007291082,-1.9990416651214902,-0.14787128700225857,-0.04481052516645085,Software—Application,Technology,PDFS
2019Q4,2019,Q4,2020-03-10,2019-12-31,-1330000.0,22562000.0,-1783000.0,-0.04,13503000.0,0.5984841769346689,239544000.0,196157000.0,147576000.0,27996000.0,43387000.0,0.0,-35870000.0,547725810.0,459664810.0,6.048814332850227,5.271324474924989,0.0,0.0,-0.006355201111393596,6.048814332850227,-0.006780283140545584,24.27647416009219,-102.95597932330827,2.7922827632967473,0.0,0.0,0.0,0.09418728918278062,4.938419774253465,-0.005552215876832649,-263.07675792507206,0.5984841769346689,-1.0,-1.2212730384191128,-0.17166360283228074,0.15980182742673676,0.023032047882415335,-0.9359534206695779,-0.2735714285714286,-1.441769475534163,-0.2258895681718912,-0.03743761294321632,Software—Application,Technology,PDFS
2019Q3,2019,Q3,2019-11-06,2019-09-30,-687000.0,21914000.0,-1400000.0,-0.02,13199000.0,0.6023090261933011,229347000.0,194987000.0,142841000.0,20625000.0,34360000.0,0.0,-34540000.0,423363440.0,332656440.0,6.0196036058286,6.9256242424242425,0.0,0.0,-0.00392510994694931,6.0196036058286,-0.0035233118105309586,19.319313680752032,-154.06238719068412,2.1712393133901235,0.0,0.0,0.0,0.09554953847227128,6.536484848484848,-0.0029954610263051183,27.838206207259336,0.6023090261933011,0.0,-1.3718610143291528,-0.06773239324126099,0.20444344244207457,0.0363536432160804,0.0323943661971831,0.16167664670658682,-1.3525060567571066,-0.2203792524117439,0.000761090605418315,Software—Application,Technology,PDFS
2019Q2,2019,Q2,2019-08-06,2019-06-30,-710000.0,20568000.0,-1670000.0,-0.02,12736000.0,0.6192143134966939,229671000.0,194892000.0,148041000.0,21364000.0,34779000.0,0.0,-33853000.0,438840230.0,362005230.0,6.026531432635517,6.929460775135742,0.0,0.0,-0.0037122896788459596,6.026531432635517,-0.0036430433265603516,21.336067191754182,-154.5212077464789,2.251709818771422,0.0,0.0,0.0,0.08955418838251238,6.515540161018536,-0.003091378537124844,128.3158567251462,0.6192143134966939,0.75,-1.1430155139392402,-0.20944272316086038,0.23063508180345035,0.004891904686760297,0.7361575622445188,0.3999281351060007,-1.3101454043494123,-0.2546493186724005,0.031577952051864235,Software—Application,Technology,PDFS
2019Q1,2019,Q1,2019-05-07,2019-03-31,-2691000.0,20541000.0,-2783000.0,-0.08,12674000.0,0.6170098826736771,232685000.0,197347000.0,153488000.0,22242000.0,35338000.0,0.0,-33143000.0,404763100.0,324726100.0,6.075019239649069,6.900818271738153,0.0,0.0,-0.01292675810929765,6.075019239649069,-0.013635879947503636,19.70513120101261,-37.603409513192126,2.051022310954816,0.0,0.0,0.0,0.08827814427229946,6.457422893624674,-0.011564991297247352,-161.38879585326953,0.6170098826736771,0.20000000000000004,-1.4036228342245396,-0.28851450202151135,0.3140502158765121,0.2668932427029188,0.13583815028901733,0.25026939655172414,-2.2521348434038124,-0.21421669303232185,0.04810937788260597,Software—Application,Technology,PDFS
2018Q4,2018,Q4,2019-03-08,2018-12-31,-3114000.0,19725000.0,-3712000.0,-0.1,10004000.0,0.5071736375158429,225905000.0,199795000.0,157221000.0,19528000.0,26110000.0,0.0,-30452000.0,272339580.0,176250580.0,6.184454900018572,8.051054895534618,0.0,0.0,-0.016520600091392935,6.184454900018572,-0.015585975625015642,13.806822813688212,-21.864128131021193,1.3630950724492605,0.0,0.0,0.0,0.08731546446515127,7.561399016796395,-0.013784555454726545,-3680.2645945945947,0.5071736375158429,-0.6666666666666669,-1.4281631927673155,-0.31671346096076153,0.391171809751639,0.04973767051416579,-0.4956772334293948,-0.30704225352112674,-2.079459377780064,-0.20551628637272737,0.11134768444917155,Software—Application,Technology,PDFS
2018Q3,2018,Q3,2018-11-09,2018-09-30,-2082000.0,20213000.0,-2840000.0,-0.06,9530000.0,0.4714787512986692,227659000.0,200895000.0,160422000.0,20670000.0,26764000.0,0.0,-27337000.0,286437600.0,189649600.0,6.242076808351976,7.7611030478955,0.0,0.0,-0.01124672858921934,6.242076808351976,-0.010363622788023594,14.170959283629347,-34.39452449567723,1.4258075113865452,0.0,0.0,0.0,0.0887862988065484,7.234252539912918,-0.00914525672167584,-62.093561673531326,0.4714787512986692,0.14285714285714296,-1.4023042876593914,-0.26080467107376726,0.4868932067980443,-0.06586943736522251,0.006679389312977099,0.02905982905982906,-2.364649749881954,-0.17105846612733128,0.12236157813314207,Software—Application,Technology,PDFS
2018Q2,2018,Q2,2018-08-09,2018-06-30,-2096000.0,21119000.0,-2925000.0,-0.07,10202000.0,0.4830721151569677,225772000.0,200324000.0,163495000.0,19802000.0,25448000.0,0.0,-25256000.0,382904760.0,281988760.0,6.267567736687316,8.256489243510757,0.0,0.0,-0.012072749837570828,6.267567736687316,-0.01046304985922805,18.130818694066953,-45.670892175572526,1.9114272877937741,0.0,0.0,0.0,0.09354127172545754,7.819159680840319,-0.009283702141983948,93.30038011695906,0.4830721151569677,-6.0,-1.4271493752081916,-0.20926145658883707,0.5958623527680311,-0.23032817804602038,-3.943396226415094,-5.170886075949367,-1.961910533066998,-0.10261660894651899,0.13036468606918136,Software—Application,Technology,PDFS
2018Q1,2018,Q1,2018-05-10,2018-03-31,-424000.0,24737000.0,-474000.0,-0.01,13255000.0,0.5358370052957109,226540000.0,202059000.0,166612000.0,18535000.0,24481000.0,0.0,-23160000.0,375078880.0,276556880.0,6.281366575478737,8.98904774750472,0.0,0.0,-0.001235577862551,6.281366575478737,-0.0020983970028556017,15.162666451065206,-221.155,1.8562839566661222,0.0,0.0,0.0,0.10919484417762867,8.468195306177503,-0.0018716341484947472,465.9364968944099,0.5358370052957109,0.8750000000000001,-1.0817789147663837,-0.06377926993817498,0.6832236583653835,-0.0856098233995585,0.8390280941533789,-1.5683453237410072,-1.0692196369595903,-0.10142085371484977,0.14920802564968857,Software—Application,Technology,PDFS
2017Q4,2017,Q4,2018-03-16,2017-12-31,-2634000.0,26777000.0,834000.0,-0.08,14496000.0,0.5413601224931844,224176000.0,198368000.0,163900000.0,19637000.0,25808000.0,0.0,-27089000.0,501944700.0,400677700.0,6.204622939538957,8.34648877119723,0.0,0.0,-0.012656165741018138,6.204622939538957,-0.01327835134699145,18.745367292825932,-47.64091685649203,2.5303713300532342,0.0,0.0,0.0,0.11944632788523303,8.088353618169782,-0.011749696666904575,516.9358393408857,0.5413601224931844,-5.0,-1.100433809679417,0.024602068089038708,0.7886946835595486,0.02910691466704529,-5.464406779661017,0.9669811320754716,-1.4444981577021572,-0.0028318359015717318,0.18967662549832076,Software—Application,Technology,PDFS
2017Q3,2017,Q3,2017-11-06,2017-09-30,590000.0,26517000.0,424000.0,0.02,14086000.0,0.5312063958969717,221970000.0,198297000.0,160284000.0,18407000.0,23673000.0,0.0,-24455000.0,496888220.0,396138220.0,6.181713323773303,8.707774216330744,0.0,0.0,0.003942318844964876,6.181713323773303,0.002975334977331982,18.738477957536674,210.5458559322034,2.5057777979495404,0.0,0.0,0.0,0.11946208947155021,8.350301515727713,0.0026580168491237553,150.4809872804361,0.5312063958969717,2.540846560846561,-0.8942044019055445,0.05277541904870151,1.3518188721521955,0.09109217660728118,2.121693121693122,1.6493108728943338,-0.6775173121988747,0.1391313551376157,0.2368794630706713,Software—Application,Technology,PDFS
2017Q2,2017,Q2,2017-08-04,2017-06-30,189000.0,24289000.0,-653000.0,0.005648366755327097,12910000.0,0.5315163242620116,227057000.0,202100000.0,171849000.0,19530000.0,24957000.0,0.0,-25046000.0,529541950.0,420534950.0,6.278152278587183,8.799231950844854,0.0,0.0,0.000975515869314688,6.278152278587183,0.0009351806036615537,21.80171888509202,700.4523148148148,2.6201976744186046,0.0,0.0,0.0,0.10697313890344715,8.347977470558115,0.0008323901046873693,-422.28225677830943,0.5315163242620116,-0.7175816622336451,-0.965211275902352,-0.04357063354464491,1.6949233335805745,0.004044174832788925,-0.6344294003868471,-0.5734939759036145,-0.9617546425014197,-0.062129166537230884,0.28201678350076725,Software—Application,Technology,PDFS
2017Q1,2017,Q1,2017-05-03,2017-03-31,517000.0,24289000.0,-415000.0,0.02,12858000.0,0.5293754374408168,227619000.0,203256000.0,171755000.0,19314000.0,24363000.0,0.0,-25235000.0,723636420.0,608710420.0,6.353536932262199,8.892772082427255,0.0,0.0,0.0016365736354779841,6.353536932262199,0.002543590349116385,29.792762979126355,349.9208994197292,3.560221690872594,0.0,0.0,0.0,0.10670901813996195,8.543750647198923,0.002271339387309495,-265.16541590326125,0.5293754374408168,-0.7777777777777777,-0.868903111852452,0.0439569854739806,1.8867601332671198,-0.211020433208566,-0.8239700374531835,-1.1512390670553936,-0.9212577848071328,-0.14570245176183713,0.37429467267017547,Software—Application,Technology,PDFS
2016Q4,2016,Q4,2017-03-09,2016-12-31,2937000.0,28433000.0,2744000.0,0.09,16297000.0,0.5731720184292899,222329000.0,198803000.0,170279000.0,18522000.0,23526000.0,0.0,-25752000.0,713391800.0,596604800.0,6.284075104311544,9.193337652521326,0.0,0.0,0.012984708999054408,6.284075104311544,0.014773418912189454,25.090275384236627,60.724531835205994,3.588435788192331,0.0,0.0,0.0,0.12788705027234415,8.905301803260986,0.013210152521713316,-5095.655714285715,0.5731720184292899,0.5,0.24708622100290462,0.44977552255220926,2.137891873419399,0.030998924527108243,0.553968253968254,-0.125,-0.5876212380871998,0.005796592818762023,0.41358103128119783,Software—Application,Technology,PDFS
2016Q3,2016,Q3,2016-11-07,2016-09-30,1890000.0,27259000.0,3136000.0,0.06,15807000.0,0.5798818738765178,210152000.0,188950000.0,167720000.0,17686000.0,21202000.0,0.0,-33614000.0,570774210.0,452240210.0,6.015025626333047,9.483207056428814,0.0,0.0,0.010335518448653859,6.015025626333047,0.010002646202699127,20.938926959903153,75.49923412698413,3.0207685101878803,0.0,0.0,0.0,0.12971087593741673,9.191281239398394,0.008993490425977389,-112.53434739747634,0.5798818738765178,-0.14285714285714296,1.7030566393169266,0.4407539753723743,2.113858315662389,-0.014157415492079332,-0.14634146341463414,-0.16662237576401806,-0.6258322559677973,0.021336758626328736,0.43280850542306315,Software—Application,Technology,PDFS
2016Q2,2016,Q2,2016-08-04,2016-06-30,2214000.0,26688000.0,3763000.0,0.07,16034000.0,0.6007943645083933,202233000.0,182716000.0,161736000.0,16595000.0,19517000.0,0.0,-35504000.0,437551240.0,315329240.0,5.842051413224198,9.746068092799035,0.0,0.0,0.012283645888928059,5.842051413224198,0.012117165437071739,16.395055455635493,49.40732158988257,2.3947067580288537,0.0,0.0,0.0,0.13196659298927474,9.461163000903886,0.010947768168399817,-73.56275050437122,0.6007943645083933,0.0,35.91020523555981,0.39781078366575234,2.116485087974574,0.07791596638655462,0.07371483996120272,0.13241047246464038,-0.53890665251221,0.021170663695890175,0.4875164186462292,Software—Application,Technology,PDFS
2016Q1,2016,Q1,2016-05-03,2016-03-31,2062000.0,25081000.0,3323000.0,0.07,14875000.0,0.5930784259000837,198217000.0,180655000.0,162200000.0,14630000.0,17562000.0,0.0,-37718000.0,417027840.0,287629840.0,5.796169147843942,11.086807928913192,0.0,0.0,0.012286618869354369,5.796169147843942,0.011414021200631038,16.62724133806467,50.561086323957326,2.3084212449143395,0.0,0.0,0.0,0.12653304207005453,10.84900888585099,0.010402740430941847,222.05955271565495,0.5930784259000837,-0.22222222222222213,4.188635680198151,0.4902314380799637,2.0883732301561517,0.06310748999428245,-0.2627815516624955,-0.023221634332745444,-0.5895320311832003,-0.020304310613912777,0.5532048512540237,Software—Application,Technology,PDFS
2015Q4,2015,Q4,2016-03-01,2015-12-31,2797000.0,24072000.0,3402000.0,0.09,13992000.0,0.5812562313060817,191769000.0,174307000.0,163251000.0,14456000.0,17462000.0,0.0,-39780000.0,339541320.0,213383320.0,5.5648245698049355,11.292957941339237,0.0,0.0,0.01597596014898542,5.5648245698049355,0.01604640089038306,14.105239282153539,30.348705756167323,1.9479499962709472,0.0,0.0,0.0,0.12552602349701986,11.040121748754842,0.014585256219722688,64.05231465761177,0.5812562313060817,0.7999999999999998,14.91862332667811,0.31780914500707497,2.0395319903029607,0.02686041391457508,0.8721552878179384,0.26046683957021116,-0.8911447191758897,-0.059847393800699644,0.6042509303057292,Software—Application,Technology,PDFS
2015Q3,2015,Q3,2015-11-06,2015-09-30,1494000.0,23878000.0,2699000.0,0.05,13626000.0,0.5706508082753999,192060000.0,175278000.0,165341000.0,13811000.0,16782000.0,0.0,-42577000.0,315160000.0,188901000.0,5.5615560350298265,11.971689233219896,0.0,0.0,0.008326168354316103,5.5615560350298265,0.008523602505733748,13.198760365189715,52.73761713520749,1.7980579422403267,0.0,0.0,0.0,0.12432573154222638,11.4263268409239,0.0077788191190253046,86.67766776677668,0.5706508082753999,-0.28571428571428575,24.989987308034014,0.40068618359156494,2.0419995927266177,0.022819396487013963,-0.30479292694276405,-0.26437721449986373,-0.7273268500510436,-0.03509293419269943,1.1158814323229118,Software—Application,Technology,PDFS
2015Q2,2015,Q2,2015-08-03,2015-06-30,2149000.0,23210000.0,3669000.0,0.07,13322000.0,0.5739767341663077,191809000.0,174781000.0,170642000.0,14142000.0,17028000.0,0.0,-44071000.0,504352000.0,372653000.0,5.54473066429795,12.066327252156697,0.0,0.0,0.012123561989544621,5.54473066429795,0.012295386798336203,21.72994398965963,58.672871102838535,2.8856225791132903,0.0,0.0,0.0,0.1210057922203859,11.500848536274926,0.01120385383376171,-7309.449275362319,0.5739767341663077,-0.611111111111111,4.832047398872391,0.3006309083651478,2.1187672395758694,-0.260423027813246,-0.6398525222054634,-0.6125250818460238,-0.596044230190546,-0.06666164926963657,1.3800990136223503,Software—Application,Technology,PDFS
2015Q1,2015,Q1,2015-05-04,2015-03-31,5967000.0,26817000.0,9469000.0,0.18,18013000.0,0.6717007868143342,186277000.0,171277000.0,167291000.0,12076000.0,15000000.0,0.0,-46220000.0,561541120.0,429661120.0,5.465822057697217,13.853179860881086,0.0,0.0,0.034651669100763255,5.465822057697217,0.03483830286611746,20.93974419211694,23.52694486341545,3.2785553226644564,0.0,0.0,0.0,0.1439630228101161,13.338274263000994,0.032032940191220605,38.79654000276358,0.6717007868143342,0.0,18.323713572680415,0.5109846875278069,2.1357532583081946,0.09090358527131782,0.03755868544600939,0.2202319587628866,0.5446928452441608,0.1767045128429147,1.48342260065755,Software—Application,Technology,PDFS
2014Q4,2014,Q4,2015-03-03,2014-12-31,5751000.0,26061000.0,7760000.0,0.18,16512000.0,0.633590422470358,177438000.0,161823000.0,159420000.0,12388000.0,15615000.0,0.0,-52187000.0,461076080.0,345612080.0,5.215386102874823,12.868905392315144,0.0,0.0,0.034641542095681266,5.215386102874823,0.035538829461819396,17.69218679252523,20.043300295600766,2.8492617242295593,0.0,0.0,0.0,0.14687383762215533,12.36591863093316,0.032411321137524096,-326.31003538570417,0.633590422470358,2.6,8.120193449127077,0.5295984924826438,2.0606736627871967,0.5300222386953298,2.265758091993186,1.634974533106961,1.48979554732208,0.354867852787924,1.6042523994862867,Software—Application,Technology,PDFS
2014Q3,2014,Q3,2014-11-05,2014-09-30,1761000.0,22406000.0,2945000.0,0.05,10792000.0,0.48165669909845577,167961000.0,154313000.0,150400000.0,10374000.0,13648000.0,0.0,-57937000.0,389346360.0,273225360.0,4.997830029796606,14.49778291883555,0.0,0.0,0.011285412742768803,4.997830029796606,0.011411870678426316,17.376879407301615,55.27347529812606,2.5230950081976244,0.0,0.0,0.0,0.133400015479784,13.802294197031038,0.010484576776751745,47.85476401179941,0.48165669909845577,-0.6666666666666666,1.5338606851603953,0.3856256091406056,1.8741400195225648,-0.3153587515066929,-0.625,-0.6201470398555398,1.562365508618003,0.20484899746307011,1.5872765247114644,Software—Application,Technology,PDFS
2014Q2,2014,Q2,2014-08-06,2014-06-30,4696000.0,24610000.0,7753000.0,0.15,15763000.0,0.6405119869971556,165406000.0,149802000.0,147116000.0,12195000.0,15604000.0,0.0,-59698000.0,649119800.0,542210800.0,4.897090552468127,12.063632636326362,0.0,0.0,0.031457597892364006,4.897090552468127,0.03134804608750217,26.37626168224299,34.557059199318566,4.333185137715117,0.0,0.0,0.0,0.14878541286289493,11.284460844608446,0.028390747614959553,123.68898628048781,0.6405119869971556,-0.25000000000000006,1.608876528011279,1.2102862289816163,1.7169595832886764,-0.09309015591738105,-0.2492406075139888,-0.17354226628291228,76.70674971180813,0.3178794889321206,1.6123888000508415,Software—Application,Technology,PDFS
2014Q1,2014,Q1,2014-05-07,2014-03-31,6255000.0,27086000.0,9381000.0,0.2,17381000.0,0.6416968175441188,159313000.0,140899000.0,141804000.0,15048000.0,18414000.0,0.0,-64394000.0,553767090.0,452773090.0,4.623125635725301,9.423444976076555,0.0,0.0,0.04480906388122813,4.623125635725301,0.044393501728188275,20.44477183784981,22.13297721822542,3.9302414495489684,0.0,0.0,0.0,0.17001751269513474,8.872208931419458,0.03926233264077633,49.62070698924731,0.6416968175441188,-0.04761904761904753,1.7314624932498288,1.275651978166067,1.2890165487749925,-0.007537258036886884,-0.08311345646437995,-0.05031382871026523,10.89191269559242,0.6458508161990352,1.4633403699637997,Software—Application,Technology,PDFS
2013Q4,2013,Q4,2014-03-14,2013-12-31,6822000.0,27078000.0,9878000.0,0.21,17513000.0,0.6467612083610311,151164000.0,134712000.0,133783000.0,12868000.0,16452000.0,0.0,-70649000.0,776362860.0,686991860.0,4.445500445500445,10.396565122785203,0.0,0.0,0.05041171375551124,4.445500445500445,0.050641368252271515,28.671351650786615,28.45070580474934,5.7631306787814,0.0,0.0,0.0,0.17912995157577202,9.654258626049113,0.04512979280781138,241.10647826086958,0.6467612083610311,0.4,1.0743063777307493,0.6881584333615323,0.940639076861262,0.16893605660125485,0.4141791044776119,0.2750742222795921,39.13307897923283,0.5322677142876923,1.4281521632007734,Software—Application,Technology,PDFS
2013Q3,2013,Q3,2013-11-06,2013-09-30,4824000.0,25489000.0,7747000.0,0.15,14982000.0,0.5877829652006749,141042000.0,125942000.0,121913000.0,11543000.0,15100000.0,0.0,-77471000.0,636900000.0,551667000.0,4.198066666666667,10.56163908862514,0.0,0.0,0.0397556298691262,4.198066666666667,0.038303345984659606,24.987249401702694,33.0068407960199,5.057089771482111,0.0,0.0,0.0,0.18071921838884872,9.83461838343585,0.03420257795550262,110.80375782881002,0.5877829652006749,0.0,1.362273560209424,0.24694388489208632,-0.18219480519480527,-0.0035251080811439972,0.05975395430579965,0.04421081008222132,87.160208,0.5707444406977791,1.2962129680620402,Software—Application,Technology,PDFS
2013Q2,2013,Q2,2013-08-07,2013-06-30,4552000.0,24776000.0,7419000.0,0.15,15035000.0,0.6068372618663223,133080000.0,116447000.0,113832000.0,13377000.0,16633000.0,0.0,-82295000.0,547042500.0,470275500.0,3.9273861720067456,8.50953128504149,0.0,0.0,0.03949533409194306,3.9273861720067456,0.03909074514586035,22.07953261220536,30.044074033391915,4.697780964730735,0.0,0.0,0.0,0.18617373008716562,7.727367870225013,0.03420498948001202,43.3198051948052,0.6068372618663223,0.0,3.1847953964638998,0.09262447284882953,-0.30115449728806437,0.040268456375838924,-0.03783555273726485,0.1722231000158003,12.133363052648939,0.4760436111064732,1.209052895803512,Software—Application,Technology,PDFS
2013Q1,2013,Q1,2013-05-08,2013-03-31,4731000.0,24110000.0,6329000.0,0.15,14453000.0,0.5994608046453753,126467000.0,109538000.0,108000000.0,13662000.0,16929000.0,0.0,-86847000.0,449100900.0,385917900.0,3.731748032569073,7.905138339920948,0.0,0.0,0.04154926544406959,3.731748032569073,0.04319049097116982,18.62716300290336,23.7318167406468,4.09995526666545,0.0,0.0,0.0,0.19064261823242426,6.9950226906748645,0.03740896834747404,-521.6038327526132,0.5994608046453753,0.15384615384615377,2.7855712960814847,0.12386348681534026,-0.3372594891157687,0.003053647026164203,-0.8020419264404368,0.4048834628190899,15.663207108072196,0.4502342097028876,1.140911454633728,Software—Application,Technology,PDFS
2012Q4,2012,Q4,2013-03-18,2012-12-31,23899000.0,23815000.0,4505000.0,0.13,14409000.0,0.6050388410665547,124260000.0,101060000.0,102598000.0,19698000.0,23200000.0,0.0,-91578000.0,401466520.0,339829520.0,3.468799340976179,5.208549091278303,0.0,0.0,0.24086754783200406,3.468799340976179,0.23648327726103305,16.857716565190007,4.199616301937319,3.9725561052839895,0.0,0.0,0.0,0.19165459520360534,4.85308153111991,0.19233059713503944,40.78286468915075,0.6050388410665547,-0.23529411764705885,20.38344094663712,-0.07321336470719272,-0.38281220903191143,0.10042767679853368,3.786501101542159,-0.15668289030325722,32.512424757383044,0.48864321872918043,1.0356810742290306,Software—Application,Technology,PDFS
2012Q3,2012,Q3,2012-11-09,2012-09-30,4993000.0,22551000.0,5342000.0,0.17,13094000.0,0.5806394394927055,93743000.0,75490000.0,88879000.0,14999000.0,18253000.0,0.0,-115477000.0,392889600.0,341957600.0,2.628481894150418,5.925661710780719,0.0,0.0,0.06843431103247023,2.628481894150418,0.06614121075639158,17.422269522415856,19.672020829160825,5.204525102662604,0.0,0.0,0.0,0.24056196195982632,5.710047336489099,0.053262643610722936,-175.47548012505584,0.5806394394927055,0.06250000000000006,6.225341922747188,-0.0792440322868863,-0.5131252535089144,-0.03897247706422018,0.03589211618257261,-0.023935684268225836,2.6272967095300834,0.4992842246259787,0.511581017667309,Software—Application,Technology,PDFS
2012Q2,2012,Q2,2012-08-09,2012-06-30,4820000.0,22531000.0,5473000.0,0.16,13625000.0,0.6047223824952288,84747000.0,66534000.0,80736000.0,14787000.0,18213000.0,0.0,-120470000.0,281887200.0,231711200.0,2.329621848739496,5.459931020490972,0.0,0.0,0.07044898879687422,2.329621848739496,0.07244416388613341,12.511082508543785,14.62070539419087,4.236739110830552,0.0,0.0,0.0,0.2658619184159911,5.270575505511598,0.05687516962252351,44.342803209060875,0.6047223824952288,0.3333333333333334,7.778386818350736,-0.06272701185293096,-0.5757296233326832,0.14351657574485943,0.37753643898256645,0.4364829396325459,1.6693749509445237,1.167397886839177,0.2924997689049069,Software—Application,Technology,PDFS
2012Q1,2012,Q1,2012-05-09,2012-03-31,3499000.0,20643000.0,3810000.0,0.12,11915000.0,0.5771932374170421,80800000.0,62471000.0,75888000.0,14832000.0,18329000.0,0.0,-125290000.0,239277120.0,193746120.0,2.20092305524239,5.116504854368932,0.0,0.0,0.05817831425799019,2.20092305524239,0.05600998863472651,11.59119895364046,17.09610745927408,3.830211137968017,0.0,0.0,0.0,0.2554826732673267,4.94923139158576,0.04330445544554455,-155.37475324675324,0.5771932374170421,0.6119640321817319,2.464627361008385,-0.08096917513146924,-0.5858569635858014,0.2713401621852326,0.6559394226218647,0.7946302402260952,1.4393466379168696,0.8622260616494053,0.08972796609709001,Software—Application,Technology,PDFS
2011Q4,2011,Q4,2012-03-15,2011-12-31,2113000.0,17596000.0,2123000.0,0.07444334836527622,9372000.0,0.5326210502386907,74384000.0,56843000.0,70621000.0,13385000.0,17541000.0,0.0,-128789000.0,197836480.0,151795480.0,2.0026423337091317,5.276129996264475,0.0,0.0,0.03281386748480322,2.0026423337091317,0.03717256302447091,11.243264378267789,23.407061050638898,3.480401808490052,0.0,0.0,0.0,0.23655624865562486,4.9984310795666795,0.02840664659066466,92.66345667447307,0.5326210502386907,2.7221674182638105,5.844011365721927,-0.08481245156906557,-0.6219517572161362,0.0261688382787693,2.3753993610223643,0.3661518661518662,1.024571173616359,0.17117717467335844,-0.12576637491820866,Software—Application,Technology,PDFS
2011Q3,2011,Q3,2011-11-09,2011-09-30,626000.0,16939000.0,1554000.0,0.02,9133000.0,0.5391699628077218,72306000.0,54327000.0,69362000.0,13653000.0,17979000.0,0.0,-130902000.0,114745920.0,70586920.0,1.9316953491679705,5.080348641324251,0.00038724310568970764,0.0005153975003221235,0.010197852515946527,1.9316953491679705,0.011522815542916046,6.774066946100715,45.825047923322686,2.112134297862941,0.0,0.0,0.0,0.23426824883135564,4.81762250054933,0.008657649434348463,58.21710806697108,0.5391699628077218,10.863157894736842,0.04888626059530856,-0.16454778820422,-0.6103095341270668,-0.06241658967251822,11.982456140350877,0.8218053927315357,1.0501473327544957,-0.11605336694944993,-0.6236957112010447,Software—Application,Technology,PDFS
2011Q2,2011,Q2,2011-08-09,2011-06-30,-57000.0,17160000.0,853000.0,-0.0020277481323372464,9741000.0,0.5676573426573427,70934000.0,52694000.0,67757000.0,13863000.0,18240000.0,0.0,-131242000.0,167535600.0,125882600.0,1.8745642120241908,4.887614513453077,0.0008317591000084586,0.0011196720689262535,-0.0011226220475987953,1.8745642120241908,-0.0010817170835389228,9.763146853146853,-734.8052631578947,3.179405624928834,0.0,0.0,0.0,0.24191501959568049,4.608526293010171,-0.0008035638762793583,52.371241012816505,0.5676573426573427,0.8986125933831378,0.9361271308491643,-0.09566664316100931,-0.6163118000383171,0.07421702690780768,0.901213171577123,13.924242424242424,0.9711432626610481,-0.20178319473015777,-0.6664369858876208,Software—Application,Technology,PDFS
2011Q1,2011,Q1,2011-05-10,2011-03-31,-577000.0,15017000.0,-66000.0,-0.02,9068000.0,0.6038489711660119,69760000.0,52193000.0,66288000.0,12899000.0,17567000.0,0.0,-130461000.0,184936500.0,145626500.0,1.8767709457029846,5.139003023490193,0.0012327981651376147,0.0016477305385779702,-0.0017139713055405218,1.8767709457029846,-0.011055122334412661,12.3151428381168,-80.12846620450608,3.5433199854386603,0.0,0.0,0.0,0.21526662844036698,4.831459803085511,-0.008271215596330275,367.66699801192846,0.6038489711660119,-4.565384615384616,-3.054819484025396,-0.27822439250421166,-0.61073663383933,-0.06157508020283556,-4.698717948717949,-1.0851612903225807,0.7701462642371856,-0.26115891440996025,-0.6666945022781744,Software—Application,Technology,PDFS
2010Q4,2010,Q4,2011-03-23,2010-12-31,156000.0,16218000.0,775000.0,0.005609492988133765,9663000.0,0.5958194598594154,68453000.0,50915000.0,64842000.0,12375000.0,17538000.0,0.0,-129884000.0,134044200.00000001,95998200.00000001,1.8308162531463503,5.239757575757576,0.0015777248623142887,0.002121182362761465,0.0031805632596011778,1.8308162531463503,0.0030639300795443384,8.265149833518313,214.8144230769231,2.6327054895413924,0.0,0.0,0.0,0.23692168349086234,4.977454545454545,0.0022789359122317504,37.51586901763225,0.5958194598594154,2.094308522114347,-0.9338866949862139,-0.18628227781900641,-0.60390341625019,0.11350541599446877,2.12,0.08543417366946779,-0.8537750142419064,-0.33881103051797734,-0.6742511376775459,Software—Application,Technology,PDFS
2010Q3,2010,Q3,2010-11-05,2010-09-30,50000.0,14828000.0,714000.0,0.001812842173960335,8678000.0,0.5852441327218775,65193000.0,50118000.0,61220000.0,10662000.0,15075000.0,0.0,-130040000.0,101153970.0,66726970.0,1.82825666654507,5.741887075595573,0.002116791680088353,0.0027535017359032682,0.009107217201773075,1.82825666654507,0.0009976455564866915,6.821821553817103,505.76984999999996,2.0183161738297617,0.0,0.0,0.0,0.227447732118479,5.398142937535171,0.0007669535072783888,69.23611909650924,0.5852441327218775,-0.8187157826039666,-0.9690058757858193,-0.23506938047317696,-0.5969310984585449,-0.04258605472197705,-0.8422712933753943,2.797872340425532,1.0548215135601615,-0.3657080725587501,-0.6613512906344451,Software—Application,Technology,PDFS
2010Q2,2010,Q2,2010-08-09,2010-06-30,317000.0,15352000.0,188000.0,0.01,9064000.0,0.590411672746222,62939000.0,48212000.0,58296000.0,9949000.0,14727000.0,0.0,-130090000.0,130166400.0,98222400.0,1.777859724168449,5.859483365162328,0.002351483182128728,0.0030697751597112753,0.0020816567187534932,1.777859724168449,0.006575126524516718,8.478791036998437,102.65488958990537,2.699875549655687,0.0,0.0,0.0,0.24391871494621778,5.57543471705699,0.005036622761721667,-55.74578158458244,0.590411672746222,2.0,-0.7747259342044247,-0.2023885796095676,-0.5985347846252058,0.057519542643798854,2.070945945945946,4.298245614035087,1.4695038085257235,-0.3274088603346417,-0.6762164575153129,Software—Application,Technology,PDFS
2010Q1,2010,Q1,2010-05-10,2010-03-31,-296000.0,15252000.0,-57000.0,-0.01,8571000.0,0.5619590873328089,62607000.0,46939000.0,57347000.0,10915000.0,15668000.0,0.0,-130407000.0,117410440.00000001,82701440.00000001,1.743065097107208,5.253962437013285,0.003034804414841791,0.004047806727880867,0.001746322625652788,1.743065097107208,-0.006306056797119666,7.69803566745345,-99.16422297297298,2.5013408892392253,0.0,0.0,0.0,0.24361493123772102,4.938983050847457,-0.004727905825227211,-1235.8993684210527,0.5619590873328089,0.6158487874465051,-1.2026162319714955,-0.19561954275642415,-0.599586973464211,0.06195019204559534,0.5777460770328102,0.9364548494983278,0.8694044786640721,-0.28428942530587703,-0.672011127211311,Software—Application,Technology,PDFS
2009Q4,2009,Q4,2010-03-16,2009-12-31,-701000.0,14787000.0,-897000.0,-0.02603141594563482,8071000.0,0.5458172719280449,63477000.0,45887000.0,57737000.0,12551000.0,17590000.0,0.0,-130111000.0,103676650.0,69009650.0,1.7039994058449999,4.600191219823122,0.003654867117223561,0.005055898184671039,-0.017457399286525347,1.7039994058449999,-0.015276657876958616,7.01133766145939,-36.974554208273894,2.259390459171443,0.0,0.0,0.0,0.23295051751027931,4.358855868058322,-0.01104337003954188,56.53034351145038,0.5458172719280449,0.7633507641305926,-1.430439680913148,-0.2183288127904627,-0.5975480364290418,-0.021459747817652763,0.7523843164959378,0.6538016209957546,-0.6938581817647959,-0.18935707982535555,-0.6783279918529804,Software—Application,Technology,PDFS
2009Q3,2009,Q3,2009-11-09,2009-09-30,-2831000.0,13878000.0,-2591000.0,-0.11,8248000.0,0.5943219484075515,61188000.0,46079000.0,54201000.0,9961000.0,15109000.0,0.0,-129410000.0,92481510.0,63076510.0,1.738895807388958,5.441321152494729,0.06162973131986664,0.08183771349204627,-0.05694421499793499,1.738895807388958,-0.06143796523362052,6.663893212278427,-8.166858883786649,2.007020768679876,0.0,0.0,0.0,0.22680917827024907,5.163136231302078,-0.04626724194286461,-16.947317207256734,0.5943219484075515,0.56,-21.015984670281057,-0.19474794885303356,-0.5805615955112207,0.8917431192660551,0.5735161193130461,0.5756632820176876,-6.034328339434193,-0.2735456438086758,-0.6492039401669804,Software—Application,Technology,PDFS
2009Q2,2009,Q2,2009-08-10,2009-06-30,-6638000.0,9583000.0,-6106000.0,-0.25,4360000.0,0.45497234686423876,65399000.0,47454000.0,57862000.0,12469000.0,17945000.0,0.0,-126579000.0,67136400.0,35022400.0,1.802415679124886,4.640468361536611,0.06500099389898928,0.08958148944240739,-0.12411360326605622,1.802415679124886,-0.13988283390230538,7.005781070645935,-2.5284874962338053,1.4147679858389177,0.0,0.0,0.0,0.14653129252740868,4.433074023578475,-0.10150002293613052,-72.97434782608696,0.45497234686423876,0.10714285714285723,-12.887265500112296,-0.39203040707432013,-0.5645002902645619,0.23129059587687095,0.09329326594727497,0.17274082102696112,-6.941852076268252,-0.4607927396424317,-0.6310792540099889,Software—Application,Technology,PDFS
2009Q1,2009,Q1,2009-05-11,2009-03-31,-7321000.0,10190000.0,-7381000.0,-0.28,3541000.0,0.34749754661432775,71211000.0,52698000.0,63160000.0,13298000.0,18513000.0,0.0,-119941000.0,40964440.0,8981440.0,2.0196995247585465,4.749586403970522,0.011192091109519596,0.015123913621010286,-0.14313712928664157,2.0196995247585465,-0.13892367831796273,4.020062806673209,-1.3988676410326457,0.7773433526889066,0.0,0.0,0.0,0.14309587002008117,4.475936231012183,-0.10280715058066872,-65.12629570747218,0.34749754661432775,0.9075816877711858,-2.853994564127302,-0.22048896017475755,-0.5208497329915611,0.2801879971077368,0.9073889008361691,0.9061955900108025,-28.78829417606129,-0.4779803835967718,-0.581091641768713,Software—Application,Technology,PDFS
2008Q4,2008,Q4,2009-03-16,2008-12-31,-79051000.0,13811000.0,-78685000.0,-3.029702590832439,2766000.0,0.20027514300195495,79627000.0,59770000.0,70873000.0,14542000.0,19857000.0,0.0,-112620000.0,37572480.0,6768480.0,2.29074045684501,4.873676248108926,0.011076644856644103,0.014756566839551614,-1.3026251408181062,2.29074045684501,-1.3225865818972729,2.720474983708638,-0.11882354429418983,0.628617701187887,0.0,0.0,0.0,0.17344619287427632,4.519735937285105,-0.9927662727466814,8.715490605427975,0.20027514300195495,-5.885687706437361,-59.121180588746306,0.10964524059223225,-0.4560587853945905,-0.7481333090511747,-5.466868455497382,-31.142565359477125,-36.70797787116989,-0.26142394599841484,-0.5043989435562128,Software—Application,Technology,PDFS
2008Q3,2008,Q3,2008-11-10,2008-09-30,-12224000.0,18765000.0,-2448000.0,-0.44,10982000.0,0.5852384758859579,160037000.0,141372000.0,81102000.0,13481000.0,18665000.0,0.0,-33569000.0,143208000.0,117125000.0,5.133333333333334,6.016022550255916,0.0058923873854171225,0.006670344905639023,-0.07533802676535453,5.133333333333334,-0.08646690999632176,7.631654676258993,-2.928828534031414,1.0129870129870129,0.0,0.0,0.0,0.11725413498128558,5.604851272160819,-0.0763823365846648,97.28804347826087,0.5852384758859579,-5.285714285714286,-7.29386479867995,0.38698507721672737,0.11569107304274981,-0.16903753026634383,-5.301030927835051,0.24210526315789474,-8.542500302590172,-0.03643577493846319,0.13172677872568075,Software—Application,Technology,PDFS
2008Q2,2008,Q2,2008-08-11,2008-06-30,-1940000.0,21114000.0,-3230000.0,-0.07,13216000.0,0.625935398313915,177865000.0,155152000.0,83986000.0,15408000.0,22713000.0,0.0,-21345000.0,164267600.0,135109600.0,5.619820341929875,5.450804776739356,0.007471959070081241,0.008565793544395173,-0.013442255200861033,5.619820341929875,-0.012503867175415077,7.780032206119163,-21.168505154639174,1.0587527070227907,0.0,0.0,0.0,0.1187080088831417,5.107801142263759,-0.010907148680178787,98.77787131689718,0.625935398313915,0.22222222222222213,-1.3507014517702614,0.7140433146020788,0.6149056777015631,0.10594142259414226,0.22801432550736173,0.10748825642442664,-2.3541799370449654,0.07750583157196421,0.26903284509456576,Software—Application,Technology,PDFS
2008Q1,2008,Q1,2008-05-12,2008-03-31,-2513000.0,20347000.0,-3619000.0,-0.09,11950000.0,0.5873101685752199,180050000.0,156761000.0,87192000.0,16345000.0,23289000.0,0.0,-19405000.0,153398400.0,121752400.0,5.630783045977012,5.334475374732334,0.007658983615662316,0.008796830844406453,-0.01837363140437296,5.630783045977012,-0.016030772960111253,7.539116331645943,-15.26048547552726,0.9785495116770114,0.0,0.0,0.0,0.11300749791724521,4.976323034567146,-0.013957234101638434,-153.85997993981945,0.5873101685752199,-3.346067415730337,-0.5216622292302123,0.8126684300399708,0.61856312729834,-0.17180677801649455,-3.352996254681648,-0.46163166397415184,-2.663895347878428,0.03797309050112096,0.29349092294250173,Software—Application,Technology,PDFS
2007Q4,2007,Q4,2008-03-17,2007-12-31,1068000.0,24555000.0,-2476000.0,0.03836206896551724,14429000.0,0.5876196294033802,179351000.0,156470000.0,88820000.0,16364000.0,22881000.0,0.0,-16892000.0,250838400.0,216851400.0,5.620330459770115,5.4277682718161815,0.007404475023835942,0.00848724995206749,0.008673877342516446,5.620330459770115,0.006825589569885601,10.215369578497251,58.716853932584264,1.603108583114974,0.0,0.0,0.0,0.13691030437521953,5.120386213639697,0.005954803708928302,-51.75126882607799,0.5876196294033802,2.2787356321839085,2.0703302815093694,1.2053049734305632,0.6051153308185003,-0.014210562273689964,2.137380191693291,-1.1624454148471615,-0.36566813118537256,0.25555275378764003,0.32741421252461334,Software—Application,Technology,PDFS
2007Q3,2007,Q3,2007-11-09,2007-09-30,-939000.0,24068000.0,-1145000.0,-0.03,14637000.0,0.6081519029416653,176985000.0,152367000.0,88039000.0,18239000.0,24618000.0,0.0,-18423000.0,288156830.0,251044830.0,5.398681926088651,4.826964197598553,0.00762211486849168,0.008853623159870575,-0.00849869353993527,5.398681926088651,-0.006162751776959578,11.972612182150574,-76.7190708200213,1.891202360091096,0.0,0.0,0.0,0.13598892561516512,4.527112232030265,-0.005305534367319264,99.09106946354883,0.6081519029416653,-0.4999999999999999,-4.979359943155429,0.7096543686672855,0.5251795127684534,-0.022831964750650913,-0.33951497860199714,0.23360107095046853,-7.233457345663702,0.3112070292967418,0.30221403939156644,Software—Application,Technology,PDFS
2007Q2,2007,Q2,2007-08-09,2007-06-30,-701000.0,23698000.0,-1494000.0,-0.02,14979000.0,0.6320786564267027,180641000.0,154596000.0,91442000.0,19643000.0,26045000.0,0.0,-17483000.0,333073650.0,298842650.0,5.4908897176345235,4.655195234943746,0.007866431208861775,0.009191699655877255,-0.006956157062862917,5.4908897176345235,-0.004534399337628399,14.05492657608237,-118.78518188302425,2.1544778002018163,0.0,0.0,0.0,0.1311883791608771,4.392149875273635,-0.003880625107256935,152.64603574702107,0.6320786564267027,0.75,-1.9612787618477359,0.500555295955717,0.5481028848079965,0.042017391304347826,0.7023354564755838,0.798842062744042,-0.3713864245288119,0.40589991137441034,0.32670887515811986,Software—Application,Technology,PDFS
2007Q1,2007,Q1,2007-05-10,2007-03-31,-2355000.0,22142000.0,-7427000.0,-0.08,14375000.0,0.6492186794327522,174287000.0,148697000.0,91408000.0,19483000.0,25590000.0,0.0,-16783000.0,315894200.0,285273200.0,5.314403145103645,4.691679926089411,0.00838846270806199,0.009832074621545828,-0.060321300229628165,5.314403145103645,-0.015837575741272522,14.266741938397615,-33.5344161358811,2.1244154219654736,0.0,0.0,0.0,0.12704332509022476,4.393625211723041,-0.0135121954018372,-287.4378525932666,0.6492186794327522,-4.205581395348838,-4.1400193487959385,0.49456683076971836,0.5387803459621661,1.4111036564911104,-4.476744186046512,-0.5383181441590721,-0.15608898165977098,0.5795180470836243,0.2607804550883966,Software—Application,Technology,PDFS
