Quarters,Year,Quarter,FillingDate,Date,NetIncome,Revenue,OperatingIncome,EPSDiluted,GrossProfit,GrossProfitRatio,TotalAssets,CommonStockEquity,CurrentAssets,CurrentLiability,TotalLiability,Inventory,RetainedEarnings,MarketCap,EnterpriseValue,bookValuePerShare,currentRatio,debtToAssets,debtToEquity,roic,shareholdersEquityPerShare,roe,priceToSalesRatio,peRatio,pbRatio,payoutRatio,inventoryTurnover,dividendYield,assetTurnover,quickRatio,returnOnAssets,priceToFreeCashFlowsRatio,grossProfitMargin,epsdilutedGrowth,fiveYNetIncomeGrowthPerShare,fiveYRevenueGrowthPerShare,fiveYShareholdersEquityGrowthPerShare,grossProfitGrowth,netIncomeGrowth,operatingIncomeGrowth,threeYNetIncomeGrowthPerShare,threeYRevenueGrowthPerShare,threeYShareholdersEquityGrowthPerShare,Industry,Sector,Symbol
2023Q1,2023,Q1,2023-05-03,2023-03-31,-23658000.0,2292447000.0,312721000.0,-0.0899,1344694000.0,0.5865758292,48638644000.0,22083278000.0,5595054000.0,6083410000.0,25755815000.0,163285000.0,2654589000.0,27690222600.0,43890329600.0,83.930137012333,0.9197233130760544,0.3742246185975086,0.824233521853051,0.0033356352794357315,83.930137012333,-0.0010713083447122297,12.07889325249395,-292.60950418463096,1.253900014300413,-2.7791867444416267,5.80428698288269,0.0023744843423541134,0.047132214458939274,0.5044613136382391,-0.00048640336272532596,63.316395590525254,0.5865758292340019,-1.0956382978723405,-1.1567342822299571,0.7461122367799679,2.3838984349507277,0.014807486078125508,-1.094895429712883,22.28699084071785,-1.187494263150824,0.3702911266238112,-0.08027342746712927,Specialty Business Services,Industrials,GPN
2022Q4,2022,Q4,2023-02-17,2022-12-31,249306000.0,2252984000.0,13429000.0,0.94,1325073000.0,0.5881413272,44809014000.0,22303506000.0,6314148000.0,6898691000.0,22268804000.0,138815000.0,2731380000.0,26383066840.0,38591189840.0,83.96234711278926,0.9152675485827674,0.3170274846931468,0.6369262751784406,0.0003078711494712156,83.96234711278926,0.011177883871710573,11.710277054786008,26.456510112071108,1.1829111907338692,0.26422548996012934,6.684515362172676,0.002496790854508558,0.050279704882593486,0.4342705014617991,0.005563746615803686,47.346222235781184,0.5881413272353465,-0.10476190476190485,-0.3827166840688085,0.28030144548005476,2.5213927339482947,-0.021452276825869455,-0.14166787167675432,-0.965248737164624,1.744470219886471,0.282301990339739,-0.09415330871893933,Specialty Business Services,Industrials,GPN
2022Q3,2022,Q3,2022-10-31,2022-09-30,290454000.0,2285371000.0,386432000.0,1.05,1354122000.0,0.5925173637,43938749000.0,22660579000.0,5453352000.0,5676685000.0,21065794000.0,720437000.0,2547947000.0,29716991500.0,41611738500.0,82.3931171144966,0.9606578487268538,0.3160897229914306,0.6128963871576274,0.01001809651265042,82.3931171144966,0.012817589524080563,13.003136689841606,25.57805323734567,1.3113959488855071,0.2367569391366619,1.2926168422776732,0.0023140633196331467,0.05201265516230332,0.5270806817711393,0.00661042944122055,150.8132228678728,0.5925173637015609,1.4303278688524592,0.47397420338882235,0.2362237414900013,2.606180012572135,0.02693372627325655,1.4278517409915947,-0.15696882962756117,0.9671683805568773,0.3301898584724173,-0.47481593957877666,Specialty Business Services,Industrials,GPN
2022Q2,2022,Q2,2022-08-01,2022-06-30,-678866000.0,2280906000.0,458384000.0,-2.44,1318607000.0,0.5781066822,44175824000.0,23755655000.0,5216996000.0,5981805000.0,20199297000.0,750391000.0,2326259000.0,30777945840.0,41477640840.0,85.39639659070893,0.8721441103479636,0.28597098720784475,0.531789336054931,0.013658741627442524,85.39639659070893,-0.02857702723835651,13.493737067638913,-11.334322914978802,1.2956050186787103,-0.10174614725144579,1.2823967771468474,0.002244204352008178,0.05163244945923363,0.48856173011323506,-0.015367364737780557,76.90487406548594,0.5781066821692783,-3.975609756097561,-6.563051606986935,0.29968333678920145,3.5686312260119077,0.09966758291246072,-3.9241676968603145,0.2192782493276978,-4.1759844239436745,0.3745328844596008,2.354735849693996,Specialty Business Services,Industrials,GPN
2022Q1,2022,Q1,2022-05-02,2022-03-31,232157000.0,2156254000.0,375947000.0,0.82,1199096000.0,0.5561014611,45435260000.0,25159564000.0,5152410000.0,4867174000.0,20040455000.0,683753000.0,3068683000.0,38602564000.0,48898656000.0,89.18668557249202,1.0586040277171105,0.27162536320910236,0.4905239613850224,0.008184175236996293,89.18668557249202,0.009227385657398515,17.902605166181722,41.56945946062363,1.53430973605107,0.3025667974689542,1.3998593059189504,0.001819645969630411,0.047457723362868395,0.6201212448948815,0.005109621910384138,81.4575372759539,0.5561014611451156,0.1884057971014493,1.5677604572900976,0.26570553316105655,3.9740354513813405,-0.021931770724577155,0.16611414162723648,0.1712620258212452,0.1539137741868053,0.3634835197620497,2.55587508816372,Specialty Business Services,Industrials,GPN
2021Q4,2021,Q4,2022-02-18,2021-12-31,199086000.0,2193981000.0,320976000.0,0.69,1225984000.0,0.5587942649,45279713000.0,25628201000.0,4710985000.0,4463014000.0,19410296000.0,0.0,2982122000.0,38916564660.0,49018326660.0,89.0217376956931,1.0555613314231145,0.26680977416972584,0.4713975046473219,0.00714506668476591,89.0217376956931,0.007768239370371724,17.737876791093452,48.86903732557789,1.518505518978878,0.35925680359241735,0.0,0.0018378549243714259,0.04845395111051168,0.6555110515001745,0.004396803486806553,63.719929561321926,0.5587942648546181,-0.3168316831683169,-0.5451595904471267,0.15041226522788806,2.733584291824959,-0.02557772629186156,-0.3290803946942737,-0.1977264717571104,0.4546428366732277,0.3692933101021929,2.5286795323174744,Specialty Business Services,Industrials,GPN
2021Q3,2021,Q3,2021-11-02,2021-09-30,296736000.0,2202337000.0,400083000.0,1.01,1258165000.0,0.5712863199,45754475000.0,26147027000.0,5792337000.0,5034307000.0,19400126000.0,0.0,2845192000.0,45934885160.0,54924439160.0,89.69759041104349,1.150572859382632,0.24778529313252967,0.4335975176068774,0.009023469404706844,89.69759041104349,0.011348747220859948,20.85733707420799,38.700128363258926,1.7567918968378318,0.2471152809231101,0.0,0.0015963466490573456,0.048133805491156874,0.645942728562243,0.006485398422777225,58.3816853265684,0.5712863199410444,0.1348314606741573,0.8410954547512202,0.2376293265838349,4.025905415904081,0.04748706839493243,0.12574832125649682,0.1035006812703071,-0.08710126035914136,0.39328717674731795,2.569770388979033,Specialty Business Services,Industrials,GPN
2021Q2,2021,Q2,2021-08-02,2021-06-30,263590000.0,2137437000.0,362558000.0,0.89,1201127000.0,0.5619473229,45149673000.0,26693763000.0,4899877000.0,4379628000.0,18299533000.0,0.0,2664707000.0,55308171560.0,64265750560.0,90.51371925374855,1.1187883993800387,0.2382548374159875,0.4029828241151313,0.007633017469905504,90.51371925374855,0.009874591304343266,25.875930640294897,52.456629196858756,2.0719510980898423,0.21738685079100117,0.0,0.001036031356376302,0.04734114021158027,0.611462891368856,0.005838137520951702,146.77805172299404,0.561947322891856,0.34848484848484845,2.3637329223135355,0.357748193545262,3.612301741213328,0.1280719335137181,0.34019046069523745,0.31715220937371713,0.3029793340324167,0.38316106529049654,2.757330016289244,Specialty Business Services,Industrials,GPN
2021Q1,2021,Q1,2021-05-04,2021-03-31,196681000.0,1990007000.0,275259000.0,0.66,1064761000.0,0.5350538968,44257728000.0,26691762000.0,4878830000.0,4116165000.0,17415537000.0,0.0,2500812000.0,59753351500.0,67821879500.0,90.04558319979759,1.1852853323421195,0.2293597628870601,0.38030243188891016,0.006684510473345266,90.04558319979759,0.007368603091845342,30.02670417742249,75.9521147187578,2.238643949395323,0.2927278181420676,0.0,0.0009635275437227985,0.044964056898718345,0.7062972451298721,0.00444399224469905,116.42221289164866,0.5350538967953379,0.08196721311475418,1.0702528390180055,0.11166932560110235,4.02193707727877,0.05631261173137248,0.07685442719169532,0.09237564587946757,0.1565892695014648,0.3454211026275187,2.630461225378985,Specialty Business Services,Industrials,GPN
2020Q4,2020,Q4,2021-02-19,2020-12-31,182644000.0,1930193000.0,251982000.0,0.61,1007998000.0,0.5222265338,44201545000.0,27332370000.0,4592360000.0,4549091000.0,16714501000.0,0.0,2570874000.0,64433414520.0,72243714520.0,91.38021303484383,1.009511570553326,0.22072006759039758,0.3569455557640995,0.006079753992642177,91.38021303484383,0.006682333072470481,33.38185068539778,88.19536163246534,2.357403127500469,0.31860340334202053,0.0,0.0009031183654241642,0.04366799848285846,0.6023269264123317,0.004132072758995189,97.24814927396022,0.5222265338233016,-0.17567567567567569,0.8913793482858192,0.04951695720480331,4.2707138052390645,-0.008748207777801817,-0.17344809952437198,-0.1323501561536952,-0.5983750727005431,-0.02586688652531434,2.8324990817048215,Specialty Business Services,Industrials,GPN
2020Q3,2020,Q3,2020-10-29,2020-09-30,220971000.0,1917815000.0,290419000.0,0.74,1016894000.0,0.530235711,44549782000.0,27745657000.0,4968650000.0,4415254000.0,16585940000.0,0.0,2476962000.0,53141702900.0,60628713900.0,92.715767489265,1.125337296563233,0.21790977563032743,0.3498865786454435,0.006355203169959911,92.715767489265,0.007964165346670292,27.709504253538533,60.1229379647103,1.915316076314214,0.26444194034511315,0.0,0.00109958839877523,0.04304880773602888,0.6891687318555173,0.004960091611671635,114.66742958126368,0.5302357109523077,7.333333333333333,0.1106649786840931,0.11542278220695151,14.359738940584405,0.3067056277723808,4.919236023680051,1.6997136854630301,0.03059126117680228,-0.04657676331779113,3.0579815314603005,Specialty Business Services,Industrials,GPN
2020Q2,2020,Q2,2020-08-03,2020-06-30,37331000.0,1671952000.0,107574000.0,0.0888,778212000.0,0.4654511613,44001477000.0,27425859000.0,4351341000.0,4229343000.0,16368488000.0,0.0,2314423000.0,50740126800.0,58627576800.0,91.68235274453433,1.0288456150281498,0.2207442945608394,0.35415754890302614,0.002808493742802712,91.68235274453433,0.0013611606476938425,30.347837019244572,339.79887225094427,1.8500834121549303,1.5620261980659504,0.0,0.0011492285037017292,0.03799763357943643,0.6181390348335427,0.0008484033388242854,120.77158138018198,0.46545116127735725,-0.8150000000000001,-0.7488102951896213,0.04014323628685124,14.90436794525596,-0.19749372761612288,-0.739989552498694,-0.55908500321749,-0.7155200722854539,-0.11405462953449588,3.904924286565155,Specialty Business Services,Industrials,GPN
2020Q1,2020,Q1,2020-05-06,2020-03-31,143575000.0,1903598000.0,243979000.0,0.48,969727000.0,0.5094179548,43849598000.0,27320811000.0,4069670000.0,3036279000.0,16329165000.0,0.0,2335407000.0,43180731240.0,51462479240.0,91.255531283819,1.3403478402347084,0.22991793448140618,0.3690157294378999,0.00586574203704271,91.255531283819,0.005255151466770148,22.683744803262034,75.1884576702072,1.5805069344390983,0.4059132857391607,0.0,0.0013496529198656526,0.04341198293311606,0.8562648557658897,0.003274260347837168,130.1518248676802,0.5094179548413058,0.4117647058823528,-0.1022272247526878,0.2089967070685383,13.043465223404723,0.021643876892021876,0.3970380749433206,0.24376280829110633,0.4963054079444225,0.052874718372479236,4.08941715713174,Specialty Business Services,Industrials,GPN
2019Q4,2019,Q4,2020-02-21,2019-12-31,102771000.0,1987761000.0,196162000.0,0.34,949183000.0,0.4775136447,44480162000.0,27855747000.0,4366448000.0,3579346000.0,16425173000.0,0.0,2333011000.0,54864391680.0,62863668680.0,92.68935673215141,1.2199010657254146,0.21757002593650626,0.34741663901528114,0.004264841141658416,92.68935673215141,0.003689400251948009,27.601100776199956,133.4627270338909,1.9695896749780217,0.5718636580358273,0.0,0.0010712048051637123,0.044688708642742804,0.7189874910109277,0.0023104906857128803,-844.5613078415073,0.4775136447490418,-0.37037037037037035,-0.43778061135310037,0.18581812290565192,13.908583111343974,0.3995187409413746,0.08129918774462354,0.12712813941862938,-0.7750810661167509,-0.0015601199052605685,2.8874047538533185,Specialty Business Services,Industrials,GPN
2019Q3,2019,Q3,2019-10-31,2019-09-30,95044000.0,1105941000.0,174037000.0,0.54,678221000.0,0.6132524249,45212047000.0,27774634000.0,4992568000.0,4283152000.0,17256329000.0,0.0,2297897000.0,28149201000.0,35590286000.0,156.8842684380278,1.1656294243118153,0.21164051696221584,0.34451222651574814,0.005529859936662845,156.8842684380278,0.0034219712850221537,25.452714927830687,74.04255134464039,1.0134859382845511,0.26124742224653846,0.0,0.0008820854275757241,0.02446120167927809,0.6994262636488269,0.0021021830752321388,27.214886723882394,0.6132524248581073,-0.2987012987012987,-0.02915330523751459,0.20783871358866401,21.69254234164324,0.07164910661804208,-0.2109781002507098,-0.21508077537140435,-0.02903547173143138,0.023319774209079405,7.790486910512993,Specialty Business Services,Industrials,GPN
2019Q2,2019,Q2,2019-07-30,2019-06-30,120458000.0,935152000.0,221726000.0,0.77,632876000.0,0.6767627081,14584072000.0,3990604000.0,4547679000.0,4483582000.0,10408956000.0,0.0,2204445000.0,25498315200.0,30338444200.0,25.455475607266788,1.0142959357049788,0.4037182482368436,1.4754297845639408,0.01798539340293524,25.455475607266788,0.03018540551756075,27.266492719900082,52.9195138554517,6.389587942075937,0.013000381875840543,0.0,6.14158224854009e-05,0.06412146072784063,0.3216914511656082,0.008259558784405343,-421.00743333608517,0.676762708094513,0.08450704225352121,1.1047987275161655,0.2516189210979207,2.6097705211812614,0.09530311919682802,0.07225322900810924,0.11145309085076094,1.8917862993437673,0.11749628894117695,0.29713302507948425,Specialty Business Services,Industrials,GPN
2019Q1,2019,Q1,2019-05-02,2019-03-31,112341000.0,883039000.0,199492000.0,0.71,577809000.0,0.6543414277,14749621000.0,3950813000.0,4669751000.0,4516222000.0,10607160000.0,0.0,2111798000.0,21841584540.0,26509253540.0,25.081501279210762,1.033995007331349,0.4030816791834855,1.5048300185303631,0.016763807841022008,25.081501279210762,0.02843490694193828,24.734563864110193,48.60555037786739,5.528377207425408,0.013984208792871704,0.0,7.192701596914451e-05,0.05986858916578263,0.3673958011807214,0.007616534689264219,125.09068726160613,0.6543414277285601,0.5106382978723404,0.5249101603741481,0.12778830726536372,3.0667955940053986,0.01819434556745212,0.49359835139267433,0.19466302564286828,1.2252619864076661,-0.07171189470486375,0.398821760623197,Specialty Business Services,Industrials,GPN
2018Q4,2018,Q4,2019-02-21,2018-12-31,75215000.0,880555000.0,166986000.0,0.47,567484000.0,0.6444617315,13230774000.0,3991407000.0,3376208000.0,3268620000.0,9044431000.0,0.0,2066415000.0,16316506690.0,20936357690.0,25.228059641116722,1.032915419963165,0.4406944748659451,1.4608204575479273,0.012385880782543088,25.228059641116722,0.018844232121655344,18.529798468011652,54.232888021006445,4.0879085219823486,0.021033038622615168,0.0,9.695702824487366e-05,0.06655355159116164,0.47704474671268,0.005684852601971736,42.06955000180484,0.6444617315215971,-0.5765765765765767,-0.14333171044428217,0.07557804227416295,2.79983787102328,-0.042474821017890615,-0.5735385836593525,-0.25172744463663166,0.472518134842775,-0.09483412940323835,0.45512773294943143,Specialty Business Services,Industrials,GPN
2018Q3,2018,Q3,2018-10-30,2018-09-30,176370000.0,857670000.0,223162000.0,1.11,592657000.0,0.6910081966,13839236000.0,3974286000.0,4413990000.0,4267071000.0,9663668000.0,0.0,1994003000.0,20011415360.0,24506888360.0,25.126991553285116,1.0344308777613496,0.3964147298304617,1.380393107088921,0.02438739314143566,25.126991553285116,0.04437778257528522,23.332301887672415,28.36567352724386,5.035222769574207,0.008952769745421557,0.0,7.890496357175208e-05,0.0619737968194198,0.30753366887966005,0.012744200619167128,198.40981330372102,0.6910081966257419,0.6323529411764706,1.5448660670704975,0.27045296398111746,2.474141174086526,0.04227251943301326,0.6170497574929632,0.16999847958183256,0.6772403587589918,-0.05620904436163088,3.162657993047568,Specialty Business Services,Industrials,GPN
2018Q2,2018,Q2,2018-08-02,2018-06-30,109069000.0,833164000.0,190737000.0,0.68,568620000.0,0.6824826805,12299877000.0,3830367000.0,3658944000.0,3364367000.0,8283876000.0,0.0,1819213000.0,17727244470.0,21504915470.0,24.08990396407615,1.0875579269443554,0.3965242904461565,1.273298354961809,0.01771352306128414,24.08990396407615,0.028474817165039277,21.277016853824698,40.63309572380786,4.628079886339872,0.014467905637715574,0.0,8.901552650613387e-05,0.06773758794498515,0.4211047724579393,0.008867487048854228,108.54234587101475,0.6824826804806736,0.19298245614035106,1.5563508844113603,0.2886270460417417,2.1963628491858214,0.04797167664041608,0.19332815457499536,0.2213421271691106,0.38071077483467053,-0.02485541963626108,3.178936130469098,Specialty Business Services,Industrials,GPN
2018Q1,2018,Q1,2018-05-03,2018-03-31,91399000.0,794977000.0,156170000.0,0.57,542591000.0,0.6825241485,12903297000.0,3951606000.0,4157878000.0,3908919000.0,8763507000.0,0.0,1738545000.0,17767477920.0,21493601920.0,24.802794358559137,1.0636899869247738,0.36672386910105226,1.197474393955268,0.014355120043339135,24.802794358559137,0.02312958326310872,22.34967542457203,48.598666068556554,4.496267573234781,0.01742907471635357,0.0,8.965819499946224e-05,0.06161037756474179,0.3310183710637135,0.007083383417431995,73.79562695729463,0.6825241484973779,-0.6225165562913908,0.49526244025623134,0.1629160544824708,2.1531654191406404,-0.004758017920522392,-0.622258867094833,0.04409159284639813,0.07396571175730106,-0.051219374724428245,2.8169432046191605,Specialty Business Services,Industrials,GPN
2017Q4,2017,Q4,2018-02-23,2017-12-31,241962000.0,1054253000.0,149575000.0,1.51,545185000.0,0.5171291901,12998069000.0,3794527000.0,4303579000.0,3815590000.0,9032838000.0,0.0,1597897000.0,15952494320.0,19911521320.0,23.84350552647619,1.1278934581545712,0.4073591238821705,1.3953997428401486,0.03813015893690596,23.84350552647619,0.06376605041945939,15.13156170293089,16.482437655499623,4.20407980230474,0.006575412668104909,0.0,9.973361958858858e-05,0.08110843233714177,0.4221816285292707,0.018615226615584207,149.1277560483117,0.5171291900521032,1.1267605633802817,2.0028315156670646,0.5246937924864692,2.201058164678508,0.00029539983560356974,1.1849557522123895,-0.13275275263667516,1.4996534482007469,0.18767103212376957,2.835099264249784,Specialty Business Services,Industrials,GPN
2017Q3,2017,Q3,2017-11-08,2017-09-30,110740000.0,1038907000.0,172471000.0,0.71,545024000.0,0.5246128864,12281549000.0,3531349000.0,3550297000.0,3123911000.0,8586596000.0,0.0,1357526000.0,14687836800.0,18760617800.0,22.847754917184265,1.1364910844130962,0.428189554916892,1.4891847279892187,0.01732410593453523,22.847754917184265,0.03135912083455926,14.13777826119181,33.15838179519596,4.159270805576,0.014357955571609175,0.0,0.00010825283679622584,0.08459087693254327,0.47397925228983795,0.009016777932490437,323.46363636363634,0.5246128864277553,0.6136363636363635,1.4132245018358525,0.790156448566317,2.1261966165868578,0.10532133013987276,0.6550837704942534,0.30806510329763676,0.2956935853517924,0.2996472673704967,2.3048160343399773,Specialty Business Services,Industrials,GPN
2017Q2,2017,Q2,2017-08-03,2017-06-30,66909000.0,962240000.0,131852000.0,0.44,493091000.0,0.5124407632,10036781000.0,2850982000.0,2516071000.0,2098464000.0,7032143000.0,0.0,1255552000.0,13776057999.999998,17275687000.0,18.691899688575642,1.1990060348902816,0.45634202838539567,1.6065359234116525,0.01506464290585311,18.691899688575642,0.023468755677868186,14.31665488859328,51.473112735207515,4.832039627047803,0.03032476946300199,0.0,0.0001472845134653179,0.09587137549379626,0.6522527906125624,0.006666380386301146,-197.80965782634289,0.5124407632191553,0.375,4.916734512234842,0.6598166869611598,1.5047997748494135,0.0630947812326174,0.3707209145104788,0.2560922168238544,0.20164406990796171,0.32370041006378814,1.6506465454307153,Specialty Business Services,Industrials,GPN
2017Q1,2017,Q1,2017-05-04,2017-03-31,48813000.0,919762000.0,104970000.0,0.32,463826000.0,0.5042891531,9959716000.0,2730879000.0,2399180000.0,2092862000.0,7083425000.0,0.0,1192519000.0,12287886720.000002,15702706720.000002,17.93044831389852,1.1463632098055199,0.46955806772000325,1.7125127111087675,0.011496101447091522,17.93044831389852,0.017874464595465416,13.35985474503187,62.93347427939278,4.499608631506559,0.031180218384446765,0.0,0.0001238618189344766,0.09234821555152778,0.7328949543734847,0.004901043363083847,49.59872902085201,0.5042891530635099,0.0,-0.14746065990344384,0.6227068055879745,1.4308530025978734,-0.020302552815785805,-0.012921620965785004,-0.002821397019008806,-0.3147278074722902,0.21491194472086786,1.9073007787593874,Specialty Business Services,Industrials,GPN
2016Q4,2016,Q4,2017-01-09,2016-11-30,49452000.0,941821000.0,105267000.0,0.32,473438000.0,0.502683631,10113114000.0,2655614000.0,2574963000.0,2209855000.0,7311277000.0,0.0,1146844000.0,10500009150.0,14465636150.0,17.33735057745164,1.1652180799192706,0.4905949838991235,1.868284698002044,0.013422695730614892,17.33735057745164,0.018621682217370445,11.14862500411437,53.0818225248726,3.9538913223081362,0.030939092453288037,0.0,0.00014571415873480454,0.0931286842015229,0.5459901215238104,0.004889888515050854,-2617.8033283470454,0.5026836309659691,-0.4181818181818182,-0.17311906016797224,0.8161619817410704,1.3698535672495542,-0.007188602248849782,-0.41884761378726804,-0.1307862533648209,-0.36236377421307553,0.41517933652646755,1.3275884310811408,Specialty Business Services,Industrials,GPN
2016Q3,2016,Q3,2016-10-05,2016-08-31,85093000.0,939492000.0,121106000.0,0.55,476866000.0,0.5075785637,10237780000.0,2746679000.0,2584829000.0,2232172000.0,7332568000.0,0.0,1099026000.0,11688780950.0,15514760950.0,17.84705102630912,1.1579882733051037,0.4692185219842583,1.7489324380460913,0.01230676553571054,17.84705102630912,0.030980322054379124,12.441597107798684,34.341194193411916,4.255605023375502,0.01808609403828752,0.0,0.00013166471393237975,0.09176716045861505,0.5344131187023222,0.008311665224296674,102.27657762105595,0.5075785637344438,1.1153846153846154,0.3841439348112278,0.8012225512863447,1.4688725562471623,0.1880543320112411,1.2882458923817464,1.1548343475321163,0.2618601709042682,0.4302390751045355,1.4675924563049165,Specialty Business Services,Industrials,GPN
2016Q2,2016,Q2,2016-07-28,2016-05-31,37187000.0,747064000.0,56202000.0,0.26,401384000.0,0.5372819464,10509952000.0,2746476000.0,2851313000.0,2430707000.0,7632548000.0,0.0,1015811000.0,10872870880.0,14721864880.0,19.624414084829084,1.1730385439298114,0.4656274357865764,1.7818185922615017,0.010333862647158661,19.624414084829084,0.013539896216096555,14.554135763468725,73.09591308790706,3.9588443081243017,0.04151988598166026,0.0,0.0001420048133598364,0.07108158058190941,0.5484573006948185,0.0035382654459316276,-33.24416815211841,0.5372819463928123,-0.5094339622641509,-0.27353068429233596,0.6447973224520879,1.653268298964191,-0.047073682611131686,-0.46153400616845974,-0.47866982050925283,-0.00976907208418921,0.3127461824207713,1.6038604475687135,Specialty Business Services,Industrials,GPN
2016Q1,2016,Q1,2016-04-06,2016-02-29,69061000.0,679940000.0,107805000.0,0.53,421212000.0,0.6194840721,4699101000.0,840117000.0,2065103000.0,1748132000.0,3746351000.0,0.0,981013000.0,7880042650.0,9118540650.0,6.4980779196670975,1.181319831683191,0.4392325255405236,2.4567982792872898,0.02831260575660146,6.4980779196670975,0.08220402634394972,11.589320601817807,28.525660828832482,9.37969669700768,0.018722578589942224,0.0,0.0001640854063143935,0.14469576201916068,0.5754273704731679,0.01469664091067632,19.570598191467962,0.6194840721240109,-0.11666666666666659,0.7861195738815772,0.8413981131862632,-0.052596840241529094,-0.06767156944121651,-0.12326871564408222,-0.1247107538667641,0.42091547019838793,0.4131609796334114,-0.11904755834276769,Specialty Business Services,Industrials,GPN
2015Q4,2015,Q4,2016-01-11,2015-11-30,78771000.0,722350000.0,123165000.0,0.6,451785000.0,0.6254378072,5328101000.0,805156000.0,2655821000.0,2267645000.0,4402002000.0,0.0,917989000.0,9175429250.0,10787953250.0,6.217180803829968,1.1711802332375658,0.4881628557716905,3.2304062815156316,0.02722787057915809,6.217180803829968,0.09783321492977759,12.702193188897349,29.120581337040278,11.395840371306926,0.01646545048304579,0.0,0.00014135578452637517,0.13557363120556462,0.5230479197581632,0.01478406659333222,-116.57259878033287,0.6254378071571952,-0.09090909090909098,0.8120877330382243,1.0046373754223223,0.0025310886095446595,-0.05113099363619179,-0.09088705768298594,-0.10602299451267311,0.36500413580378815,0.49270059099654034,-0.20644491171150248,Specialty Business Services,Industrials,GPN
2015Q3,2015,Q3,2015-10-07,2015-08-31,86646000.0,748796000.0,137772000.0,0.66,476130000.0,0.6358607685,5472918000.0,786697000.0,2747038000.0,2390236000.0,4555775000.0,0.0,861212000.0,7258617960.0,8744011960.0,6.03628537229145,1.149274799643215,0.41818697082616624,2.909256041398404,0.033168919535828144,6.03628537229145,0.11013897345483713,9.69371893012249,20.943315213627862,9.226700953480183,0.0150612838446091,0.0,0.00017978629088780422,0.13681842117861076,0.4228486224791192,0.01583177383618757,14.618571860134452,0.6358607684870111,0.3469387755102042,1.1438379253845958,1.0780864694224748,0.04232516222293152,0.05261179841355464,0.32638346727898965,0.32984555984555985,1.2392423733360227,0.5301612828658873,-0.17407137042522736,Specialty Business Services,Industrials,GPN
2015Q2,2015,Q2,2015-07-30,2015-05-31,65325000.0,706549000.0,103600000.0,0.49,452332000.0,0.640199052,5793548000.0,757976000.0,3302295000.0,3015904000.0,4929995000.0,5228000.0,795226000.0,6886026560.0,8570416560.0,5.764602092966658,1.094960250724161,0.4030568142354219,3.080742662036793,0.024648926596580596,5.764602092966658,0.08618346755042376,9.746000008491981,26.352952774588594,9.084755401226424,0.019977037887485647,48.62605202754399,0.0001895142269099816,0.12195445692346038,0.28305841299988327,0.011275474027314523,164.6901980292739,0.6401990520119624,0.06521739130434775,0.5596472488449368,1.0125322161216828,0.06551541175264977,0.0906714762446712,0.044064058304564634,-0.009702241552358649,5.700880546108999,0.4137542391604739,-0.22751703865688594,Specialty Business Services,Industrials,GPN
2015Q1,2015,Q1,2015-04-08,2015-02-28,62568000.0,664983000.0,104615000.0,0.46,414728000.0,0.6236670712,4018320000.0,825073000.0,1593150000.0,1242700000.0,3076692000.0,5587000.0,861955000.0,6144515400.0,7589667400.0,6.167386754372851,1.282006920415225,0.5114824105596368,2.4910523068867847,0.027261789940460624,6.167386754372851,0.07583328990283283,9.240108995267548,24.551349731492135,7.447238486776322,0.021448663853727144,44.792375156613566,0.0002184061577907348,0.16548781580361943,0.6289748129073791,0.0155706862569432,63.546641432161586,0.623667071188286,-0.16363636363636366,0.5738527101128946,1.0339874082068208,0.07569379965776789,-0.05635331459971103,-0.16331688530509086,-0.15622177055103884,0.26646997957395213,0.4612198136503237,-0.21355824269124815,Specialty Business Services,Industrials,GPN
2014Q4,2014,Q4,2015-01-08,2014-11-30,74781000.0,697291000.0,123984000.0,0.55,439495000.0,0.6302892193,4541587000.0,894665000.0,2025255000.0,1676133000.0,3519351000.0,8002000.0,852972000.0,5613851640.0,7101103640.0,6.63924633035012,1.208290153585664,0.46937799496079236,2.382703022919193,0.030393854242211613,6.63924633035012,0.08358547612793615,8.050945215125392,18.767640309704333,6.274808604337935,0.017691659646166806,32.216445888527865,0.00023566707580466092,0.15353465649782774,0.5017018339236803,0.01646583011621268,20.393538267048346,0.6302892192786083,0.0,0.43491610520838647,1.0557942467216854,0.1707004936848154,-0.012495056801840668,-0.007762120850250776,-0.003328027781797135,0.42131697192849776,0.528413352388205,-0.09247716197814604,Specialty Business Services,Industrials,GPN
2014Q3,2014,Q3,2014-10-02,2014-08-31,75366000.0,704895000.0,124398000.0,0.55,445056000.0,0.6313791416,4339356000.0,942251000.0,2006724000.0,1579497000.0,3268843000.0,5660000.0,822461000.0,4955577120.0,6431850120.0,6.913472544243242,1.2704829448868848,0.47752638870837055,2.1991560635117393,0.03041024440906018,6.913472544243242,0.07998505706016762,7.030234460451557,16.438371148793884,5.259296217249968,0.018177958230501817,45.907950530035336,0.00027645619608478617,0.1624423071073219,0.4973842938606404,0.01736801497733765,-60.70779272326351,0.631379141574277,0.527777777777778,0.5404993012593226,0.888110481649159,0.35858524539442727,0.05813544331485197,0.4598740920096852,0.39903505516380444,0.3843119309878049,0.5260536309571917,-0.043624484084850396,Specialty Business Services,Industrials,GPN
2014Q2,2014,Q2,2014-07-29,2014-05-31,51625000.0,673977000.0,88917000.0,0.36,420604000.0,0.6240628389,4018650000.0,997227000.0,1643444000.0,1211618000.0,2885851000.0,6636000.0,815980000.0,4847671920.0,6099606920.0,7.051826551826552,1.3564044112913476,0.45632413870329586,1.8389062871342232,0.022437942387944235,7.051826551826552,0.051768554200798816,7.19263701877067,23.475408813559323,4.861151894202624,0.027641646489104117,38.181585292344785,0.00029436810566998934,0.16771229144115563,0.6580085472483902,0.012846353875057543,-34.51676055936886,0.6240628389396077,-0.05263157894736847,0.565924227603186,0.9098507570159537,0.08509015831833552,0.096708081822093,-0.06342410333629651,-0.0860716818616316,-0.0019026586279945626,0.4685419602703433,-0.046575976287635254,Specialty Business Services,Industrials,GPN
2014Q1,2014,Q1,2014-04-03,2014-02-28,55121000.0,616452000.0,97291000.0,0.38,383515000.0,0.6221327857,3455715000.0,1130108000.0,1533255000.0,688002000.0,2192006000.0,7315000.0,940545000.0,5052155550.0,5555057550.0,7.865998468713023,2.2285618355760595,0.4388272759761728,1.3418735200529508,0.026380649830705327,7.865998468713023,0.0487749843377801,8.195537608767593,22.913932757025453,4.4705068453634516,0.02605177699969159,31.843745727956254,0.0002842351122779662,0.17838623844848317,1.728622881910227,0.015950678803084168,-43.043225501388726,0.6221327856832324,-0.24,1.6205517051986436,0.744763306329519,0.37253922176040677,-0.03869387796025587,-0.2540833863350339,-0.13060845166075402,0.2828725766151547,0.5023292923646326,0.14684248112183282,Specialty Business Services,Industrials,GPN
2013Q4,2013,Q4,2014-01-08,2013-11-30,73897000.0,634122000.0,111907000.0,0.5,398952000.0,0.6291407647,3981564000.0,1087113000.0,2058308000.0,1573005000.0,2749880000.0,8886000.0,896597000.0,4601010700.0,4945581700.0,7.44863238961822,1.3085196804841688,0.3620195480971799,1.325900803320354,0.03237434989138035,7.44863238961822,0.06797545425360565,7.255718457962348,15.56562072885232,4.232320559132307,0.019459517977725754,26.465226198514518,0.0003125400251731647,0.1592645503123898,0.814401098534334,0.018559792081704576,11.114760541604763,0.6291407647108916,0.13636363636363635,0.650960300778073,0.7275915408637159,0.11372502995423292,3.0079711234772145e-05,0.14315548473926024,0.0421198688817701,0.5084400595566031,0.5615264864553732,0.20110477302125035,Specialty Business Services,Industrials,GPN
2013Q3,2013,Q3,2013-10-01,2013-08-31,64643000.0,629685000.0,107384000.0,0.44,398940000.0,0.6335548727,3499490000.0,1067022000.0,1590068000.0,1044820000.0,2294801000.0,6677000.0,917550000.0,3514902250.0,4190113250.0,7.232576425133871,1.5218583105223866,0.400372054213614,1.313091951243742,0.03033654926182707,7.232576425133871,0.060582630911077746,5.582000921095468,13.593514572343487,3.294123504482569,0.022523707129928995,34.558184813539015,0.0004142362707241716,0.17993621927766618,0.8679428035451082,0.018472120223232528,-80.895333716916,0.6335548726744324,0.6296296296296295,0.2104836334467631,0.6717312927884567,0.02020925175183607,0.02713432766650961,0.5841931135890209,0.5480113595410053,0.41293545370440266,0.5437637366199668,0.248896619471062,Specialty Business Services,Industrials,GPN
2013Q2,2013,Q2,2013-07-25,2013-05-31,40805000.0,618352000.0,69369000.0,0.27,388401000.0,0.6281228168,3125056000.0,1146085000.0,1214492000.0,704114000.0,1838449000.0,11057000.0,958751000.0,3646590640.0,4117050640.0,7.536661230502144,1.7248513734991777,0.36829100022527594,1.0042274351378824,0.021558343703956213,7.536661230502144,0.03560381647085513,5.897273138924108,22.341567454968754,3.1817802693517496,0.037005268962136996,20.796870760604143,0.00041408541541147596,0.19786909418583218,1.2371022306047033,0.013057366012001064,298.77842195821387,0.6281228167774989,-0.27027027027027023,0.0449314459510453,0.8794948048540822,0.06295457597972584,0.07506622269092479,-0.3020252471691013,-0.23580540683455614,-0.15761886423611451,0.5229463710130088,0.39305863002349833,Specialty Business Services,Industrials,GPN
2013Q1,2013,Q1,2013-04-02,2013-02-28,58462000.0,578746000.0,90774000.0,0.37,361281000.0,0.624247943,3076224000.0,1147087000.0,1146862000.0,673828000.0,1790986000.0,11349000.0,946195000.0,3748616760.0,4188602760.0,7.376196049179485,1.7020100084888132,0.3650403871759664,0.9789545169634039,0.02912337854395668,7.376196049179485,0.05096561987015806,6.4771363603376955,16.030142485717217,3.2679445935661375,0.026256371660223734,19.161600140981584,0.00040948437737871074,0.18813519431614864,1.2616394688258725,0.01900446781508759,63.16012805175987,0.6242479429663444,-0.15909090909090912,0.4870048237148895,0.898124398431472,0.10444515918796014,-0.04491236418431279,-0.16700625507601555,-0.2213720814533976,0.26506478545915735,0.5228355419061165,0.28653004443684216,Specialty Business Services,Industrials,GPN
2012Q4,2012,Q4,2013-01-08,2012-11-30,70183000.0,588538000.0,116582000.0,0.44,378270000.0,0.642728252,3428721000.0,1233964000.0,1489920000.0,1037470000.0,2053920000.0,14147000.0,957978000.0,3457956409.9999995,3552507409.9999995,7.834592576602202,1.4361089959227737,0.3187229290455537,0.8856109254402884,0.036256028714959254,7.834592576602202,0.056876051489346525,5.875502363483751,12.317642484647278,2.8023154727366437,0.022441331946482766,14.86308051176928,0.0004554713285122064,0.17164942846035008,1.1199629868815484,0.02046914870005463,111.51100967429859,0.6427282520414994,0.46666666666666673,0.8382525926268696,0.912715558752639,0.23365508659702602,-0.01976180110703402,0.5036529191215854,0.44843951893449957,0.1521864475722264,0.48455293599515803,0.38147629126511207,Specialty Business Services,Industrials,GPN
2012Q3,2012,Q3,2012-10-02,2012-08-31,46675000.0,590287000.0,80488000.0,0.3,385896000.0,0.6537430098,2805492000.0,1148952000.0,1336881000.0,1045946000.0,1522472000.0,12839000.0,889370000.0,3273856600.0,2974784600.0,7.308483028853494,1.2781548951857935,0.1932848142144052,0.4719596641112945,0.03265938038039453,7.308483028853494,0.04062397732890495,5.546211588600122,17.5353861810391,2.849428522688502,0.033808248527048744,15.919542020406574,0.00048200034173763136,0.21040409311450542,0.9749853242901642,0.016637010549308287,83.11390200558517,0.6537430097562711,3.0816326530612246,0.09962832991569197,0.9486316351111634,0.2499859119770206,0.00503957433176807,3.007813841662373,5.372763262074426,-0.17288463573854781,0.3707615498825029,0.4362098273585889,Specialty Business Services,Industrials,GPN
2012Q2,2012,Q2,2012-07-27,2012-05-31,11646000.0,597032000.0,12630000.0,0.0735,383961000.0,0.6431162819,2688143000.0,1172184000.0,1248739000.0,837285000.0,1242800000.0,9864000.0,843456000.0,3336336719.9999995,3083437719.9999995,7.462432676759317,1.4914145123822833,0.1965579956125846,0.45076199641011994,0.010242088469697288,7.462432676759317,0.009935300260027436,5.5882041833603555,71.61979907264296,2.8462568333981695,0.134896101665808,21.600871857258717,0.00047087573343016767,0.22209830355007157,1.1528523740422914,0.004332358806804549,228.84537485424238,0.6431162818743384,-0.8013513513513513,-0.6393509006888767,1.1899932154275197,0.25744821225368175,0.13155684440397147,-0.7989295580110497,-0.8632347208385671,-0.6819726222068002,0.5231020690912067,0.14827161376612558,Specialty Business Services,Industrials,GPN
2012Q1,2012,Q1,2012-04-02,2012-02-29,57920000.0,533539000.0,92348000.0,0.37,339321000.0,0.6359816246,2616971000.0,1229977000.0,1126499000.0,752370000.0,1107767000.0,12380000.0,842487000.0,4048092020.0,3788426020.0,7.842140498080871,1.4972673019923708,0.18191527533167162,0.3870535790506652,0.039066926026582065,7.842140498080871,0.047090311444848154,7.587246705489195,17.472772876381214,3.2911932662155468,0.027123618784530387,15.688045234248788,0.0003880840633657335,0.2038765427664273,1.1868149979398435,0.022132457715427493,78.93787332787333,0.635981624586019,-0.05128205128205133,0.7176225036621837,1.0837125622131647,0.3858106177234417,-0.01524491110762855,-0.05330086137853255,-0.043818595982605096,1.5973008857060864,0.38327059114386197,0.368376240979965,Specialty Business Services,Industrials,GPN
2011Q4,2011,Q4,2012-01-06,2011-11-30,61181000.0,530505000.0,96580000.0,0.39,344574000.0,0.6495207397,2614339000.0,1146355000.0,1190410000.0,807424000.0,1180591000.0,11790000.0,790532000.0,3465332039.9999995,3211332039.9999995,7.31578980956757,1.4743307110019024,0.19770198126562777,0.4508725482071435,0.04211634409462736,7.31578980956757,0.05337002935390869,6.532138321033731,14.1601642666841,3.022913530276398,0.025432732384236937,15.770229007633588,0.00044901902098824564,0.2029212737904304,1.1408318306119214,0.02340209131256505,12.891044985994188,0.6495207396725762,-0.025000000000000022,0.8592567503458357,1.1027164229649669,0.3673306909453891,-0.018964510939968968,-0.043658361209241256,-0.11076328146579505,0.2731120580987434,0.3461639849131106,0.09386230902678877,Specialty Business Services,Industrials,GPN
2011Q3,2011,Q3,2011-10-11,2011-08-31,63974000.0,542771000.0,108610000.0,0.4,351235000.0,0.647114529,2715158000.0,1157711000.0,1237579000.0,802387000.0,1262987000.0,10454000.0,736868000.0,3669883080.0,3636673080.0,7.228826364953294,1.5423716984447655,0.2544021379234652,0.5966445857385825,0.03957318686448593,7.228826364953294,0.05525904133242234,6.761383861702265,14.341306937193234,3.169947491213265,0.025213367930721854,18.32179070212359,0.0004395235392621827,0.1999040203185229,1.0913063147832653,0.023561796403745196,-5.9380434898685985,0.6471145289634118,0.08108108108108115,0.5363769803302246,1.078574889165387,0.40589132425147506,0.06980774619573825,0.09213513836488724,0.23218823742966055,0.10354208558972598,0.32741810073028144,0.01968027758468372,Specialty Business Services,Industrials,GPN
2011Q2,2011,Q2,2011-07-25,2011-05-31,58577000.0,519755000.0,88144000.0,0.37,328316000.0,0.631674539,3350531000.0,1184535000.0,1847975000.0,1444364000.0,1878856000.0,7640000.0,715202000.0,4160748960.0,3431227960.0,7.3963172486138165,1.2794385625784082,0.1864671599815074,0.5274339719805662,0.0349450046101947,7.3963172486138165,0.049451472518752086,8.00521199411261,17.75760520340748,3.5125589028606163,0.027416904245693704,25.057460732984293,0.00038598819958606684,0.15512615761501683,1.0535702911454454,0.01748290047159689,-92.54129045172483,0.6316745389654741,0.23333333333333336,0.7143264955922078,1.1699968857296985,0.5330911291161077,0.1397882312098594,0.22574232563979157,0.12717553932914744,0.4243181548894116,0.5000630146172554,0.04316076102680481,Specialty Business Services,Industrials,GPN
2011Q1,2011,Q1,2011-04-01,2011-02-28,47789000.0,456382000.0,78199000.0,0.3,288050000.0,0.6311598617,3052000000.0,1096000000.0,1570000000.0,1238000000.0,1956000000.0,10000000.0,675000000.0,3834257030.0,2995257030.0,6.858830744583652,1.2681744749596122,0.16055045871559634,0.4470802919708029,0.03561913988844487,6.858830744583652,0.04360310218978102,8.401420367148573,20.058261472305343,3.4984096989051094,0.0335223587017933,16.8332,0.0004178123655940718,0.1495353866317169,1.2374798061389338,0.015658256880733946,4.987190815547442,0.6311598616948083,-0.09090909090909098,0.5740331429644415,1.0102510828794713,0.5150458829628021,-0.004393044403966528,-0.10683113727689,-0.05946381535426915,0.18296008238931186,0.45669495105112545,0.02697953837433849,Specialty Business Services,Industrials,GPN
2010Q4,2010,Q4,2011-01-10,2010-11-30,53505000.0,443526000.0,83143000.0,0.33,289321000.0,0.6523202698,2056590000.0,988529000.0,928658000.0,605985000.0,1058125000.0,7737000.0,636594000.0,3312373560.0,3175298560.0,6.201484297562138,1.5324768764903423,0.25604763224561045,0.5326955506616396,0.03863062459933527,6.201484297562138,0.05412587794591762,7.468273697596082,15.476934679001964,3.3508107096504,0.029791608260910197,19.930851751324802,0.0004812259158354107,0.21566087552696453,1.313865854765382,0.026016366898604,200.30075346193385,0.6523202698376195,0.06451612903225812,0.721337348977153,0.9884740045215265,0.4631934753804255,0.0007748264423359634,0.08379922216820612,0.012617681805448987,0.384713524538154,0.4242534235683638,-0.02349834106407715,Specialty Business Services,Industrials,GPN
2010Q3,2010,Q3,2010-10-12,2010-08-31,49368000.0,440138000.0,82107000.0,0.31,289097000.0,0.6568326298,1908745000.0,921920000.0,805269000.0,508011000.0,976588000.0,6731000.0,592439000.0,2995235110.0,2877303110.0,5.791173034159579,1.5851408729338539,0.24114326429145852,0.49926349357861854,0.0405719668663424,5.791173034159579,0.05354911489066296,6.805218158850179,15.167897777912819,3.2489100030371403,0.032126073569923835,22.439607784875946,0.0005295076819528868,0.23059025694893764,1.3873124794541851,0.025864114902724042,-23.189754804044533,0.6568326297661188,-0.03125000000000003,0.5701883042139436,0.9170765616796014,0.4553248412146873,0.060019506614649026,-0.026464208242950107,0.11839542327862153,0.14856366804230697,0.43483956345830277,-0.009522950529957112,Specialty Business Services,Industrials,GPN
2010Q2,2010,Q2,2010-07-28,2010-05-31,50710000.0,425050000.0,73415000.0,0.32,272728000.0,0.6416374544,2039326000.0,861264000.0,968264000.0,672471000.0,1167809000.0,9740000.0,544772000.0,3298499680.0,3028874680.0,5.4101536490068725,1.4398598601277974,0.2453364493955356,0.5809147949989782,0.039857452723674136,5.4101536490068725,0.05887857846142414,7.760262745559346,16.261583908499308,3.829835776254435,0.031946361664366006,15.638809034907597,0.0004911323805251969,0.20842670568609434,1.3419567535254309,0.02486605868801751,25.763490431930016,0.6416374544171274,0.10344827586206906,1.1099055020034323,1.001052693789292,0.45588598575473527,0.08082573424799769,0.046408452157404925,-0.005876856829476364,0.5494955896824769,0.5384162137835481,-0.0883685885504386,Specialty Business Services,Industrials,GPN
2010Q1,2010,Q1,2010-04-01,2010-02-28,48461000.0,398535000.0,73849000.0,0.29,252333000.0,0.6331514171,1979668000.0,934992000.0,901253000.0,542678000.0,1034473000.0,12146000.0,513068000.0,3568962030.0000005,3437129030.0000005,5.733403647334405,1.6607509425478828,0.23124432985732962,0.4896159539332957,0.0378699942033843,5.733403647334405,0.05183038999264165,8.955203507847493,18.411516631930834,3.8171043495559323,0.033676564660242256,12.037049234315823,0.00045727580912369636,0.20131405872095726,1.3125057584792454,0.02447935714473336,-7.3911752901414065,0.6331514170650006,-0.23684210526315796,1.1226039073326872,0.9304319115191289,0.5944818450663323,-0.04444654826371795,-0.2287578578817538,-0.16744831007192623,0.3821606832400268,0.4969424439762117,0.013168745461105462,Specialty Business Services,Industrials,GPN
2009Q4,2009,Q4,2010-01-08,2009-11-30,62835000.0,408951000.0,88702000.0,0.38,264070000.0,0.6457252825,2509848000.0,921407000.0,1391094000.0,1052009000.0,1577837000.0,12858000.0,467476000.0,4164157360.0,3534249360.0,5.671174110000492,1.322321386984332,0.18365215742148527,0.5002555873788673,0.04630371053114373,5.671174110000492,0.06819461975001276,10.182533750987282,16.56782589321238,4.519346347488135,0.02592504177608021,11.26777103748639,0.0003911955911291498,0.16293855245417252,1.1426926955948096,0.02503538062862771,52.61893603578559,0.6457252824910564,0.05555555555555561,1.5360233560890053,1.0639807098176546,0.6667477067033832,-0.05175199833382409,0.0865279867199253,-0.04257064525181875,0.8416360126192813,0.5632984002511943,0.059949864081309506,Specialty Business Services,Industrials,GPN
2009Q3,2009,Q3,2009-10-06,2009-08-31,57831000.0,441310000.0,92646000.0,0.36,278482000.0,0.6310348734,2430928000.0,819835000.0,1252556000.0,1029773000.0,1600241000.0,13283000.0,404934000.0,3418711760.0,2828743760.0,5.088729299600268,1.2163418539814115,0.1984349186812608,0.588387907322815,0.04980125592644715,5.088729299600268,0.07053980374099666,7.746735310779271,14.778889177084954,4.16999976824605,0.027943490515467483,12.258375367010464,0.00047269267298510133,0.18153972474709246,1.1780120473152822,0.023789680319614568,4.9878564998606665,0.6310348734449707,0.5652173913043477,1.2790981938322528,1.1851919284100654,0.6136491097350074,0.12063387309661011,0.5397374796986075,0.37365260582697013,0.38060756186485495,0.679995311533201,-0.010323389636634898,Specialty Business Services,Industrials,GPN
2009Q2,2009,Q2,2009-07-28,2009-05-31,37559000.0,402041000.0,67445000.0,0.23,248504000.0,0.6181061136,1676821000.0,1047015000.0,595188000.0,336177000.0,629806000.0,5914000.0,652675000.0,2949081940.0,2729323940.0,6.4988392879310775,1.7704602039996788,0.12355343832168132,0.19787395596051632,0.03727942208109828,6.4988392879310775,0.035872456459554065,7.335276601142669,19.629662264703533,2.8166568196253157,0.042839266221145395,25.961616503212717,0.000545593521216301,0.2397638149808477,1.6371524524283338,0.02239893226528055,29.875617351487154,0.6181061135555826,1.3709677419354838,1.349770127711967,1.1083428459046418,1.2216742569542374,0.010577341472043854,1.3804675945622886,0.025218131517344117,0.0926867899049858,0.668576179915304,0.3470640221315081,Specialty Business Services,Industrials,GPN
2009Q1,2009,Q1,2009-04-06,2009-02-28,-98718000.0,392663000.0,65786000.0,-0.62,245903000.0,0.6262443877,1444596000.0,915066000.0,530412000.0,264707000.0,529530000.0,6370000.0,616725000.0,2449337800.0,2255854800.0,5.730982651719171,2.003770206303573,0.1343697476664756,0.2121267755549873,0.07062766271518936,5.730982651719171,-0.10788074302837172,6.237760624250312,-6.202865232277801,2.676678840651931,-0.016187524058429062,23.039246467817897,0.0006524212380995386,0.2718150957084195,1.863906130174117,-0.06833606073947318,40.67451260420472,0.6262443876810395,-3.0666666666666664,-6.620569707946199,1.2696201563022809,1.0073816106325302,-0.003440701595123849,-3.018484061586276,-0.20514710324412494,-4.254014027962513,0.7309276713131306,0.26591572166655564,Specialty Business Services,Industrials,GPN
2008Q4,2008,Q4,2009-01-08,2008-11-30,48907000.0,401063000.0,82765000.0,0.3,246752000.0,0.6152449864,1613430000.0,1066541000.0,506986000.0,272592000.0,511679000.0,5310000.0,725099000.0,2654378150.0,2499718150.0,6.688035367153697,1.8598711627633973,0.12493507620411173,0.18899789131407044,0.047516347140097163,6.688035367153697,0.045855714876408875,6.618357091030586,13.568498118878688,2.488772724161565,0.03300141084098391,29.06045197740113,0.0006080520215252677,0.24857787446619933,1.629024329400716,0.03031243995711001,21.582064802016426,0.6152449864485131,-0.14285714285714282,2.0668464287953845,1.519599742761612,1.4267911477165323,-0.05668629100084104,-0.14984268256644706,-0.11098101979655628,0.5727417624666045,0.7973315753421443,0.5779915327980018,Specialty Business Services,Industrials,GPN
2008Q3,2008,Q3,2008-10-08,2008-08-31,57527000.0,405757000.0,93097000.0,0.35,261580000.0,0.6446715645,1699758000.0,1126661000.0,484720000.0,270362000.0,530894000.0,6576000.0,677806000.0,3830863020.0,3753775020.0,7.089306838488837,1.7928555048416568,0.12391940499765261,0.18695330716160408,0.04873353735472443,7.089306838488837,0.05105972426488536,9.441274013757003,16.64810880108471,3.4001913796607854,0.027743494359170475,21.92472627737226,0.00041661630595186353,0.2387145699564291,1.403296321228575,0.03384422959032992,63.72981683884813,0.6446715645078211,0.34615384615384603,2.367237689319282,1.754188685954812,1.7370340167738942,0.19605126587198163,0.40959545220651294,0.3939806842853934,0.8328002648814398,0.7703283350690744,0.7815465516552664,Specialty Business Services,Industrials,GPN
2008Q2,2008,Q2,2008-07-30,2008-05-31,40811000.0,343832000.0,66785000.0,0.26,218703000.0,0.6360751762,1445907000.0,1126818000.0,617410000.0,217752000.0,304365000.0,3821000.0,621875000.0,3752195640.0,3297662640.0,7.090294732073192,2.835381534957199,0.0010560845199587526,0.0013551434215640858,0.035945209364400044,7.090294732073192,0.03621791629171703,10.912875008725191,22.985197863321165,3.329903888649276,0.03903359388400186,32.74771002355404,0.0004245514234433682,0.2377967600959121,2.5606791212021016,0.028225190140168076,42.878805581267784,0.6360751762488657,0.040000000000000036,1.906336273855184,1.3710729168098368,1.848480562194745,0.1332936055549798,0.018874048183747348,0.11473685967518486,0.700919806767295,0.6214441935894606,0.9080161867844344,Specialty Business Services,Industrials,GPN
2008Q1,2008,Q1,2008-04-02,2008-02-29,40055000.0,310641000.0,59911000.0,0.25,192980000.0,0.6212315824,1325769000.0,1058151000.0,528772000.0,169058000.0,251489000.0,5140000.0,582657000.0,3142617730.0,2755276730.0,6.678644012168798,3.1277549716665285,0.0008493183955877683,0.0010641203382125992,0.03911925024243187,6.678644012168798,0.03785376567238513,10.116558116925969,19.614391024840845,2.969914246643438,0.03972038447135189,22.89124513618677,0.0005062658384479998,0.23431004948825926,2.8036058630765774,0.0302126539389592,233.30495397178916,0.6212315824376048,0.041666666666666706,2.064385762347502,1.307805652180052,1.8968924479393419,0.0037292666815767987,0.045467595855192756,0.025329020554157897,0.8057987531851123,0.5487553547704034,0.8573568655008406,Specialty Business Services,Industrials,GPN
2007Q4,2007,Q4,2008-01-08,2007-11-30,38313000.0,308776000.0,58431000.0,0.24,192263000.0,0.6226617354,1302749000.0,1003756000.0,510017000.0,189124000.0,283310000.0,6252000.0,544193000.0,3415546940.0,3052828940.0,6.350715578220102,2.696733360123517,0.0005212055430478166,0.000676459219172787,0.03841643531254869,6.350715578220102,0.038169634851497776,11.061568710003367,22.28712799832955,3.402766150339325,0.0410043588338162,18.636116442738324,0.00045995561694725236,0.23701879640667542,2.319753177809268,0.02940934899969219,34.877788397716714,0.6226617353680338,-0.1111111111111112,1.620589123810601,1.2157516445915795,1.874908705863464,-0.012369587663288318,-0.12075731497418245,-0.11778294480009663,0.5895376692693131,0.6019572845402001,0.8664637023325117,Specialty Business Services,Industrials,GPN
2007Q3,2007,Q3,2007-10-04,2007-08-31,43575000.0,310980000.0,66232000.0,0.27,194671000.0,0.6259920252,1185378000.0,943617000.0,424097000.0,142070000.0,227149000.0,4075000.0,507451000.0,3185816668.8599997,2915405668.8599997,5.846852319554663,2.9851270500457523,0.0001122004963817449,0.0001409470155794141,0.04616265937455449,5.846852319554663,0.04617869326220278,10.244442307736831,18.277777790361444,3.3761755763832144,0.0372231784279977,28.54208588957055,0.000509131619485314,0.26234669447214304,2.451559090589146,0.03676042578822958,111.64984470666572,0.6259920252106245,0.28571428571428586,1.6999999981411358,1.2045101343712874,1.7487976573995274,0.12673781934781853,0.3133703056242088,0.2969882113343516,0.7142857104488292,0.5371694786260819,0.8540518633880895,Specialty Business Services,Industrials,GPN
2007Q2,2007,Q2,2007-07-30,2007-05-31,33178000.0,280100000.0,51066000.0,0.21,172774000.0,0.6168297037,1200629000.0,957776000.0,444429000.0,142877000.0,227920000.0,3435000.0,466417000.0,3231005557.7799997,2922133557.7799997,5.9345845053806645,3.1105706306823353,0.0,0.0,0.035708452468357535,5.9345845053806645,0.034640667546482685,11.535185854266333,24.345994015462054,3.373445939113112,0.04873711495569353,31.244832605531297,0.000500463391685104,0.2332943815283489,2.720409863029039,0.027633848591030203,214.4852335223048,0.6168297036772581,0.0,4.951091242483026,1.0965131484415753,1.9269522686415803,0.10143246017225221,-0.03259855376720317,-0.002480807922958217,1.072072919523248,0.46631566176981265,1.0287797616120318,Specialty Business Services,Industrials,GPN
2007Q1,2007,Q1,2007-04-06,2007-02-28,34296000.0,260418000.0,51193000.0,0.21,156863000.0,0.602350836,1158951000.0,902684000.0,415401000.0,165008000.0,240349000.0,4539000.0,434856000.0,3068295626.565,2776236626.565,5.658883254166178,2.517459759526811,0.0,0.0,0.03854193945007381,5.658883254166178,0.03799336201815918,11.782194881171808,22.36627905998513,3.399080549300752,0.047031723816188475,22.814496585150913,0.0005256990187108457,0.2247014757310706,2.205087026083584,0.029592277844360977,73.52028625497196,0.6023508359637199,0.0,2.071428566793468,1.0786650256647714,1.7348169549349122,0.012470067320290969,0.008646550202929239,-0.02122249201766629,0.9545454589533846,0.5066851696405468,0.9821274764672234,Specialty Business Services,Industrials,GPN
