Quarters,Year,Quarter,FillingDate,Date,NetIncome,Revenue,OperatingIncome,EPSDiluted,GrossProfit,GrossProfitRatio,TotalAssets,CommonStockEquity,CurrentAssets,CurrentLiability,TotalLiability,Inventory,RetainedEarnings,MarketCap,EnterpriseValue,bookValuePerShare,currentRatio,debtToAssets,debtToEquity,roic,shareholdersEquityPerShare,roe,priceToSalesRatio,peRatio,pbRatio,payoutRatio,inventoryTurnover,dividendYield,assetTurnover,quickRatio,returnOnAssets,priceToFreeCashFlowsRatio,grossProfitMargin,epsdilutedGrowth,fiveYNetIncomeGrowthPerShare,fiveYRevenueGrowthPerShare,fiveYShareholdersEquityGrowthPerShare,grossProfitGrowth,netIncomeGrowth,operatingIncomeGrowth,threeYNetIncomeGrowthPerShare,threeYRevenueGrowthPerShare,threeYShareholdersEquityGrowthPerShare,Industry,Sector,Symbol
2023Q1,2023,Q1,2023-05-04,2023-03-31,105259000.0,202373000.0,119261000.0,3.58,181005000.0,0.8944127922,1748558000.0,619672000.0,1196414000.0,254393000.0,1123257000.0,0.0,1384243000.0,2098062000.0000002,2331244000.0,21.531341209173036,4.703014626974799,0.3796311017421212,1.0712231632218334,0.07991599710644327,21.531341209173036,0.16986244335713088,10.367301962218281,4.983094082216248,3.385762145134846,0.09865189674992163,0.0,0.004949329428777605,0.11573708164098646,4.3032709233351545,0.060197602824727574,-57.74535546197672,0.8944127922203061,2.314814814814815,3.2337451446545478,1.7856220090457815,-0.2680738073641715,0.8682458584920266,2.247932609232288,2.869095509992214,967.6345276892478,1.8346490864686733,-0.12112304058304206,Telecom Services,Communication Services,IDCC
2022Q4,2022,Q4,2023-02-15,2022-12-31,32408000.0,117055000.0,30824000.0,1.08,96885000.0,0.8276878391,1900105000.0,724895000.0,1344675000.0,271346000.0,1169592000.0,0.0,1492046000.0,1467774720.0,1434961720.0,24.436859492988134,4.955573327043701,0.3476997323832104,0.9113954434780209,0.01771380701047397,24.436859492988134,0.04470716448589106,12.539188586561872,11.322626511972352,2.0248101035322357,0.3203529992594421,0.0,0.007073292555413409,0.06160449027816884,4.624940113360801,0.01705589954239371,4.255727034973064,0.8276878390500192,0.4594594594594596,-0.2789132613101871,-0.3339548281318905,-0.009887564923564409,0.4238580918229381,0.45837458374583745,-0.03181832459088482,1.4559466980204951,0.19426460405576168,-0.00787037783947872,Telecom Services,Communication Services,IDCC
2022Q3,2022,Q3,2022-11-03,2022-09-30,22222000.0,114764000.0,31837000.0,0.74,68044000.0,0.592903698,1928215000.0,695775000.0,1352494000.0,290461000.0,1226420000.0,18990000.0,1470335000.0,1198816780.0,1265024780.0,23.459152365217978,4.656370390517144,0.3142071812531279,0.870768567424814,0.02121979427356835,23.459152365217978,0.03193848586109015,10.445930605416333,13.486823643236432,1.7229949049620927,0.46710467104671044,2.460242232754081,0.008658537462246733,0.059518259115295756,4.580886934906924,0.011524648444286556,-43.14929201310154,0.5929036980237705,0.0724637681159421,-0.26818686624958205,0.379961156041962,-0.007142145364594319,-0.14129227662796567,0.054724951350325124,-0.36198396793587173,9.440531094367392,0.6609346011550974,-0.06626031109691566,Telecom Services,Communication Services,IDCC
2022Q2,2022,Q2,2022-08-04,2022-06-30,21069000.0,124657000.0,49900000.0,0.69,79240000.0,0.6356642627,1617495000.0,678769000.0,1035803000.0,232951000.0,932251000.0,20663000.0,1458674000.0,1849110400.0,1619822400.0,22.318383585966526,4.446441526329571,0.3735683881557594,0.8902071249570914,0.02798019308377162,22.318383585966526,0.031040015086133868,14.833586561524823,21.941126773933266,2.7242116242786576,0.5127438416631069,2.1979867395828294,0.00584226880125708,0.07706793529500865,4.346806839206528,0.013025697142804151,-40.511576548944,0.6356642627369502,0.2105263157894737,-0.5422926885887069,0.047077971421424274,-0.02370265589291002,0.33799368488593956,0.19007004066877542,0.6531389763127381,1.8224968617171895,0.7101806199430742,-0.10751700855308798,Telecom Services,Communication Services,IDCC
2022Q1,2022,Q1,2022-05-05,2022-03-31,17704000.0,101318000.0,30185000.0,0.57,59223000.0,0.584525948,1596027000.0,753706000.0,1001213000.0,308612000.0,835361000.0,18378000.0,1448138000.0,1958851400.0,1599935400.0,24.548285183858255,3.24424520109393,0.2657223217401711,0.5626862463613133,0.019172657315286952,24.548285183858255,0.023489265044991017,19.33369588819361,27.66114154993222,2.598959541253486,0.6066990510619069,2.2905103928610293,0.0054833153755307834,0.06348138220719324,3.169507342553109,0.011092544173751447,-69.50964834462935,0.5845259480052902,-0.1093750000000001,-0.4128904533604152,0.19981882020831923,0.13030110356778413,-0.1511437908496732,-0.10644526321102307,-0.18425533064886632,7.7085955069124665,0.5680127337041212,-0.015085853043897859,Telecom Services,Communication Services,IDCC
2021Q4,2021,Q4,2022-02-17,2021-12-31,19813000.0,111815000.0,37003000.0,0.64,69768000.0,0.6239592184,1628156000.0,745239000.0,1050285000.0,371561000.0,875239000.0,0.0,1441105000.0,2197751660.0,1678869660.0,24.289127175542664,2.8266825635629145,0.25964649579032967,0.5672609726544102,0.02153926740148645,24.289127175542664,0.026586101908246885,19.65524893797791,27.73118230454752,2.949056155139492,0.5420178670569827,0.0,0.004886357360321594,0.06867585169971428,3.4051259416354247,0.012168981350681384,34.89934989043097,0.6239592183517417,-0.22891566265060237,-0.8377643836000128,-0.5437614975178894,0.125817063657,-0.2012456208641495,-0.24458593869147477,0.0061451450634907685,10.965489404264368,0.6405386968668232,-0.11154498163967944,Telecom Services,Communication Services,IDCC
2021Q3,2021,Q3,2021-11-04,2021-09-30,26228000.0,143496000.0,36777000.0,0.83,87346000.0,0.6086998940737024,1700612000.0,724271000.0,1122767000.0,418029000.0,965295000.0,0.0,1364378000.0,2084583339.9999998,2038397339.9999998,23.563490256043206,2.6858591150374735,0.24780490788022194,0.5818540297761473,0.027467214791084927,23.563490256043206,0.03621296448428834,14.527118107821819,19.869827474454777,2.87818142656547,0.4115449138325454,0.0,0.005178013175525043,0.08437903531199356,2.6200981271634265,0.015422683128191499,23.849157847769625,0.6086998940737024,15.599999999999998,-0.719992576626597,-0.2317275373984992,0.3313408501677222,0.8677643536833102,15.210135970333745,12.678945697046682,0.3812225539868184,1.154644430203667,-0.18398376473288972,Telecom Services,Communication Services,IDCC
2021Q2,2021,Q2,2021-08-05,2021-06-30,1618000.0,87735000.0,-3149000.0,0.05,46765000.0,0.5330255884196728,1497083000.0,704185000.0,922703000.0,234221000.0,780838000.0,0.0,1349073000.0,2249616120.0,2260070120.0,22.860180496039476,3.9394546176474354,0.28094501106485076,0.5972833843379226,-0.0028083277374575015,22.860180496039476,0.002297691657731988,25.6410340229099,347.59210754017306,3.1946379431541425,6.637206427688504,0.0,0.00477370334632915,0.0586039651776154,3.83029702716665,0.0010807684009503816,-58.53040509951867,0.5330255884196728,-0.7222222222222223,-0.9546911471209708,0.2943289825433438,0.5353397569492802,0.021315163030422152,-0.7095674026207144,-1.2626574359829843,-0.8294167582225583,0.4237364726963554,-0.22111733363110828,Telecom Services,Communication Services,IDCC
2021Q1,2021,Q1,2021-05-06,2021-03-31,5571000.0,82363000.0,11989000.0,0.18,45789000.0,0.555941381445552,1561874000.0,712098000.0,984880000.0,253234000.0,829301000.0,0.0,1358380000.0,1956544200.0,1979784200.0,23.093073031521598,3.889209189919205,0.2685210202615576,0.5889582613629023,0.007327954242097401,23.093073031521598,0.00782336139126918,23.75513519420128,87.80040387722133,2.7475771593235763,1.936097648537067,0.0,0.005512781157716753,0.05273344712825746,3.8207784104820046,0.003566869030408343,-98.66089455902375,0.555941381445552,5.5,-0.7744497558285055,-0.13138668752238844,0.635894711245481,0.15108474320621434,5.126666666666667,2.818152866242038,-0.7908627548895588,0.058119029657475355,-0.21498503711316588,Telecom Services,Communication Services,IDCC
2020Q4,2020,Q4,2021-02-18,2020-12-31,-1350000.0,90790000.0,3140000.0,-0.04,39779000.0,0.43814296728714613,1616275000.0,773369000.0,1026879000.0,295762000.0,819709000.0,0.0,1413969000.0,1869429440.0,1763947440.0,25.10286289275513,3.471977468369838,0.22767907688976194,0.4758297785403863,0.002173069546445947,25.10286289275513,-0.00174560914647471,20.590697653926643,-346.190637037037,2.417254169743033,-7.986666666666666,0.0,0.005767535146980461,0.05617237165705093,3.425267613824629,-0.0008352539017184576,178.9270137825421,0.43814296728714613,-1.0526315789473684,-1.0469910780326468,-0.06860148613147082,0.7420885989109542,-0.1559549322073458,-1.0567608476286579,-0.79650032404407,-1.0289224616448438,-0.5025860761162402,0.017097009264526238,Telecom Services,Communication Services,IDCC
2020Q3,2020,Q3,2020-11-05,2020-09-30,23784000.0,87493000.0,15430000.0,0.76,47129000.0,0.538660235675997,1640494000.0,783271000.0,1031957000.0,317412000.0,837818000.0,0.0,1426239000.0,1757676240.0,1374638240.0,25.427574340994678,3.251159376457097,0.2215936175322799,0.46410884610817965,0.03252999742988965,25.427574340994678,0.030364969467783182,20.089335603991177,18.475406155398588,2.2440205752542863,0.45328792465523043,0.0,0.006133666573316141,0.053333325205700235,2.9855991581918766,0.014498071922238058,20.591092419254696,0.538660235675997,0.05555555555555561,0.1272391903511186,0.012643642480427807,0.8717114063265105,-0.28378645350515935,0.06889577996494539,-0.5165585738007958,-0.2458611025506958,0.012940375603156548,0.07616705479152483,Telecom Services,Communication Services,IDCC
2020Q2,2020,Q2,2020-08-06,2020-06-30,22251000.0,104498000.0,31917000.0,0.72,65803000.0,0.6297058316905587,1538765000.0,769419000.0,921012000.0,203930000.0,748059000.0,0.0,1413382000.0,1741768910.0,1430595910.0,25.0160613844003,4.51631442161526,0.23338131553551061,0.466740488602439,0.02262867590883733,25.0160613844003,0.028919223466017864,16.66796407586748,19.569557660329874,2.2637456444408053,0.48366365556604196,0.0,0.006178776035220424,0.06791030469239942,4.210390820379542,0.014460297706277436,29.03238507184052,0.6297058316905587,188.4736842105263,-0.20066442885496413,0.03234915365323455,0.8606402976369886,0.8226968035011911,190.81896551724137,5.8184148686178165,-0.5220210732065012,-0.13206816179577727,0.09430480014542103,Telecom Services,Communication Services,IDCC
2020Q1,2020,Q1,2020-05-07,2020-03-31,116000.0,76210000.0,4681000.0,0.0038,36102000.0,0.4737173599265188,1464730000.0,752649000.0,875845000.0,185833000.0,689134000.0,0.0,1402048000.0,1371122860.0,1210152860.0,24.4986980014322,4.713075718521468,0.24224464577089294,0.471432234680442,-0.044154848033751845,24.4986980014322,0.00015412230667947476,17.991377247080436,2955.0061637931035,1.8217294648634357,92.64655172413794,0.0,0.007838101393772983,0.052030066974800816,4.339961147912373,7.919548312658305e-05,-39.46358680635505,0.4737173599265188,-0.9913636363636363,-0.9951993545599118,-0.16949660774097886,0.9001626332153602,-0.3485392569067254,-0.9915660898647666,-0.8149509803921569,-0.9961555248474794,-0.09807100021456862,0.12801791162182116,Telecom Services,Communication Services,IDCC
2019Q4,2019,Q4,2020-02-20,2019-12-31,13754000.0,102161000.0,25296000.0,0.44,55417000.0,0.5424477050929415,1612082000.0,761557000.0,1016332000.0,305558000.0,825801000.0,0.0,1412779000.0,1684776310.0,1384043310.0,24.630712506872797,3.3261508453386917,0.2758904323725468,0.5840114397215179,0.012571690595416579,24.630712506872797,0.018060368429415,16.491384285588435,30.62338792351316,2.212278673822183,0.7922786098589502,0.0,0.006467920955037645,0.06337208653157841,3.1187761406999654,0.008531824063540193,194.72680420711973,0.5424477050929415,5.285714285714286,0.27161585579725134,0.5124020313515021,1.0732108415916315,0.46796111361288445,5.156669650850493,5.702702702702703,-0.8882408191311177,-0.5863479065032409,0.1416497690451796,Telecom Services,Communication Services,IDCC
2019Q3,2019,Q3,2019-10-31,2019-09-30,2234000.0,72523000.0,3774000.0,0.07,37751000.0,0.5205383119837844,1628302000.0,782106000.0,1022523000.0,334299000.0,825003000.0,0.0,1409870000.0,1633391100.0,1337033100.0,25.123867651782845,3.058707923146644,0.2699302709202593,0.5619800896553664,0.003926285629136747,25.123867651782845,0.002856390310264849,22.522387380555134,182.78772381378693,2.0884523325482736,4.87645478961504,0.0,0.006669560033723705,0.04453903514212965,2.9045196066993917,0.00137198136463629,13.958698810419088,0.5205383119837844,-0.7083333333333333,-0.7895742504978739,0.18912164077194613,0.9010586878396131,-0.013200543705562525,-0.7114813379826941,-0.5766685361749859,-0.976451139584474,-0.6166163487870521,0.4195024147769264,Telecom Services,Communication Services,IDCC
2019Q2,2019,Q2,2019-08-01,2019-06-30,7743000.0,75609000.0,8915000.0,0.24,38256000.0,0.5059715113280165,1545066000.0,788898000.0,940998000.0,242898000.0,744826000.0,0.0,1418628000.0,2026263810.0000002,1928936810.0000002,25.007068817954163,3.874045895808117,0.28113426869790675,0.5506047676632467,0.004090996495491715,25.007068817954163,0.009814957066693032,26.79924096337738,65.42243994575746,2.568473757063651,1.4413018209996125,0.0,0.005507673751523993,0.0489357736174377,3.6572635427216365,0.0050114364046584415,-60.70474879415202,0.5059715113280165,3.6666666666666665,-0.8741909017959205,-0.5009620909019868,0.7023784129336617,0.17493857493857493,3.7623974313235817,60.43333333333333,-0.788279525886153,0.08916665941685716,0.6795294756147479,Telecom Services,Communication Services,IDCC
2019Q1,2019,Q1,2019-05-02,2019-03-31,-2803000.0,68631000.0,-150000.0,-0.09,32560000.0,0.4744211799332663,1479751000.0,812806000.0,875946000.0,448153000.0,654238000.0,0.0,1421884000.0,2194068080.0,2012403080.0,24.92428935021925,1.9545690868966625,0.21731696751683222,0.3956356129260857,-9.266924883011923e-05,24.92428935021925,-0.0034485473778490807,31.969053051827892,-195.68926864074206,2.6993748569769416,-4.1487691758829826,0.0,0.0053002001651653394,0.046380100435816564,1.843939458176114,-0.0018942376115981675,-53.71561670665426,0.4744211799332663,-2.8000000000000003,-0.8679562915042809,0.4714719736598032,0.9255334815892453,-0.11341048332198775,-2.531693989071038,-1.0390117035110533,-1.1073067796156717,-0.3156022524189912,0.765616601736836,Telecom Services,Communication Services,IDCC
2018Q4,2018,Q4,2019-02-21,2018-12-31,1830000.0,75326000.0,3845000.0,0.05,36725000.0,0.4875474603722486,1626558000.0,927025000.0,1024250000.0,179395000.0,688545000.0,0.0,1426266000.0,2252574870.0,2094895870.0,27.33861216786104,5.709467933888904,0.1951218462544834,0.3423607777568027,-0.0017077508190314467,27.33861216786104,0.0019740567945848277,29.904347370097973,307.72880737704924,2.4298965723685986,6.555191256830601,0.0,0.005325461168800129,0.046310060877017604,5.4673318654366065,0.0011250751587093728,-58.14146736184601,0.4875474603722486,-0.9166666666666666,-0.8478642244150727,-0.0868355757733435,1.1190850483352726,-0.14596995488581926,-0.9145139440369973,-0.7023993808049536,-0.9421262994394691,-0.2979129642127926,0.8972451377816472,Telecom Services,Communication Services,IDCC
2018Q3,2018,Q3,2018-11-01,2018-09-30,21407000.0,75079000.0,12920000.0,0.6,43002000.0,0.5727566962799184,1788088000.0,1000591000.0,1190912000.0,293552000.0,773039000.0,0.0,1436171000.0,2735696450.0,2540394450.0,28.876251767625753,4.056903035918679,0.17534204133129913,0.3133418149873425,-0.19139910325890025,28.876251767625753,0.021394355935642036,36.43757175774851,31.948620194328957,2.734080608360459,0.5677114962395479,0.0,0.004442378831905857,0.04198842562558442,3.7067333896549846,0.011972005852060973,17.02288294847144,0.5727566962799184,1.0,-0.04562520352173977,-0.19332918376550387,1.191133584853945,-0.0015324602953468932,0.999532972165141,-0.1760204081632653,-0.09805857409301971,-0.22750948776246963,1.1255668779339385,Telecom Services,Communication Services,IDCC
2018Q2,2018,Q2,2018-08-02,2018-06-30,10706000.0,69555000.0,15680000.0,0.3,43068000.0,0.619193444037093,1619650000.0,1020469000.0,1200519000.0,128297000.0,583426000.0,0.0,1426888000.0,2812812100.0,2580980100.0,29.349966924559233,9.35734272820097,0.1802531411107338,0.28609100325438597,0.010781693751591586,29.349966924559233,0.01049125451140603,40.44011357918194,65.6830772464039,2.7563915219374624,1.136185316644872,0.0,0.004324497893051583,0.042944463309974375,9.18609944114048,0.0066100700768684595,-925.876267281106,0.619193444037093,-0.6428571428571429,0.3719648931393054,0.21642328949918213,1.348542823447797,-0.28846153846153844,-0.6422389306599833,-0.4799336650082919,-0.659780957608357,-0.39214673310687587,1.1829867761757893,Telecom Services,Communication Services,IDCC
2018Q1,2018,Q1,2018-04-26,2018-03-31,29925000.0,87444000.0,30150000.0,0.84,60528000.0,0.6921915740359544,1626158000.0,1019047000.0,1208398000.0,126190000.0,590426000.0,0.0,1428437000.0,2549577600.0,2420602600.0,29.417366704194453,9.576020286869007,0.17741572467128042,0.2831135364708399,0.02781737691199433,29.417366704194453,0.02936567204456713,29.15668999588308,21.299729323308267,2.5019234637852814,0.40618212197159564,0.0,0.004767456381794381,0.053773372575112624,9.377969728187654,0.01840227087404791,-282.3765201018939,0.6921915740359544,-0.43243243243243246,3.8965280990787172,1.1925200109641136,1.3903113906422733,-0.6593924797136844,-0.4300217134585349,-0.7930736287267337,0.09833510747204477,-0.1548797092601239,1.281663334746859,Telecom Services,Communication Services,IDCC
2017Q4,2017,Q4,2018-02-22,2017-12-31,52502000.0,205304000.0,145704000.0,1.48,177706000.0,0.8655749522659081,1854420000.0,855267000.0,1395794000.0,376441000.0,981272000.0,0.0,1249091000.0,2638825950.0,2490937950.0,24.680893429140333,3.707869227847126,0.1537548128255735,0.3333765946774516,0.04586473110634911,24.680893429140333,0.06138667807830771,12.853261261349024,12.565359176793265,3.0853826348964715,0.23138166165098473,0.0,0.004603562428965806,0.1107106265031654,3.6507394253017074,0.028311817171945947,12.704804215634825,0.8655749522659081,0.48,2.9975157070096055,1.7628919544130515,0.9499478385972759,1.5885043407329722,0.47743133723547954,2.564623853211009,3.3309918136480716,1.7118404117833577,1.0774346589926544,Telecom Services,Communication Services,IDCC
2017Q3,2017,Q3,2017-10-26,2017-09-30,35536000.0,97325000.0,40875000.0,1.0,68652000.0,0.7053891600308245,1936122000.0,820101000.0,1420304000.0,440439000.0,1104106000.0,0.0,1209012000.0,2559788750.0,2558005750.0,23.6279063067216,3.224746219113203,0.14553525036128923,0.34358450971282806,0.033295950042857805,23.6279063067216,0.04333124822430408,26.30145132288723,18.00841927904097,3.12130914362987,0.2930267897343539,0.0,0.004067913807340547,0.05026800997044608,3.104488930362661,0.018354215281888228,26.980076836324926,0.7053891600308245,-0.3150684931506849,-0.8174333827765332,-0.7284936679680808,0.751357490437793,-0.37758839528558474,-0.3231109163984076,-0.4950462025003706,2.0020731788092974,0.43123831384163225,0.7878631261085313,Telecom Services,Communication Services,IDCC
2017Q2,2017,Q2,2017-07-27,2017-06-30,52499000.0,135779000.0,80948000.0,1.46,110300000.0,0.8123494796691683,1838899000.0,792930000.0,1336021000.0,379678000.0,1033243000.0,0.0,1185836000.0,2681227800.0,2778754800.0,22.8602317938073,3.5188264792798107,0.1514378984381415,0.3512025021124185,0.04953440603516228,22.8602317938073,0.06620887089654824,19.746999167765267,12.767994628469113,3.3814180318565317,0.1981371073734738,0.0,0.003879565921254434,0.07383711666600504,3.3829481824071976,0.02854914815876239,264.78647047205214,0.8123494796691683,0.5698924731182794,5.865349503283103,1.389745906016354,1.457726846599272,0.6937180412450287,0.5552494371371015,1.383066415449835,-0.22418590220553228,-0.1849270216259338,0.5562305763919236,Telecom Services,Communication Services,IDCC
2017Q1,2017,Q1,2017-04-27,2017-03-31,33756000.0,94530000.0,33968000.0,0.93,65123000.0,0.6889135724108748,1865388000.0,746460000.0,1342235000.0,414665000.0,1105247000.0,0.0,1143955000.0,2966131000.0,3102280000.0,21.718359034041317,3.2369141355069755,0.1475414230176242,0.3687029445650135,0.034980246866750775,21.718359034041317,0.04522144522144522,31.377668465037555,21.967435418888492,3.973596709803606,0.3048939447801872,0.0,0.003469840003695049,0.05067578434084491,3.107744806048256,0.018095967166080192,-87.47068711294604,0.6889135724108748,-0.7584415584415584,3.079591731017151,0.8017352551225739,1.1753720029132837,-0.7308132685749715,-0.7526489338316114,-0.8375894697081985,22.34416525164639,0.9230293383685235,0.6778583693041159,Telecom Services,Communication Services,IDCC
2016Q4,2016,Q4,2017-02-23,2016-12-31,136470000.0,273868000.0,209149000.0,3.85,241925000.0,0.8833635181912454,1727853000.0,739709000.0,1221119000.0,425480000.0,973485000.0,0.0,1120766000.0,3132026100.0,2999973100.0,21.57466604444963,2.869979787534079,0.15743295291902726,0.36774055743542394,0.13641652283625227,21.57466604444963,0.18449146894251658,11.436261629690216,5.737572543416135,4.234132746796376,0.07537187660291639,0.0,0.003284136106017763,0.1585019095953186,2.7762174485287203,0.07898241343447619,14.083294438224225,0.8833635181912454,0.2876254180602006,6.9391796400115435,3.7134949826611003,1.0770925321392424,0.3281052712480374,0.30635804950893114,0.33455633685983743,10.220588001360309,2.283549210327076,0.6723069904538209,Telecom Services,Communication Services,IDCC
2016Q3,2016,Q3,2016-10-27,2016-09-30,104466000.0,208307000.0,156718000.0,2.99,182158000.0,0.8744689328731151,1442850000.0,606724000.0,974738000.0,238243000.0,827578000.0,0.0,994967000.0,2714976000.0,2796661000.0,17.69906651108518,4.0913605016726615,0.1863305263887445,0.4431125190366625,0.12117138487658823,17.69906651108518,0.17218043129989913,13.033532238474944,6.4972718396416065,4.474812270488723,0.06564815346619952,0.0,0.002525989180014851,0.14437190283120213,3.896995924329361,0.07240253664622102,-138.6040432918113,0.8744689328731151,1.62280701754386,4.286783262689092,2.613393415884314,0.7937374011758299,2.8244383791727903,1.6120418062709407,5.789325477624225,3.707746594612481,1.2623338279261493,0.34300737384764507,Telecom Services,Communication Services,IDCC
2016Q2,2016,Q2,2016-08-02,2016-06-30,39994000.0,75915000.0,23083000.0,1.14,47630000.0,0.6274122373707436,1469711000.0,513667000.0,966481000.0,371375000.0,946553000.0,0.0,900966000.0,1920904320.0,1585244320.0,14.889330125510885,2.6024395826321105,0.18080289254145884,0.5173156928515945,0.051655931593719166,14.889330125510885,0.07785978075290023,25.30335664888362,12.007453117967696,3.7395906686627716,0.17310096514477172,0.0,0.003604031667751156,0.0516530120547509,2.4721077078424774,0.027212152593264934,10.52804139080107,0.6274122373707436,0.4430379746835441,2.065713066748732,0.4287982397129216,0.6021070495144052,-0.40903507574723624,0.42474439813330483,-0.52264455289933,4.165308856999667,0.33804173966201617,0.1914231284176758,Telecom Services,Communication Services,IDCC
2016Q1,2016,Q1,2016-04-28,2016-03-31,28071000.0,107764000.0,48356000.0,0.79,80597000.0,0.7479028246909915,1274661000.0,494712000.0,798096000.0,171225000.0,769493000.0,0.0,868018000.0,1950254250.0,1688582250.0,14.116478812954773,4.661095050372317,0.20604301849668263,0.5308846359093776,0.04205753721838107,14.116478812954773,0.05674210449716199,18.097456014995732,17.368941701400022,3.9422012201038177,0.2517901036657048,0.0,0.0036241428521435093,0.08454326287538412,4.516291429405753,0.022022325936072413,938.9765286470871,0.7479028246909915,-0.14130434782608695,0.554910142860705,0.7756858191243873,0.697781783840174,-0.02774527425600444,-0.15034203038924873,-0.09343832020997375,3.6857515018503566,1.6708629872233758,0.1470360498839253,Telecom Services,Communication Services,IDCC
2015Q4,2015,Q4,2016-02-18,2015-12-31,33038000.0,112098000.0,53340000.0,0.92,82897000.0,0.7395047190850863,1474485000.0,510519000.0,1010967000.0,399973000.0,952590000.0,0.0,847033000.0,1737438160.0,1714000160.0,14.409636173755963,2.527588112197573,0.3301281464375697,0.953478714798078,0.03685993215032125,14.409636173755963,0.06471453560004622,15.49927884529608,13.147271021248258,3.4032781541921064,0.21469217264967613,0.0,0.004082447458158741,0.07602518845563028,2.469106664699867,0.022406467342834954,21.950653931675763,0.7395047190850863,0.3529411764705882,0.19812594396302538,0.4638922075907453,0.7989397282588666,0.15062807967242695,0.3473898858075041,0.17522638641020558,1.4604243943993147,0.47552407250829504,0.1384530706985534,Telecom Services,Communication Services,IDCC
2015Q3,2015,Q3,2015-10-30,2015-09-30,24520000.0,100408000.0,45387000.0,0.68,72045000.0,0.71752250816668,1448692000.0,486323000.0,1086280000.0,406582000.0,957082000.0,0.0,821058000.0,1811378800.0,1814643800.0,13.585200290519023,2.6717365746639055,0.3319601405957926,0.9888654248308223,0.02994297488958451,13.585200290519023,0.050419165863016965,18.040184049079755,18.468380913539967,3.724641442004594,0.29278140293637844,0.0,0.0039632792434139115,0.06930941842710528,2.4190028087815003,0.016925612897703585,-236.31817351598173,0.71752250816668,-0.23595505617977525,-0.14993515203179458,0.3448923947846351,0.9609927361253019,-0.1751107752550407,-0.2478989019078584,-0.22518693024685035,-0.8778603613124303,-0.7284141089619657,0.006967861605653027,Telecom Services,Communication Services,IDCC
2015Q2,2015,Q2,2015-07-30,2015-06-30,32602000.0,118551000.0,58578000.0,0.89,87339000.0,0.7367209049269935,1461122000.0,484311000.0,1117194000.0,398353000.0,968291000.0,0.0,803864000.0,2049291580.0,2017455580.0,13.444867025706513,2.8045326632408942,0.3252295153998092,0.9811877078984371,0.03837834178044277,13.444867025706513,0.06731624926958091,17.286160217965264,15.714462149561376,4.231354604789072,0.22182688178639348,0.0,0.003529024405594835,0.08113696186902941,2.5512849156401485,0.02231298960661738,120.26359037558686,0.7367209049269935,0.141025641025641,0.13824060297358892,0.5875696060742029,1.2265988022573202,0.10902441811740506,0.1216927576122484,0.14311919444227617,3.1052750635641684,1.009142497681062,0.44547137299752015,Telecom Services,Communication Services,IDCC
2015Q1,2015,Q1,2015-04-29,2015-03-31,29065000.0,110378000.0,51244000.0,0.78,78753000.0,0.7134845712007828,1457773000.0,476446000.0,1117116000.0,385664000.0,973436000.0,0.0,778719000.0,1875045960.0,1657385960.0,12.892947989392217,2.8966042980418187,0.3220940434484656,0.9855051779215273,0.03335816802511051,12.892947989392217,0.06100376537949736,16.987497146170433,16.128040254601753,3.9354847348912574,0.25573714089110616,0.0,0.003964169496943957,0.07571686401106345,2.629879895453037,0.019937946442964715,-68.19836909871245,0.7134845712007828,1.2285714285714289,-0.29745402395931897,0.12121641451990038,1.4753288708718792,0.5771418272119198,1.1076867295141406,1.0264156912369504,2.2670375761047303,0.9566895110574433,0.29139397903774356,Telecom Services,Communication Services,IDCC
2014Q4,2014,Q4,2015-02-19,2014-12-31,13790000.0,86121000.0,25288000.0,0.35,49934000.0,0.5798121248011519,1194591000.0,468328000.0,843179000.0,205169000.0,718914000.0,0.0,757050000.0,2085318000.0,1874586000.0,11.880466768138001,4.109680312327886,0.182351114314439,0.4651334107719376,0.023678060156408963,11.880466768138001,0.029445175176372115,24.213815445710104,37.80489485134155,4.452687005688321,0.5517766497461929,0.0,0.003648843965284911,0.07209245674879519,3.6829638005741607,0.011543699893938594,47.96260177561065,0.5798121248011519,0.029411764705882214,-0.6104135739913069,0.23757637658277275,2.033938365823005,0.1305470023546459,0.020574304322084073,0.6483931947069943,-0.30224508502820474,0.2891724732225565,0.14378728975859753,Telecom Services,Communication Services,IDCC
2014Q3,2014,Q3,2014-10-30,2014-09-30,13512000.0,77622000.0,15341000.0,0.34,44168000.0,0.5690139393470923,1297394000.0,523607000.0,959993000.0,217689000.0,767152000.0,0.0,750923000.0,1577668400.0,1424371400.0,13.215724381625442,4.409928843441791,0.16610374335013112,0.4115720378069812,0.021542054888998134,13.215724381625442,0.025805613752298957,20.325016103681946,29.190134695085852,3.013077365275865,0.5944345766725874,0.0,0.00509105715751168,0.05982916523430816,3.9821396579523998,0.01041472366913983,10.74852432211473,0.5690139393470923,-0.8238341968911916,-0.5201652101350605,0.1181752661732288,3.5563331028669993,-0.7296360909619564,-0.8287474176499664,-0.8804957467360484,-0.4083532010945931,0.16499095933637553,0.3393666322518055,Telecom Services,Communication Services,IDCC
2014Q2,2014,Q2,2014-08-07,2014-06-30,78901000.0,194234000.0,128372000.0,1.93,163365000.0,0.8410731385854175,1423329000.0,594087000.0,1117091000.0,245423000.0,823005000.0,0.0,745320000.0,1933175400.0,1763376400.0,14.689488910318225,4.5516964587671085,0.1498227043782569,0.358949110147167,0.09954619108984968,14.689488910318225,0.1328105142849448,9.952816705623114,6.1253197044397405,3.2540274404253924,0.05126677735389919,0.0,0.0020924123077502438,0.13646458408421383,4.1529807719732865,0.055434126614437,-1200.7300621118013,0.8410731385854175,39.599999999999994,2.2075624427699196,1.7868737639198093,5.482919754072617,5.655463211928624,43.39709833422891,3132.0243902439024,4.159199400159208,2.1183991784142484,0.5806039317149602,Telecom Services,Communication Services,IDCC
2014Q1,2014,Q1,2014-05-01,2014-03-31,-1861000.0,57844000.0,-41000.0,-0.05,24546000.0,0.42434824700919715,1080359000.0,523511000.0,815446000.0,105846000.0,551097000.0,0.0,674797000.0,1339100840.0,1158639840.0,12.944095539511423,7.704079511743476,0.19529804444633683,0.4030326010341712,-3.5610548808290547e-05,12.944095539511423,-0.00355484411979882,23.15021160362354,-179.88995701235893,2.5579230235849866,-2.172487909725954,0.0,0.003019190100724603,0.05354146168079314,7.120146250212573,-0.0017225755512750853,-111.94623307139274,0.42434824700919715,-1.1428571428571428,0.7695526666436358,-0.1182636821921643,5.853970592597882,-0.6132722030533629,-1.1280269675288939,-1.0010795155344918,-1.0893235033287414,-0.17410905761414477,0.5567798391126839,Telecom Services,Communication Services,IDCC
2013Q4,2013,Q4,2014-02-24,2013-12-31,14536000.0,99683000.0,37980000.0,0.35,63471000.0,0.6367284291203114,1113183000.0,528650000.0,857514000.0,126438000.0,579363000.0,0.0,680718000.0,1208411730.0,919510730.0,12.90113966371379,6.782090827124756,0.1875819160012325,0.3949929064598506,0.029427260791899994,12.90113966371379,0.02749645322992528,12.12254577009119,20.783085615024763,2.2858445663482456,0.2835030269675289,0.0,0.003410261500854514,0.08954772036583383,6.25825305683418,0.01305805065294745,-44.88232543455653,0.6367284291203114,-0.45312500000000006,3.1623296656878392,0.8626451449048487,5.612165215735034,-0.1403903192166529,-0.45476369092273067,-0.22691744015632634,-0.5442230346667437,0.12551443471945029,0.6106147581394181,Telecom Services,Communication Services,IDCC
2013Q3,2013,Q3,2013-10-31,2013-09-30,26660000.0,110623000.0,49128000.0,0.64,73837000.0,0.6674651745116296,1129585000.0,542764000.0,879294000.0,126547000.0,582261000.0,0.0,670291000.0,1537847900.0000002,1188939900.0000002,13.178681558819958,6.948359107683311,0.18293001412023,0.3807087426579508,0.037067024710795156,13.178681558819958,0.0491189540942288,13.901701273695346,14.420929294823708,2.83336385611426,0.154463615903976,0.0,0.002677768067960427,0.09793242651062116,6.513263846634057,0.023601588193894216,-163.87978473998297,0.6674651745116296,1.9090909090909092,2.1426342839656005,1.1810382625670046,5.5575854503859,1.138467330861909,1.8859060402684564,2.87078474629688,-0.19663773192766987,0.28790653392068744,0.9023126826175829,Telecom Services,Communication Services,IDCC
2013Q2,2013,Q2,2013-07-26,2013-06-30,9238000.0,67692000.0,12692000.0,0.22,34528000.0,0.5100750457956628,1153903000.0,514393000.0,903878000.0,166047000.0,635675000.0,0.0,647826000.0,1615980860.0,1361487860.0,12.497096766356503,5.44350695887309,0.1772506007870679,0.39761427546642353,0.00974484769331454,12.497096766356503,0.017959031324298737,23.872553034331975,43.73189164321281,3.1415296475651884,0.44544273652305694,0.0,0.002546441051288194,0.058663509844415,5.000999716947611,0.008005872244027445,12.201975746775801,0.5100750457956628,1.7333333333333334,0.7395688401162412,0.2706409127941939,3.8999283836001375,2.292143401983219,1.7529546010269785,1.8436586014357883,-0.7177397687860222,-0.2066829204908254,1.0696389661913368,Telecom Services,Communication Services,IDCC
2013Q1,2013,Q1,2013-04-25,2013-03-31,-12269000.0,47363000.0,-15044000.0,-0.3,10488000.0,0.22143867575955914,1014687000.0,506282000.0,761514000.0,164338000.0,509039000.0,0.0,642753000.0,1900164220.0,1733901220.0,12.306918177840439,4.633827842617046,0.1994950166898758,0.3998265788631632,-0.011168529410726276,12.306918177840439,-0.024233529929959984,40.119169393830624,-38.71880797130981,3.753173567300437,0.0,0.0,0.0,0.04667744831657447,4.182355876303715,-0.012091413411229275,32.54486041174254,0.22143867575955914,-1.789473684210526,-2.8923183668448416,-0.045974621479871726,3.49388072646663,-0.8146079332531995,-1.7899175894926602,-1.7988530161427359,-1.2663985584479993,-0.5678202536428805,1.3628164716192621,Telecom Services,Communication Services,IDCC
2012Q4,2012,Q4,2013-02-26,2012-12-31,15532000.0,87877000.0,18832000.0,0.38,56572000.0,0.6437634420838217,1056609000.0,518705000.0,814347000.0,172913000.0,537904000.0,0.0,659235000.0,1683909290.0000002,1534457290.0000002,12.657206998365096,4.709576492224413,0.1896548297430743,0.3863294165276988,0.024859968045253013,12.657206998365096,0.029943802353939137,19.162116253399642,27.103870879474634,3.2463718105667,4.486801442183879,0.0,0.04138524587627876,0.08316889218244403,4.320976444801721,0.014699855859641552,-12.502110698641326,0.6437634420838217,-0.9316546762589928,10.161714715825157,0.8670491103606047,3.4108658501601927,-0.8543681572572652,-0.9340940047269688,-0.9481524920227191,-0.5779139482070319,0.21470896656852942,2.232296059233187,Telecom Services,Communication Services,IDCC
2012Q3,2012,Q3,2012-10-25,2012-09-30,235669000.0,434010000.0,363219000.0,5.56,388459000.0,0.8950461970922329,1115606000.0,566954000.0,881663000.0,279666000.0,548652000.0,0.0,709955000.0,1586826240.0,1264291240.0,13.491195507329145,3.152556978681713,0.17780201970946732,0.34986436289363865,0.3102519653173147,13.491195507329145,0.41567569855755493,3.6561974148061105,1.6833209289299824,2.7988624121180905,0.018449605166568364,0.0,0.0027400605626486238,0.3890351970139996,2.9235909978331294,0.21124751928548252,4.734886657615588,0.8950461970922329,24.272727272727273,29.334590998668038,7.611627135568648,3.1160319283704663,7.505594359659303,23.3635893724801,19.667975418231478,6.890265892093067,4.894430787525958,3.6513061949718035,Telecom Services,Communication Services,IDCC
2012Q2,2012,Q2,2012-07-27,2012-06-30,9673000.0,71871000.0,17574000.0,0.22,45671000.0,0.6354579733132975,860265000.0,408107000.0,622526000.0,165427000.0,452158000.0,0.0,478427000.0,1294780760.0,1322187760.0,9.301372048500319,3.763146282045857,0.22829244476992555,0.48122673710571,0.018635754616336955,9.301372048500319,0.023702117336874887,18.01534360173088,33.46378476170785,3.172650211831701,0.4621110307040215,0.0,0.0034523219205079936,0.08354518665759969,3.4030236902077653,0.01124420963307818,-36.615031955206156,0.6354579733132975,-0.0833333333333333,3.3495787730842337,0.39835338519349045,2.139142036737194,-0.008811337543676889,-0.11500457456541628,-0.09435712445246071,-0.6375316127071253,-0.04947823390261382,3.1049793468883387,Telecom Services,Communication Services,IDCC
2012Q1,2012,Q1,2012-04-26,2012-03-31,10930000.0,69305000.0,19405000.0,0.24,46077000.0,0.6648438063631773,932417000.0,453272000.0,705843000.0,141558000.0,479145000.0,0.0,473145000.0,1582678860.0,1508581860.0,9.98374485143499,4.986245920400119,0.20863090226797668,0.4291705642528107,0.01963944463409463,9.98374485143499,0.02411355654000247,22.83643113772455,36.20033989021043,3.4916757708395845,0.4181152790484904,0.0,0.0028875093460210876,0.07432833163702507,4.5707837070317465,0.011722222996792207,-45.39709319335685,0.6648438063631773,-0.5102040816326531,-0.32171047066141867,0.12053780030572207,2.3340541499965566,-0.17460232158211522,-0.519919181271138,-0.453241666901468,2.205685835561079,-0.05890457378315181,4.286448435648581,Telecom Services,Communication Services,IDCC
2011Q4,2011,Q4,2012-02-27,2011-12-31,22767000.0,76956000.0,35491000.0,0.49,55824000.0,0.7254015281459535,996968000.0,471682000.0,768887000.0,173153000.0,525286000.0,0.0,466727000.0,1978557270.0,1829055270.0,10.386954702605095,4.4405063729765,0.1932950706542236,0.40855703630836027,0.03706304776345829,10.386954702605095,0.048267688824250234,25.71024052705442,21.726152655158785,4.1946847028294485,0.19976281460007905,0.0,0.0022986446078459987,0.07719004020189214,4.077740495400022,0.02283623947809759,-182.62481724201587,0.7254015281459535,-0.1403508771929824,0.32188494762851777,0.39144685055323014,1.01445295394655,-0.04663991119460337,-0.13122948942990154,0.10381612913258483,4.882696754857045,0.2975694293025248,4.3235808906986275,Telecom Services,Communication Services,IDCC
2011Q3,2011,Q3,2011-10-28,2011-09-30,26206000.0,76455000.0,32153000.0,0.57,58555000.0,0.7658753515139625,1022012000.0,448590000.0,782059000.0,167626000.0,573422000.0,0.0,448591000.0,2117666540.0,1898897540.0,9.86714471108374,4.66549938553685,0.18677275804980764,0.42551996254932123,0.045429865317606594,9.86714471108374,0.0584186005038008,27.69820861944935,20.202115355262155,4.720717225083037,0.17324276883156528,0.0,0.0021438691664835956,0.0748083192760946,4.292967678045172,0.025641577594000854,-255.0790821488798,0.7658753515139625,0.5405405405405405,0.38959974140197096,0.30702983759349,0.7786677377644192,0.10237776982886834,0.5275122406155281,0.07870634414734794,1.798436234915035,0.36554093991424474,3.9097965001628485,Telecom Services,Communication Services,IDCC
2011Q2,2011,Q2,2011-07-29,2011-06-30,17156000.0,69873000.0,29807000.0,0.37,53117000.0,0.7601934939103803,1040022000.0,421641000.0,793451000.0,164780000.0,618381000.0,0.0,427027000.0,1853323650.0,1662857650.0,9.293592541162468,4.815214225027309,0.18184519173632865,0.44854034593410036,0.031683229542796405,9.293592541162468,0.04068864270789605,26.524174573869736,27.006931248542784,4.395501504834682,0.26439729540685475,0.0,0.002447494802108633,0.06718415571978285,4.435289476878262,0.016495804896434884,-55.488732035928145,0.7601934939103803,-0.27450980392156865,-0.8792585184571781,-0.717558119679686,0.665415555260727,-0.15026395776675733,-0.2649213762371995,-0.20101324183777408,1.9309365037029766,0.18993048156503797,2.643881353359559,Telecom Services,Communication Services,IDCC
2011Q1,2011,Q1,2011-04-28,2011-03-31,23339000.0,78458000.0,37306000.0,0.51,62510000.0,0.7967320094827806,839432000.0,376704000.0,611493000.0,160236000.0,462728000.0,0.0,414506000.0,2161549260.0,1961854260.0,8.31466030989273,3.816202351531491,0.000502720887457233,0.0011202429493713897,0.06348963144702967,8.31466030989273,0.061955806150186886,27.55039970430039,23.153833283345474,5.738057626146789,0.1939243326620678,0.0,0.0020938685431577905,0.09346558148843503,3.4325432487081553,0.027803324152522183,-168.75238191896324,0.7967320094827806,-0.34615384615384615,1.181159758198611,0.8384125685566459,1.2568640292784437,0.7184879725085911,-0.31978082830579113,-0.3046023076779689,2.2685470083706565,0.4349785558447874,2.0361046668062475,Telecom Services,Communication Services,IDCC
2010Q4,2010,Q4,2011-02-28,2010-12-31,34311000.0,95282000.0,53647000.0,0.78,36375000.0,0.38176150794483743,874643000.0,353116000.0,619556000.0,178560000.0,521527000.0,0.0,395799000.0,1835657760.0,1620674760.0,8.010071681335631,3.4697356630824374,0.0005350754536422289,0.001325343513179805,0.09609023944358332,8.010071681335631,0.09716637025793223,19.265525072941372,13.375140334003673,5.1984553517824175,0.0,0.0,0.0,0.10893816105542489,3.2218918010752686,0.039228576687860076,-48.493098747820575,0.38176150794483743,-0.025000000000000022,-0.06564823765374093,1.885710728670288,1.484071588912202,-0.6042883717894325,-0.033901168520343514,-0.015127315452259,19.814137607923335,0.8818843987332972,1.7914018978359323,Telecom Services,Communication Services,IDCC
2010Q3,2010,Q3,2010-10-29,2010-09-30,35515000.0,91923000.0,54471000.0,0.8,91923000.0,1.0,913663000.0,305346000.0,642002000.0,224416000.0,608317000.0,0.0,366076000.0,1305090360.0,992010360.0,6.927715763680915,2.8607675032083275,0.0005910275451670911,0.0017684855868424672,0.11493220284095433,6.927715763680915,0.1163106770679819,14.197647596357822,9.186895396311417,4.274136094790827,0.0,0.0,0.0,0.1006093056192491,2.6441162840439185,0.038871006049276374,17.435844010100066,1.0,0.012658227848101276,5.6193673476040065,1.3035309192770475,2.6386966768560547,0.008447335798053821,0.015788118868518147,0.026321739458115084,3.3585568714765865,0.7390212317136722,1.113578389587143,Telecom Services,Communication Services,IDCC
2010Q2,2010,Q2,2010-07-30,2010-06-30,34963000.0,91153000.0,53074000.0,0.79,91153000.0,1.0,944724000.0,265510000.0,723170000.0,252492000.0,679214000.0,0.0,330561000.0,1085643990.0,868830990.0,6.038297969116008,2.8641303486843146,0.0006541593100207045,0.0023275959474219426,0.12921229921930952,6.038297969116008,0.13168242250762682,11.910129013855824,7.762806323828047,4.088900568716809,0.0,0.0,0.0,0.09648638120763313,2.5540650792896407,0.03700869248584772,914.6116175231676,1.0,-0.28181818181818186,9.633950820048488,1.8807862146950562,2.537949795300167,-0.21546300360625542,-0.28394126200667663,-0.2893239244252219,9.474190010287492,0.7696806503595294,1.0378794533063598,Telecom Services,Communication Services,IDCC
2010Q1,2010,Q1,2010-04-29,2010-03-31,48827000.0,116187000.0,74681000.0,1.1,116187000.0,1.0,926091000.0,227167000.0,694703000.0,259390000.0,698924000.0,0.0,295598000.0,1215086040.0,1001416040.0,5.20857981382125,2.6782181271444543,0.0007537056293603976,0.003072629387190921,0.21257254095687164,5.20857981382125,0.214938789524887,10.458020604714813,6.221383865484261,5.348866868867398,0.0,0.0,0.0,0.1254595930637486,2.4333898762481208,0.052723760407994466,18.577876920724716,1.0,0.2500000000000001,70.87897515588985,3.13162558679312,1.6170058180567968,2.0716986120290812,0.2559676921493981,0.8285343518926596,2.1542382355047742,0.9555052282573152,0.7393961286343383,Telecom Services,Communication Services,IDCC
2009Q4,2009,Q4,2010-02-26,2009-12-31,38876000.0,76429000.0,40842000.0,0.88,37825000.0,0.49490376689476506,905785000.0,169537000.0,702322000.0,252560000.0,736248000.0,0.0,246771000.0,1149915200.0,940104200.0,3.9158563344497055,2.7808124802027243,0.001161423516618182,0.006205135162235972,0.24707590916679284,3.9158563344497055,0.2293068769649103,15.045535071765952,7.394762835682683,6.782679886986322,0.0,0.0,0.0,0.0843787433000105,2.4655962939499525,0.04291967740689016,-50.525734874115734,0.49490376689476506,0.25714285714285723,303.58144831685064,1.8751022258098802,0.8710682650466332,-0.4989137058527409,0.2695862316710754,-0.12322356274955991,1.3675150304503974,0.4494579984134572,-0.2405561989998767,Telecom Services,Communication Services,IDCC
2009Q3,2009,Q3,2009-11-02,2009-09-30,30621000.0,75486000.0,46582000.0,0.7,75486000.0,1.0,910558000.0,124963000.0,718249000.0,244091000.0,785595000.0,0.0,207895000.0,997802280.0,733157280.0,2.900517605552074,2.9425460176737364,0.0012366043678711295,0.009010667157478613,0.24011513782643665,2.900517605552074,0.24504053199747125,13.218375327875368,8.146388752816694,7.9847817353936765,0.0,0.0,0.0,0.08290081466529314,2.5989815273811816,0.03362882979447767,4.524523787931003,1.0,0.16666666666666663,7.136400227493286,12.163895890835239,0.4623342629810011,0.007447149263292761,0.1579126488939308,0.15794968678532365,0.7134068978026183,0.3617524823191826,-0.47714792486847574,Telecom Services,Communication Services,IDCC
2009Q2,2009,Q2,2009-07-30,2009-06-30,26445000.0,74928000.0,40228000.0,0.6,74928000.0,1.0,703085000.0,98518000.0,543515000.0,235798000.0,604567000.0,0.0,177274000.0,1062626760.0,944230760.0,2.265875480116838,2.305002586960025,0.0020850963965950062,0.014880529446395582,0.2604459158328623,2.265875480116838,0.2684281045088207,14.181971492632927,10.045630175836642,10.786117866785766,0.0,0.0,0.0,0.10657032933429102,1.9556993697995741,0.03761280641743175,24.50029419902241,1.0,4.0,37.0797952786154,2.2611526690536614,0.08342962848275821,0.06188971244738595,4.044554455445544,3.9229092494368962,-0.8057935300513978,-0.6839589439093137,-0.5939541943380234,Telecom Services,Communication Services,IDCC
2009Q1,2009,Q1,2009-05-08,2009-03-31,-8686000.0,70561000.0,-13763000.0,-0.2,70561000.0,1.0,663603000.0,82154000.0,496338000.0,241036000.0,581449000.0,0.0,150829000.0,1123195820.0,1020385820.0,1.8885542861083653,2.0591861796578104,0.0039044428671962,0.0315383304525647,-0.10906514830969956,1.8885542861083653,-0.10572826642646736,15.918082510168507,-32.32776364264333,13.67183362952504,0.0,0.0,0.0,0.10633014015910115,1.7035339119467632,-0.013089151194313468,26.045120463768114,1.0,-3.4009603841536613,-2.887418363226543,1.7092872116155602,-0.057150484236396175,0.4522011154788121,-3.2684774092452336,-3.9066525871172124,-1.8454375587010454,0.7219754455777687,-0.48738612561400146,Telecom Services,Communication Services,IDCC
2008Q4,2008,Q4,2009-03-02,2008-12-31,3829000.0,58677000.0,4735000.0,0.0833,48589000.0,0.8280757366600201,405768000.0,87660000.0,241021000.0,126537000.0,318108000.0,0.0,159515000.0,1235520000.0,1138305000.0,1.951121794871795,1.9047472280834854,0.007218410520297313,0.033413187314624684,0.03721423418207312,1.951121794871795,0.043680127766370064,21.056291221432588,80.66858187516323,14.094455852156058,0.0,0.0,0.0,0.1446072632637369,1.3873570576195104,0.009436426726602394,-38.332092330603125,0.8280757366600201,-0.5835,3.2246500030342515,1.9244903609607433,0.10622611401096559,0.16383625955112696,-0.5842110978390704,-0.6371091354996934,-0.8976880629358838,0.7437079136773036,-0.39492099322384033,Telecom Services,Communication Services,IDCC
2008Q3,2008,Q3,2008-11-04,2008-09-30,9209000.0,55059000.0,13048000.0,0.2,41749000.0,0.7582593218184129,446461000.0,89849000.0,280601000.0,133734000.0,356612000.0,0.0,155686000.0,1075227400.0,952848400.0,2.009685067549432,2.0982024017826433,0.006710552545463097,0.03334483411056328,0.09136530778622362,2.009685067549432,0.1024941846876426,19.52864018598231,29.189580844825716,11.967049160257766,0.0,0.0,0.0,0.12332320180262106,1.6348049112417187,0.020626661679295617,-52.722732176130236,0.7582593218184129,0.5384615384615385,2.3237551191563894,1.5702501367339607,0.17280747629997023,-0.2888461145368446,0.57365003417635,0.6644980227069779,0.6921313411195787,0.3602386409000905,0.05556212556473591,Telecom Services,Communication Services,IDCC
2008Q2,2008,Q2,2008-08-08,2008-06-30,5852000.0,58706000.0,7839000.0,0.13,58706000.0,1.0,499007000.0,115684000.0,330060000.0,128587000.0,383323000.0,0.0,146477000.0,1103106560.0,973567560.0,2.5504651880594382,2.5668224626128615,0.005086100996579206,0.02193907541233014,0.042781833448953706,2.5504651880594382,0.050586079319525606,18.79035464858788,47.12519480519481,9.535515369454721,0.0,0.0,0.0,0.11764564424947947,2.130153125899197,0.011727290398731882,55.4018663050575,1.0,-0.13333333333333328,1.283553840237602,1.806526727509114,0.13868056237086082,0.04781623145983187,-0.2002186688533552,-0.2815507286224911,0.7254513578113911,0.7986017005438069,0.4943644444456088,Telecom Services,Communication Services,IDCC
2008Q1,2008,Q1,2008-05-12,2008-03-31,7317000.0,56027000.0,10911000.0,0.15,56027000.0,1.0,509986000.0,127142000.0,345384000.0,145999000.0,382844000.0,0.0,140625000.0,919699060.0,792675060.0,2.7385947529401626,2.365660038767389,0.006572729447475029,0.0263642226801529,0.053907534702480595,2.7385947529401626,0.05754982617860345,16.41528298855909,31.42336545032117,7.2336368784508664,0.0,0.0,0.0,0.1098598785064688,1.904882910156919,0.014347452675171476,11.83638640429338,1.0,4.7593984962406015,-0.6780072951659488,0.765518930950959,0.3180632322595669,0.5328864569083447,4.702935222672065,4.950398262128892,10.837487482823226,0.87165345738773,0.3759832157561287,Telecom Services,Communication Services,IDCC
2007Q4,2007,Q4,2008-02-29,2007-12-31,-1976000.0,54860000.0,-2762000.0,-0.0399,36550000.0,0.6662413415967918,534885000.0,137067000.0,371413000.0,157184000.0,397818000.0,0.0,133308000.0,1114380780.0,1026079780.0,2.8695515638738853,2.36291861767101,0.006949157295493424,0.027118124712731728,-0.04768335102375913,2.8695515638738853,-0.014416307353338148,20.31317499088589,-140.98947115384615,8.130190198953795,0.0,0.0,0.0,0.10256410256410256,1.9616945745114007,-0.003694252035484263,215.67268821366363,0.6662413415967918,-1.2216666666666667,-1.3791274656767287,1.2461152882647104,0.9295568200124674,-0.05190526834582761,-1.2266834920270735,-1.2628973919664954,-12.940120689989715,0.8705520032185271,0.37112457851033137,Telecom Services,Communication Services,IDCC
2007Q3,2007,Q3,2007-11-06,2007-09-30,8717000.0,56548000.0,10506000.0,0.18,38551000.0,0.6817394072292565,536378000.0,154551000.0,366810000.0,146908000.0,381827000.0,0.0,135284000.0,965201440.0,861749440.0,3.2777188666440447,2.4968687886296186,0.005292909105145998,0.01836934086482779,0.04617663647132025,3.2777188666440447,0.05640209380722221,17.06871047605574,27.681583113456462,6.245196989990359,0.0,0.0,0.0,0.10542565131306653,2.1389032591826176,0.01625159868600129,-178.90666172381836,0.6817394072292565,3.0000000000000004,2.688510983334061,3.3185479164962066,1.7732046701070783,-0.29914918372541177,2.97843849296414,2.1832413560085597,2.5961260007543334,8.010338232392824,0.6525052611085724,Telecom Services,Communication Services,IDCC
2007Q2,2007,Q2,2007-08-09,2007-06-30,-4406000.0,55006000.0,-8879000.0,-0.09,55006000.0,1.0,507220000.0,139135000.0,366050000.0,138575000.0,368085000.0,0.0,126523000.0,1510606690.0,1404040690.0,2.963030006175863,2.6415298574779,0.0027364851543708844,0.009975922665037553,-0.04213634188192646,2.963030006175863,-0.03166708592374313,27.462580263971205,-85.71304414434861,10.857129334818701,0.0,0.0,0.0,0.10844603919403809,2.144282879307234,-0.008686565987145617,-609.3613110125051,1.0,-1.2647058823529411,-3.0582888302854245,1.5319345210753552,1.3888641127761678,-0.18891739656138487,-1.2493632916407267,-1.36706767538964,-6.87455170313956,1.2167476600152625,0.41677445514739714,Telecom Services,Communication Services,IDCC
2007Q1,2007,Q1,2007-03-31,2007-03-31,17669000.0,67818000.0,24189000.0,0.34,67818000.0,1.0,508493000.0,149071000.0,382296000.0,109418000.0,359422000.0,0.0,130929000.0,1576595940.0,1459355940.0,2.9944759149893536,3.493904110840995,0.0029105612073322545,0.009928155040215736,0.10584127979061822,2.9944759149893536,0.11852741311187287,23.247455542776255,22.30737364876337,10.576141167631532,0.0,0.0,0.0,0.13337056753976947,2.959412528103237,0.034747774305644324,16.895237044022462,1.0,-0.055555555555555455,382.0803318468523,2.5093733179023423,1.6243972851162052,0.3538418541512786,-0.1280165819473918,-0.09139057922019382,2.3549590372405587,1.2754232855540926,0.4949743235771001,Telecom Services,Communication Services,IDCC
