Quarters,Year,Quarter,FillingDate,Date,NetIncome,Revenue,OperatingIncome,EPSDiluted,GrossProfit,GrossProfitRatio,TotalAssets,CommonStockEquity,CurrentAssets,CurrentLiability,TotalLiability,Inventory,RetainedEarnings,MarketCap,EnterpriseValue,bookValuePerShare,currentRatio,debtToAssets,debtToEquity,roic,shareholdersEquityPerShare,roe,priceToSalesRatio,peRatio,pbRatio,payoutRatio,inventoryTurnover,dividendYield,assetTurnover,quickRatio,returnOnAssets,priceToFreeCashFlowsRatio,grossProfitMargin,epsdilutedGrowth,fiveYNetIncomeGrowthPerShare,fiveYRevenueGrowthPerShare,fiveYShareholdersEquityGrowthPerShare,grossProfitGrowth,netIncomeGrowth,operatingIncomeGrowth,threeYNetIncomeGrowthPerShare,threeYRevenueGrowthPerShare,threeYShareholdersEquityGrowthPerShare,Industry,Sector,Symbol
2023Q1,2023,Q1,2023-05-15,2023-03-31,-2024000.0,74114000.0,788000.0,-0.1,12630000.0,0.1704131473,177085000.0,69476000.0,55791000.0,37711000.0,107609000.0,0.0,-104781000.0,122382480.0,182043480.0,3.485651214128035,1.4794357084139906,0.3922748962362707,0.9998560654038805,0.006833359664042166,3.485651214128035,-0.029132362254591513,1.651273443613892,-15.116413043478259,1.7615072830905636,0.0,0.0,0.0,0.4185221786147895,1.4156081779852032,-0.011429539486687184,44.718343722823505,0.17041314731359797,0.411764705882353,-0.1839003303603181,1.3040145816894941,-0.12643952438312503,0.17422833767199702,0.3918269230769231,1.5588652482269503,-5.748747619601787,1.2600123714553872,-0.1314485299586205,Waste Management,Industrials,QRHC
2022Q4,2022,Q4,2023-03-23,2022-12-31,-3328000.0,62253000.0,-1410000.0,-0.17,10756000.0,0.1727788219,181491000.0,71139000.0,57765000.0,38055000.0,110352000.0,0.0,-102757000.0,121723420.0,183891420.0,3.570876418030318,1.5179345683878598,0.395237229394295,1.0083357933060628,-0.008900091026264387,3.570876418030318,-0.046781652820534446,1.9553020737956404,-9.14388671875,1.7110645356274339,0.0,0.0,0.0,0.34300874423525135,1.4572329523058731,-0.01833699742686965,78.92003444063788,0.17277882190416527,-0.9517795637198624,-0.5145119575844964,1.1232721092876907,-0.12135419613041991,-0.11715455860887986,-0.9735106013929616,-4.7373466958939545,-75.61028498488267,1.0917723196318145,-0.10971459714056501,Waste Management,Industrials,QRHC
2022Q3,2022,Q3,2022-11-14,2022-09-30,-1686335.0,73358293.0,377273.0,-0.0871,12183333.0,0.1660798323,186268214.0,72382611.0,62222233.0,41490840.0,113885603.0,0.0,-99429394.0,163467540.48,230114753.48,3.7371898729628454,1.499661925379192,0.39588668091271867,1.0187682370286422,0.0027935991741840963,3.7371898729628454,-0.023297515476472658,2.228344387457325,-24.234143939371474,2.258381373946292,0.0,0.0,0.0,0.39383151545115475,1.425763349211537,-0.009053262302713656,-153.2652836111408,0.16607983231016568,-2.742,-0.2315911398516574,0.8126531912062159,-0.10117749112887857,-0.16941585481325117,-2.4660837692602615,-0.8698894412191331,-29.436394756790268,1.430013828915374,-0.06328360660503568,Waste Management,Industrials,QRHC
2022Q2,2022,Q2,2022-08-15,2022-06-30,1150231.0,76904788.0,2899634.0,0.05,14668391.0,0.1907344313,182289474.0,73348812.0,57740037.0,41832418.0,108940662.0,0.0,-97743059.0,78850005.7,143110493.7,3.8046495801331313,1.3802701292571709,0.37565494319216697,0.9335930621480277,0.01782497799661172,3.8046495801331313,0.015681658211451333,1.0252938438631416,17.137863111844492,1.07500044717834,0.0,0.0,0.0,0.4218827687220163,1.311584690131945,0.006309914526386751,-20.76857297657221,0.19073443125543757,1.4545454545454546,1.7287623867833748,0.47298842248991896,-0.09849017605339658,0.3040407026234363,1.5265880422595888,7.2911203730020455,32.76940352652783,1.4048291098077252,-0.04181029949300012,Waste Management,Industrials,QRHC
2022Q1,2022,Q1,2022-05-16,2022-03-31,-2184309.0,71522168.0,-460909.0,-0.11,11248415.0,0.1572717287,182768457.0,71702593.0,56491706.0,43551678.0,111065864.0,0.0,-98893290.0,118354499.10000001,179521221.10000002,3.7258486183733086,1.2971189307562385,0.3780100250011959,0.9635398959700104,-0.003501411456995859,3.7258486183733086,-0.03046345897142102,1.6547946239549116,-13.545988582659321,1.6506306696607194,0.0,0.0,0.0,0.3913266499809647,1.2510015113539368,-0.011951236202645186,-165.6336229770655,0.15727172867578623,-2.900709219858156,0.09211532503570385,0.33428195513080267,-0.13202079925456464,0.29016239297025076,-3.0393839701305403,-2.2834758152098242,-9.624975745745374,1.1377630711830913,-0.0572759365020509,Waste Management,Industrials,QRHC
2021Q4,2021,Q4,2022-03-17,2021-12-31,-540753.0,46388559.0,359110.0,-0.0282,8718604.0,0.1879472911,175666406.0,73628264.0,50329397.0,37719975.0,102038142.0,0.0,-96708981.0,133143900.00000001,190446808.0,3.837803700807923,1.3342903063960143,0.37418029717076356,0.8927401575025591,0.0028500233245560736,3.837803700807923,-0.00734436710337215,2.870188315183492,-61.55485961242934,1.808325943960868,0.0,0.0,0.0,0.2640718852072376,1.2825255318965614,-0.003078294890373063,-144.59306833706555,0.18794729105510694,-2.41,0.6957117982203991,-0.18033100442468625,-0.12897779564578343,0.2722863055849762,-2.4017715494447383,-0.6535743742855351,-46.02617570949208,0.466531379339076,-0.028801605833451597,Waste Management,Industrials,QRHC
2021Q3,2021,Q3,2021-11-15,2021-09-30,385764.0,37366740.0,1036615.0,0.02,6852706.0,0.1833905232,113903561.0,71981127.0,36481764.0,24436230.0,41922434.0,0.0,-96168228.0,115808371.89999999,123919405.89999999,3.7914778309736343,1.492937494859068,0.1511036516233237,0.2391077316697195,0.009011194156614619,3.7914778309736343,0.005359238123626489,3.0992366981973807,75.05130850727387,1.6088713351209407,0.0,0.0,0.0,0.3280559419911376,1.4330779338711412,0.0033867597870798787,-54.77637289323683,0.18339052323001687,-0.3333333333333333,1.1223828450075866,-0.3666153454799482,-0.18452840154631003,0.006200298099443519,-0.44836166141860645,-0.22732700455278637,1.4569863338143794,0.162806991283861,-0.03598576944126427,Waste Management,Industrials,QRHC
2021Q2,2021,Q2,2021-08-16,2021-06-30,699306.0,36858083.0,1341596.0,0.03,6810479.0,0.1847757248,112925207.0,71038518.0,35400183.0,25365728.0,41886689.0,0.0,-96553992.0,119527783.55,125598404.55,3.773972677334064,1.3955910510433605,0.14273579325827582,0.2268975965968209,0.01348791756150734,3.773972677334064,0.009844039820763152,3.242919159686086,42.73085871921591,1.682577099229463,0.0,0.0,0.0,0.32639376078363086,1.3364030001425546,0.0061926474927781186,102.19631114322112,0.1847757247711445,-0.5,1.2618561188772037,-0.3796902965683924,-0.19075569488777575,0.0575478293222325,-0.3901791164518548,-0.24205114588129614,2.056007464145522,0.07325392565422942,-0.048587811251871255,Waste Management,Industrials,QRHC
2021Q1,2021,Q1,2021-05-17,2021-03-31,1146740.0,35101991.0,1770035.0,0.06,6439878.0,0.1834619011,108417645.0,69752711.0,32660972.0,22511452.0,38664934.0,0.0,-97253298.0,72169472.7,77012537.7,3.769399480453735,1.4508602999042444,0.14386263416808215,0.22360776773249716,0.019523682967613906,3.769399480453735,0.016440077863066855,2.0559937098724688,15.733617188726301,1.03464756660139,0.0,0.0,0.0,0.32376640352223107,1.3982560520751839,0.010577060588246498,19.015986693718382,0.18346190106424448,4.999999999999999,1.3766567809726964,-0.4204998930996353,-0.25423924213860827,0.15399452738190594,8.276180615100872,1.2938759905914066,1.7224895144825276,0.1753810215725548,-0.055327627276991566,Waste Management,Industrials,QRHC
2020Q4,2020,Q4,2021-03-11,2020-12-31,123622.0,27657754.0,771635.0,0.01,5580510.0,0.2017701799,102229157.0,68042972.0,26006387.0,17263801.0,34186185.0,0.0,-98400038.0,42658770.0,51383797.0,3.684570964423025,1.5064114212159883,0.15886883426026882,0.23868779570651324,0.003578038938671252,3.684570964423025,0.0018168224633103916,1.5423801224061795,86.2685646567763,0.6269386645839045,0.0,0.0,0.0,0.270546630840358,1.4444611010055086,0.0012092636154673563,20.803371745417127,0.2017701798924092,3.564102564102564,1.0331511781292884,-0.5265434535512682,-0.25860099538658726,0.22461944807627235,2.8564928141284596,1.9008943642645273,1.060690643318588,0.017651005345171073,-0.09337864491660611,Waste Management,Industrials,QRHC
2020Q3,2020,Q3,2020-11-16,2020-09-30,-66589.0,23701226.0,265999.0,-0.0039,4556934.0,0.1922657503,84588707.0,66733814.0,22921230.0,13032640.0,17854893.0,0.0,-98523660.0,32851849.299999997,31227029.299999997,3.8595771410652366,1.7587557087435854,0.056771171593862996,0.07196052064400216,-0.009640177576659824,3.8595771410652366,-0.0009978299756702052,1.3860822769252525,-123.33812378921442,0.49228190823920237,0.0,0.0,0.0,0.2801937379182306,1.6557140379846293,-0.000787209101091946,-42.63190724545901,0.19226575030338092,-1.04875,0.9688507263000514,-0.5606405267406536,-0.24964340936840557,0.041671819477510696,-1.0550776135377662,-0.7985943956029811,0.9455236432097698,-0.3439768350603787,-0.07174242491361499,Waste Management,Industrials,QRHC
2020Q2,2020,Q2,2020-08-13,2020-06-30,1209003.0,21969241.0,1320713.0,0.08,4374635.0,0.19912545,80847474.0,63429106.0,19328671.0,12804824.0,17418368.0,0.0,-98252057.0,20877215.400000002,21341740.400000002,4.101566777914261,1.5094835352676461,0.05477245955761092,0.06981361206635957,0.018899684938148642,4.101566777914261,0.01906069746592361,0.9502929755288315,4.317031347316757,0.32914251384845317,0.0,0.0,0.0,0.2717368881555904,1.3983611176537842,0.014954122128787845,15.26480466779267,0.19912544998709786,6.333333333333334,1.705760953573716,-0.5314702419706403,-0.2174778602505244,-0.037059888646219966,6.218710476675573,7.600990613660672,1.9549219525990242,-0.4754334124610396,-0.028135793853231176,Waste Management,Industrials,QRHC
2020Q1,2020,Q1,2020-05-14,2020-03-31,-231667.0,25331814.0,-200078.0,-0.015,4542998.0,0.1793396241,81683030.0,61789702.0,19909689.0,14358949.0,19893328.0,0.0,-99461060.0,18014142.509999998,19849014.509999998,4.013177496506882,1.3865700755675086,0.06347444505915122,0.08391017972541767,-0.0024107302610614635,4.013177496506882,-0.0037492817168789713,0.7111272216825845,-19.439694162310555,0.29153955961787936,0.0,0.0,0.0,0.31012333896036914,1.2908451725819208,-0.0028361704995517427,-321.3253631693482,0.1793396240790336,-7.521739130434782,0.8660836130679963,-0.4262431384007461,-0.24588558725837922,-0.02557737193618698,-7.732353026648456,-2.1326238324370226,0.8796453959510829,-0.40931606914548435,-0.06508423914752882,Waste Management,Industrials,QRHC
2019Q4,2019,Q4,2020-03-12,2019-12-31,34411.0,22959295.0,176650.0,0.0023,4662246.0,0.20306573,80655933.0,61644052.0,18420825.0,13336449.0,19011881.0,0.0,-99229393.0,33504420.000000004,35255999.0,4.010934478495673,1.3812391139500477,0.06400743017875697,0.08374820980295065,0.001010767832505797,4.010934478495673,0.0005582209294093776,1.4592965506998365,243.413588678039,0.5435142388109075,0.0,0.0,0.0,0.2846572365606384,1.2979805194021288,0.0004266394141147682,32.90692889210604,0.20306573002350464,-0.25806451612903225,1.0166687514553094,-0.5546906600576198,-0.25867937193658663,-0.022856654221426354,-0.2678354858614013,-0.1985827186034062,1.0241712807508498,-0.49358989016585414,-0.0896842925436321,Waste Management,Industrials,QRHC
2019Q3,2019,Q3,2019-11-14,2019-09-30,46999.0,23925431.0,220422.0,0.0031,4771302.0,0.1994238683,80294376.0,61241444.0,17544978.0,13529673.0,19052932.0,0.0,-99263804.0,38375000.0,42453316.0,3.989670618892508,1.2967776826535276,0.07655972069575583,0.1003783483616095,0.0014687285908757737,3.989670618892508,0.0007674378154767219,1.6039418474843776,204.12668354645845,0.6266181444056087,0.0,0.0,0.0,0.2979714419849281,1.205225950398062,0.0005853336477762777,60.08382770385053,0.19942386826803662,0.7222222222222222,1.0079047634381817,-0.593592013225817,-0.36262003830577777,0.004574514561829216,0.7341524610729836,0.12707470470931123,1.018441201254679,-0.4984158108272704,-0.14190106814985082,Waste Management,Industrials,QRHC
2019Q2,2019,Q2,2019-08-14,2019-06-30,27102.0,25445373.0,195570.0,0.0018,4749575.0,0.1866577079,82494007.0,60908969.0,19354377.0,15271226.0,21585038.0,0.0,-99310803.0,42184293.25,47019803.25,3.9706642412457627,1.267375454989665,0.08392265392078724,0.11366332600376144,0.0009262408564700634,3.9706642412457627,0.000444959099537541,1.6578374877821598,389.12527903844733,0.6925793350729677,0.0,0.0,0.0,0.308451170277133,1.177439584745848,0.00032853295633948295,134.73019415398176,0.18665770786696662,1.1682242990654206,1.0116846317730037,-0.5286261069308628,-0.10586769916516885,0.04550672541105849,1.1655063754946504,68.15487977369166,1.0124529966297267,-0.4745133223428509,-0.14857957397542246,Waste Management,Industrials,QRHC
2019Q1,2019,Q1,2019-05-15,2019-03-31,-163752.0,26649041.0,2828.0,-0.0107,4542845.0,0.1704693614,84437563.0,60582997.0,20945528.0,17087961.0,23854566.0,0.0,-99337905.0,25445924.2,30741709.2,3.9522154601089317,1.225747647715254,0.08717976619007822,0.12150681485764067,6.057494190039478e-05,3.9522154601089317,-0.0027029366011721077,0.9548532797108908,-38.84826475401827,0.42001758678264134,0.0,0.0,0.0,0.31560646770442674,1.1586319163532734,-0.0019393264582967655,5536.537032201914,0.17046936135525478,-16.833333333333336,0.9140347029441007,-0.4543230896351452,-0.10147301692356346,0.02859538391034454,-16.832081019274746,-0.9855071721048936,0.9350698769524574,-0.46889286124739993,-0.2180698246375423,Waste Management,Industrials,QRHC
2018Q4,2018,Q4,2019-03-14,2018-12-31,-9183.0,25260668.0,195131.0,-0.0006,4416552.0,0.1748390818,81587297.0,60542718.0,19799861.0,15849638.0,21044579.0,0.0,-99174153.0,20836560.0,23908851.0,3.9516166046602703,1.249231118086104,0.06366907828800848,0.08580037652092197,-0.0002931820899939881,3.9516166046602703,-0.00015167802674468628,0.824861797003943,-567.2590656648155,0.34416294293229455,0.0,0.0,0.0,0.30961520884801463,1.188298811619546,-0.00011255428648408342,25.444975924639174,0.17483908184850852,0.9883268482490272,0.9997277665184591,-0.4788037023763146,-0.12318528483925931,-0.01208015019157568,0.9865133192538046,1.3395035093274688,0.9970317736069,-0.478784546073495,-0.204866822868282,Waste Management,Industrials,QRHC
2018Q3,2018,Q3,2018-11-13,2018-09-30,-680894.0,25920215.0,-574754.0,-0.0514,4470557.0,0.1724737623,81764197.0,60227692.0,19646028.0,16600893.0,21536505.0,0.0,-99267127.0,44255676.870000005,48142296.870000005,3.933010230332514,1.1834319997123046,0.06035498642517091,0.08193700997209058,-0.010195247936129142,3.933010230332514,-0.011305331109151584,1.7073807786702389,-16.24910664141555,0.7348061232364674,0.0,0.0,0.0,0.3170117967403263,1.096399332252789,-0.008327532403944479,-4498.44245476723,0.17247376227396263,-0.2209026128266034,0.9468069591658104,-0.35177179399885244,-0.23186674255523507,0.00966150516127954,-0.2643285017695927,-0.32703319233824046,0.6403666029363034,-0.4574711229160366,-0.2353669742854338,Waste Management,Industrials,QRHC
2018Q2,2018,Q2,2018-08-14,2018-06-30,-538542.0,27928626.0,-433112.0,-0.0421,4427778.0,0.1585390559,83268073.0,60721780.0,20747068.0,17619723.0,22546293.0,0.0,-98586233.0,29697246.46,33540670.46,3.9667062519977483,1.1774911557917227,0.05913925737179002,0.0810979520033833,-0.007889292966359743,3.9667062519977483,-0.008869008780704386,1.06332644004757,-13.785947270593566,0.489070749572888,0.0,0.0,0.0,0.33540617662666455,1.0759950085480912,-0.006467568908433848,154.51703206135468,0.15853905594926151,0.5516506922257721,0.875572575737053,36.065579921173864,16.813604412029306,0.24802534058171383,0.5896882254656884,0.6355852770770896,0.6824046188084575,-0.39827778259946445,-0.24320738094885477,Waste Management,Industrials,QRHC
2018Q1,2018,Q1,2018-05-15,2018-03-31,-1312519.0,24695923.0,-1188514.0,-0.0939,3547827.0,0.1436604333,83407866.0,61059334.0,19817009.0,17238761.0,22348532.0,0.0,-98047691.0,33833728.004999995,37851110.004999995,3.990165891682086,1.1495610966472591,0.06115678585998112,0.08354098654269632,-0.01966138838779416,3.990165891682086,-0.021495796203738482,1.370012694200577,-6.444426329256948,0.5541123000948552,0.0,0.0,0.0,0.2960862588188025,1.059672734020734,-0.015736153710010997,19.587967380335797,0.1436604333435928,0.1463636363636364,0.8115515157256908,36.29825440244871,9.374913610208848,0.16240066444856174,0.22184943997685444,0.1932443751773348,0.23661825716530438,-0.4372007817455372,-0.2502096877682115,Waste Management,Industrials,QRHC
2017Q4,2017,Q4,2018-04-02,2017-12-31,-1686716.0,22505361.0,-1473202.0,-0.11,3052155.0,0.1356190198,83515798.0,62147730.0,18826571.0,14582581.0,21368068.0,0.0,-96735172.0,35171600.0,40879816.0,4.064068140204029,1.291031471040689,0.08098464197157046,0.10882934903656176,-0.02282277582385325,4.064068140204029,-0.027140428137922334,1.562809856727026,-5.213029342224773,0.5659353929741279,0.0,0.0,0.0,0.2694742975454776,1.1876194618771534,-0.020196370511840166,-451.7925728011921,0.1356190198415391,-0.3924050632911392,0.9499018439916532,-0.5347725861333144,-0.09823368376771123,-0.24199139510210244,-0.5613230252001273,-0.5445526077133167,0.17883758514106166,-0.5612970438925621,-0.2488589473746476,Waste Management,Industrials,QRHC
2017Q3,2017,Q3,2017-11-14,2017-09-30,-1080312.0,31930550.0,-953805.0,-0.079,4026544.0,0.1261031833,88459056.0,63537805.0,22629521.0,18146806.0,24921251.0,0.0,-95155213.0,17776764.2092,23391896.2092,4.15787303508518,1.247025013658051,0.07609049094984689,0.105935245953177,-0.015163191748142202,4.15787303508518,-0.017002664791457622,0.5567321643128602,-4.11380328303305,0.27978247295763525,0.0,0.0,0.0,0.360964173074603,1.1652642894843313,-0.012212565325137542,-21.94171945429478,0.12610318331503842,0.12026726057906463,0.6776995584662219,64.57312165235457,18.629506885660547,-0.09476421299078408,0.13620164825894954,0.15604577042937207,0.8174857172046145,-0.45517596370117236,-0.3357484341482595,Waste Management,Industrials,QRHC
2017Q2,2017,Q2,2017-08-14,2017-06-30,-1250653.0,41370594.0,-1130162.0,-0.0898,4448061.0,0.1075174555,100522589.0,64470395.0,33529300.0,29808528.0,36052194.0,0.0,-94074901.0,36968471.76,41737358.76,4.220308508095061,1.1248223998179312,0.06135548299497141,0.0956658013340852,-0.017540763846348218,4.220308508095061,-0.019398872924541566,0.8935929650901313,-7.389833902769193,0.5734177952531545,0.0,0.0,0.0,0.41155519780733063,1.0562446089253383,-0.012441512026714712,32.129007827043715,0.10751745551441684,0.3092307692307692,0.9398878906225966,81.41678714474648,17.745733253987886,0.06266711453521374,0.3449856286321223,0.37041029437734424,0.45855733973446655,-0.2304259542380665,-0.0496516634728243,Waste Management,Industrials,QRHC
2017Q1,2017,Q1,2017-05-15,2017-03-31,-1909352.0,42539822.0,-1795077.0,-0.13,4185752.0,0.0983960864,105223660.0,65558371.0,37107822.0,31522186.0,39665289.0,0.0,-92824248.0,35890551.25,41785114.25,4.292555184701991,1.1771969748544724,0.07624275756992296,0.12237250373411505,-0.025856061670835453,4.292555184701991,-0.0291244576531653,0.8436930283817361,-4.699310453232301,0.5474594731769646,0.0,0.0,0.0,0.40428000698702177,1.108440797855834,-0.01814565279329763,-16.093457766868614,0.09839608637760637,-0.40388768898488125,0.501356713723665,80.3295302929505,46.00293258456668,0.13935930242908048,-0.35005614179976186,-0.39684490006178536,-0.00605200349994308,-0.1257260556589668,-0.024097572936195924,Waste Management,Industrials,QRHC
2016Q4,2016,Q4,2017-03-31,2016-12-31,-1414276.0,45039413.0,-1285094.0,-0.0926,3673777.0,0.081568048,108069468.0,67272208.0,38827671.0,35711616.0,40797260.0,0.0,-90914896.0,37406600.0,40828426.0,4.406091695048468,1.0872560625651888,0.0439532098002,0.0706086531305766,-0.01869692623682769,4.406091695048468,-0.021023183897873547,0.8305303623739502,-6.612323195755285,0.556048346146153,0.0,0.0,0.0,0.416763530287759,1.0124624155904902,-0.013086730472292137,-18.43655076525294,0.0815680479672326,0.45529411764705885,0.4623216106763104,164.31675500616697,484.76062908714846,0.021908102242631955,0.4265319536562807,0.4511642368046685,0.9579277163489313,-0.06748854795465788,-0.022342898850591694,Waste Management,Industrials,QRHC
2016Q3,2016,Q3,2016-11-14,2016-09-30,-2466181.0,46157414.0,-2341491.0,-0.17,3595017.0,0.0778860142,107528847.0,69061117.0,37181514.0,34814745.0,38467730.0,0.0,-89565211.0,30004423.5,31380648.5,4.649429652931008,1.0679817990911609,0.03022444758474905,0.04705976591719477,-0.03322060483695162,4.649429652931008,-0.035710123252133325,0.6500455918089345,-3.0415877322061924,0.4344618911970393,0.0,0.0,0.0,0.4292561046432498,0.9788549937677269,-0.02293506411353969,47.6765456443568,0.07788601415148605,-0.21428571428571425,-0.12456190379634346,276.93034833653326,29.791408076542485,-0.01628364389800483,-0.17136873843441386,-0.17613454850123264,0.8013733647575526,0.1900577074395578,-0.09194704935607599,Waste Management,Industrials,QRHC
2016Q2,2016,Q2,2016-08-15,2016-06-30,-2105384.0,46843675.0,-1990836.0,-0.14,3654526.0,0.0780153564,110203261.0,69205567.0,39367384.0,36609258.0,40997694.0,0.0,-87161375.0,34439722.7928,36414379.7928,4.66357644223483,1.0753395766721086,0.03629656657800716,0.05779881841008542,-0.027955638560007094,4.66357644223483,-0.03042217687487482,0.7352053995080446,-4.089482345358377,0.4976438209486818,0.0,0.0,0.0,0.4250661420990074,1.0268507763801167,-0.019104552632067756,-14.457095910758198,0.07801535639550057,0.12499999999999993,0.42976267543649593,368.67813595291636,31.564204830664586,0.04823540885049163,0.08483171146985734,0.08984820562804505,0.4982118831918867,63.13051244721739,19.943095003667406,Waste Management,Industrials,QRHC
2016Q1,2016,Q1,2016-05-16,2016-03-31,-2300543.0,45770896.0,-2187367.0,-0.16,3486360.0,0.0761698001,111058595.0,70676128.0,40001618.0,36558170.0,40382467.0,0.0,-85113265.0,46982853.12,46572797.12,5.054435273938511,1.094190929141147,0.03151489535771635,0.0495216715890265,-0.030232475403113728,5.054435273938511,-0.03255049569212394,1.026478772012678,-5.1056264890506275,0.6647626921497454,0.0,0.0,0.0,0.4121328565339765,1.0677144944618397,-0.02071467768883624,-32.636772365042845,0.07616980012801147,0.20000000000000004,0.005221820979931612,2275.806770781376,27.13261205976673,0.019384432572022044,0.18523981763596112,0.19410695173374254,0.638524883166292,74.6508235984859,12.142142642444904,Waste Management,Industrials,QRHC
2015Q4,2015,Q4,2016-03-16,2015-12-31,-2823583.0,44232404.0,-2714215.0,-0.2,3420064.0,0.0773203283,109009366.0,69492036.0,37235436.0,35176188.0,39517330.0,54473.0,-82869310.0,77521707.64799999,78531976.64799999,4.9697543987724515,1.0585409652688915,0.03669409470742174,0.057560552694124544,-0.037661482472265084,4.9697543987724515,-0.04063174951443357,1.7525999185574446,-6.86377092934757,1.1155480845028054,0.0,749.2214491582986,0.0,0.4057670053782351,1.0316219597188871,-0.025902205504066505,-25.050946676137038,0.07732032832762153,-0.6666666666666669,0.2481907813597953,0.0,82.10470041608558,-0.027990783706133577,-0.6354262235072794,-0.7167753745107515,0.9082841247643217,-3.6753136683248194e-05,0.1027268643520477,Waste Management,Industrials,QRHC
2015Q3,2015,Q3,2015-11-16,2015-09-30,-1726512.0,43567822.0,-1580996.0,-0.12,3518551.0,0.0807603143,109044384.0,71827918.0,36110222.0,34110690.0,37216466.0,0.0,-80100411.0,62571535.65360001,60517415.65360001,5.143657281422065,1.0586189256212641,0.027511733203976832,0.04176648973731913,-0.02205798327454282,5.143657281422065,-0.024036781909786108,1.4361869099997702,-9.060396865703801,0.8711311339081275,0.0,0.0,0.0,0.3995420983807841,1.0213715407105515,-0.015833112505821482,7.133847818204331,0.08076031434392107,-0.09090909090909087,0.33226027843424527,0.0,210.82120130093932,0.02983718652031883,-0.1164191033403105,-0.0813918731929732,0.4363350485866454,96.90954655473188,22.80926177762679,Waste Management,Industrials,QRHC
2015Q2,2015,Q2,2015-08-14,2015-06-30,-1546473.0,42330214.0,-1462001.0,-0.11,3416609.0,0.0807132466,106578552.0,73175306.0,33598736.0,26118014.0,33403246.0,0.0,-78446657.0,120621614.4,127329816.4,5.241470585391204,1.2864200164683273,0.06802494370537142,0.09907713949293222,-0.01868878306351726,5.241470585391204,-0.02113380981283495,2.8495394424417513,-19.499469825855353,1.648392347002963,0.0,0.0,0.0,0.3971738516394931,1.242294341369141,-0.014510170864396807,-25.000614415764066,0.08071324657134972,0.0,0.8125184696076603,0.0,131.6557024878921,0.039849638247958716,0.013500574431453199,0.005741126993701898,0.9186659837571752,91.27395282272634,21.797595273716844,Waste Management,Industrials,QRHC
2015Q1,2015,Q1,2015-05-15,2015-03-31,-1567637.0,40008609.0,-1470443.0,-0.11,3285676.0,0.0821242248,106246335.0,74249565.0,32685414.0,31952643.0,31996770.0,0.0,-76942420.0,140638206.24,142576669.24,5.3217090519683525,1.0229330324881105,0.049413469179901595,0.07070748495294214,-0.01908796971229626,5.3217090519683525,-0.02111307992174769,3.515198597381879,-22.428375676256685,1.894128352671157,0.0,0.0,0.0,0.3765646033813778,0.999397733702342,-0.014754739539956837,864.7581132980392,0.08212422481371447,0.15384615384615388,0.8489515544114944,0.0,8.757403345642187,-0.08098403143199101,0.16339820099636304,0.18373796445611415,0.5518545813821023,82.72892746604825,57.27203636095184,Waste Management,Industrials,QRHC
2014Q4,2014,Q4,2015-03-31,2014-12-31,-1873815.0,46798209.0,-1801435.0,-0.13,3575211.0,0.0763963211,107676815.0,75477513.0,33470415.0,32154096.0,32199302.0,30759.0,-75423380.0,160705440.0,162800900.0,5.410525927187033,1.0409378326170327,0.04875701421889197,0.06955714081358245,-0.02275447625666154,5.410525927187033,-0.02482613596449581,3.4340083399345476,-21.440942675771087,2.129183032302614,0.0,1405.2146688774017,0.0,0.4346173222155577,1.019664275431659,-0.01740221420925201,-45.4481782458502,0.07639632106433816,0.75,-4.877081055579673,0.0,18.622267672009524,-0.07169927428044712,0.6050874562634382,-2.041680033769523,0.22031501058419625,186.99982068853555,595.4970000593212,Waste Management,Industrials,QRHC
2014Q3,2014,Q3,2014-11-14,2014-09-30,-4744886.0,46981143.0,-592250.0,-0.52,3851350.0,0.081976507,110126074.0,76678403.0,35294290.0,33407451.0,33447671.0,0.0,-73585755.0,168559353.28,167119859.28,6.259485485372883,1.056479585946261,0.04767263382148718,0.06846777964324582,-0.00975572689532578,6.259485485372883,-0.061880344586728024,3.5878086933729985,-8.881106589283705,2.1982637442253457,0.0,0.0,0.0,0.4266123479531287,1.0394803841813611,-0.043085945295752576,-99.95946886543551,0.0819765070424106,-1.3636363636363638,-38.72051829932316,0.0,19.955080998548528,0.09765255941277647,-1.5974553632036017,0.36745093138778434,-1.6235158779177692,342.0185256037642,40.45419681913209,Waste Management,Industrials,QRHC
2014Q2,2014,Q2,2014-08-14,2014-06-30,-1826744.0,42514265.0,-936291.0,-0.22,3508715.0,0.0825302989,103459691.0,53650138.0,28143110.0,31533391.0,49809553.0,0.0,-68840869.0,503543707.44,523889410.44,4.4408016996348785,0.8924859999991754,0.22755316367608328,0.4388167650193183,-0.018032093768306733,4.4408016996348785,-0.0340491948035623,11.844111792594791,-68.91273591701957,9.385692678740174,0.0,0.0,0.0,0.41092588416874354,0.8694607566943878,-0.01765657699480274,-657.1181280218611,0.0825302989478943,-0.09999999999999995,-1.9647008633537428,0.0,11.975028456117139,0.052904575210470484,-0.2273016474483396,-0.5275011583213151,0.39226467561089146,411.1164500637572,30.008642819624196,Waste Management,Industrials,QRHC
2014Q1,2014,Q1,2014-05-15,2014-03-31,-1488423.0,38160050.0,-612956.0,-0.2,3332415.0,0.0873273227,99076408.0,52684463.0,23228649.0,28568250.0,46391945.0,7584.0,-67014125.0,203141622.4,224649373.4,4.398549553377989,0.8130931716153422,0.22800502618140941,0.42877762652719836,-0.012924752250989597,4.398549553377989,-0.02825164982700877,5.323410802658802,-34.12027736738817,3.855816512735453,0.0,4592.251450421941,0.0,0.3851577865035236,0.7937265320766935,-0.015022981051149936,-56.571795088869976,0.08732732268432562,0.9090909090909091,0.6523547864589024,0.0,23.41600495050312,0.8100690749754351,0.9435586530824258,-1.0286925464239405,0.2486378599170913,2215.0152034172015,23.482000758597216,Waste Management,Industrials,QRHC
2013Q4,2013,Q4,2014-03-31,2013-12-31,-26371146.0,37890424.0,21362900.0,-2.2,1841043.0,0.0485886091,100646543.0,53980890.0,23930912.0,29289520.0,46665653.0,3251.0,-65525702.0,201225192.0,218715437.0,4.50678636698729,0.8170469164397368,0.2003767680326586,0.3735994163860581,2.5812873193919343,4.50678636698729,-0.4885274399884848,5.31071365155481,-1.9076265400070214,3.7277116401748844,0.0,11088.705321439556,0.0,0.3764701982858964,0.803226683127617,-0.2620174048104166,-133.30841864467752,0.04858860909025457,-0.9298245614035091,-677.8540486521191,0.0,489.44439876038166,-0.30934426752249455,-1.8506111198188313,7.649772643511001,-7.1971547096760915,0.0,74.54921970069348,Waste Management,Industrials,QRHC
2013Q3,2013,Q3,2013-11-14,2013-09-30,-9251050.0,28898614.0,-3212576.0,-1.14,2665645.0,0.092241275,99190021.0,56666448.0,21706460.0,25642186.0,42523573.0,0.0,-62584229.0,205407102.07999998,220944364.07999998,5.120218649841925,0.8465136318721033,0.19323750319601202,0.33824657582208084,-0.05795181005304593,5.120218649841925,-0.1632544534995382,7.107853064510291,-5.550913195799396,3.6248452008144216,0.0,0.0,0.0,0.29134598126559524,0.8321964827803683,-0.09326593448346987,-187.68683704704068,0.0922412749621833,-2.677419354838709,-256.73537005574343,0.0,410.84367400902437,8.085794823202198,-3.0061310665968595,-0.5152531084947443,-3.5145286047777398,0.0,209.85597387101558,Waste Management,Industrials,QRHC
2013Q2,2013,Q2,2013-08-14,2013-06-30,-2309223.0,402014.0,-2120158.0,-0.31,293386.0,0.7297905048,4619452.0,1818675.0,391791.0,1693856.0,2800777.0,3405.0,-53333179.0,169879195.20000002,170852173.20000002,0.22267847428559046,0.23130124402546615,0.25229789161138594,0.6408390724016111,-0.7600940841595473,0.22267847428559046,-1.2697282362159263,422.5703463063476,-18.39138047732939,93.40822038022186,0.0,31.90249632892805,0.0,0.0870263399208391,0.21142706345757845,-0.49989111262548025,-154.2561339532181,0.7297905048082902,0.5079365079365079,-2.8039041390002932,0.0,-0.34938334655703296,0.07154962088562287,0.2997270139167711,-0.060086420604944235,0.5214618604858461,0.0,4.6357407628344625,Waste Management,Industrials,QRHC
2013Q1,2013,Q1,2013-05-15,2013-03-31,-3297604.0,313489.0,-1999986.0,-0.63,273796.0,0.8733831171,5125059.0,2786462.0,478952.0,1439899.0,2338597.0,2910.0,-51023955.0,175042534.08,175754617.08,0.3845975052511077,0.33262888577601624,0.20023340219107721,0.3682835079035709,-0.7207899752399498,0.3845975052511077,-1.1834376352521585,558.3689828989216,-13.270433175117448,62.81892022213115,0.0,13.64020618556701,0.0,0.06116788118927021,0.2979195068543002,-0.6434275195661162,-183.60263996299472,0.8733831171109672,0.0,-0.27331187650342115,0.0,1.1348707064015284,0.0,0.0,0.0,0.38812123594487946,0.0,-0.2948368751811437,Waste Management,Industrials,QRHC
2012Q3,2012,Q3,2012-11-14,2012-09-30,-235938.0,34276.0,-213508.0,-0.22,27101.0,0.7906698565,37546.0,-253689.0,21471.0,247615.0,291235.0,4415.0,-3959863.0,18501162.8,18683215.8,-0.2358473814413438,0.08671122508733316,5.303068236296809,-0.7848546842787822,4.107059463346453,-0.2358473814413438,0.9300284994619397,539.7701832185786,-19.603839568022106,-72.9285179885608,0.0,1.6251415628539072,0.0,0.9129068342832791,0.06888112594148174,-6.283971661428647,-128.46602321964227,0.7906698564593302,0.8382352941176471,-66.63130909804221,0.0,-19.970332855064612,0.16094071281699796,0.8232543087464913,0.840451471789365,-21.493180199078868,0.0,-1.7895538687561183,Waste Management,Industrials,QRHC
2012Q2,2012,Q2,2012-10-15,2012-06-30,-1334901.0,32207.0,-1338201.0,-1.36,23344.0,0.7248113764,73651.0,-247019.0,58845.0,253790.0,320670.0,7490.0,-3735140.0,29012292.0,29097460.0,-0.2520229149768657,0.2318649276961267,1.8536476083148905,-0.552682182342249,,-0.2520229149768657,5.4040417943559,900.8070295277424,-5.433416410655172,-117.44963747727907,0.0,1.1833110814419225,0.0,0.4372920937937027,0.2023523385476181,-18.124682624811612,-133.93111471187004,0.7248113764088552,-4.91304347826087,-9.689267557312766,0.0,-1.7363545401469473,-0.22671260103352325,-4.432190250631768,-4.9142561663874975,-9.689267557312766,0.0,-1.7363545401469473,Waste Management,Industrials,QRHC
2012Q1,2012,Q1,2012-05-21,2012-03-31,-245739.0,33568.0,-226267.0,-0.23,30188.0,0.8993088656,439460.0,89512.0,158400.0,271948.0,349948.0,7490.0,-2378895.0,25875828.0,26093714.0,0.09132526309882721,0.5824642946445644,0.5298821280662631,2.601461256591295,,0.09132526309882721,-2.745319063365806,770.8480695900857,-26.324502826169226,289.0766377692376,0.0,0.4512683578104139,0.0,0.07638465389341464,0.05506935149366791,-0.5591839985436672,-260.6007271408861,0.8993088655862727,-0.43750000000000006,0.29859847065831174,0.0,-0.493060598984379,1.4400258648561268,-0.4655935397681187,-0.402710359748802,0.29859847065831174,0.0,-0.493060598984379,Waste Management,Industrials,QRHC
2011Q4,2011,Q4,2012-02-14,2011-12-31,-167672.0,17367.0,-161307.0,-0.16,12372.0,0.7123855588,287346.0,8828.0,22486.0,253518.0,278518.0,100.0,-2133156.0,15182934.0,15306291.0,0.009070499812486836,0.08869587169352866,0.44763455903336047,14.570231082917989,,0.009070499812486836,-18.99320344358858,874.2404560373121,-22.63784949186507,1719.8611236973265,0.0,49.95,0.0,0.06043933098076883,0.020783534108031777,-0.5835195200211591,-182.06703280890252,0.7123855588184488,-0.23076923076923075,-52.119003217691656,0.0,-0.012916196876432563,0.5494051346274265,-0.17212982963879508,-0.288868114482957,-52.119003217691656,0.0,-0.012916196876432563,Waste Management,Industrials,QRHC
2011Q3,2011,Q3,2011-11-14,2011-09-30,-143049.0,10833.0,-125154.0,-0.13,7985.0,0.7370996031,275674.0,146301.0,20514.0,104373.0,129373.0,2036.0,-1965484.0,18215244.8,18278083.8,0.1509976302926217,0.19654508349860597,0.24485442950731662,0.4613775708983534,,0.1509976302926217,-0.9777718539176082,1681.4589495061387,-31.833925438136582,124.50526517248687,0.0,1.3988212180746562,0.0,0.03929641533115201,0.04465714313088634,-0.5189063894309945,-198.84987172909186,0.7370996030647097,0.48,-44.522713480084555,0.0,11.145461567015223,1.302479815455594,0.37378959533523615,0.322642448908902,-44.522713480084555,0.0,11.145461567015223,Waste Management,Industrials,QRHC
2011Q2,2011,Q2,2011-09-28,2011-06-30,-228436.0,7840.0,-184768.0,-0.25,3468.0,0.4423469388,320417.0,131489.0,84327.0,184657.0,188928.0,3522.0,-1822435.0,10650470.4,10663477.4,0.1432117402063293,0.4566683093519336,0.24739948254930294,0.602871723109918,,0.1432117402063293,-1.7373012191133859,1358.4783673469387,-11.655858095921833,80.99894591943053,0.0,1.2413401476433845,0.0,0.02446811498765671,0.358849109429916,-0.7129334585867791,-72.2501740032969,0.4423469387755102,-0.923076923076923,-2.587370068250441,0.0,-0.5815673542504822,10.333333333333334,-0.5043529799143892,-0.4479002593820282,-2.587370068250441,0.0,-0.5815673542504822,Waste Management,Industrials,QRHC
2011Q1,2011,Q1,2011-05-05,2011-03-31,-151850.0,1320.0,-127611.0,-0.13,306.0,0.2318181818,461839.0,164958.0,235574.0,229716.0,296881.0,0.0,-1633187.0,25708032.0,25674022.0,0.1796646277708072,1.0255010534747253,0.38902084925699215,1.089156027594903,,0.1796646277708072,-0.9205373489009323,19475.78181818182,-42.324715179453406,155.84592441712437,0.0,0.0,0.0,0.0028581388752357425,0.9301702972365878,-0.32879423348829356,-232.2147631607472,0.2318181818181818,0.5185185185185185,0.5373133739441054,0.0,-0.0026956868739956307,0.0,0.3728705061226176,0.4816459166886691,0.5373133739441054,0.0,-0.0026956868739956307,Waste Management,Industrials,QRHC
2010Q4,2010,Q4,2011-03-08,2010-12-31,-242135.0,0.0,-246185.0,-0.27,0.0,0.0,276065.0,-55240.0,65500.0,198664.0,331305.0,0.0,-1481337.0,13342170.4,13537928.4,-0.06127578763347229,0.3297024121129143,0.8879829025772916,-4.437744388124547,,-0.06127578763347229,4.383327299058653,0.0,-13.775549177111941,-241.53096307023898,0.0,0.0,0.0,0.0,0.24857548423468773,-0.8770941626066325,-141.16458128339417,0.0,-0.42105263157894746,-81.81581508407858,0.0,-7.66824747776022,0.0,-0.4606948306960975,-0.4802777944801876,-81.81581508407858,0.0,-7.66824747776022,Waste Management,Industrials,QRHC
2010Q3,2010,Q3,2010-11-15,2010-09-30,-165767.0,0.0,-166310.0,-0.19,0.0,0.0,211735.0,21740.0,49870.0,189995.0,189995.0,0.0,-1230007.0,11459532.8,11561134.8,0.024283014400028596,0.26248059159451564,0.6352279972607269,6.186752529898804,-1.0524650943560598,0.024283014400028596,-7.624977000919963,0.0,-17.282590624189375,527.1174241030359,0.0,0.0,0.0,0.0,0.17315192505065924,-0.7828984343637093,-122.67862243204763,0.0,0.6779661016949152,-56.09020644657812,0.0,0.9531989843501262,0.0,0.6866218750472618,-2.888341357071487,-56.09020644657812,0.0,0.9531989843501262,Waste Management,Industrials,QRHC
2010Q2,2010,Q2,2010-10-13,2010-06-30,-528968.0,0.0,88072.0,-0.59,0.0,0.0,173468.0,35374.0,51703.0,138094.0,138094.0,0.0,-1067160.0,10027091.2,10020282.2,0.03951183769027652,0.37440439121178326,0.2161782000138354,1.0601006388873184,,0.03951183769027652,-14.95358172669192,0.0,-4.738987613617459,283.45935432803753,0.0,0.0,0.0,0.0,0.32086115254826425,-3.04936933613116,109.34787947523964,0.0,0.1323529411764707,-4.7696141436746196,0.0,-0.8845552553209096,0.0,-1.202271516120437,1.3963350973827267,-4.7696141436746196,0.0,-0.8845552553209096,Waste Management,Industrials,QRHC
2010Q1,2010,Q1,2010-05-25,2010-03-31,-240192.0,0.0,-222216.0,-0.68,0.0,0.0,248877.0,176112.0,232877.0,72765.0,72765.0,0.0,-499969.0,3358191.2,3276208.2,0.5454021796019238,3.200398543255686,0.15067684036692824,0.21293267920414283,,0.5454021796019238,-1.3638593622240391,0.0,-3.4953195776711965,19.068497319887342,0.0,0.0,0.0,0.0,2.947612176183605,-0.9651032437710194,-9.866325076608035,0.0,-28.694323144104803,-1.0809872009036026,0.0,2.027484891456765,0.0,-32.887133182844245,-30.351015801354404,-1.0809872009036026,0.0,2.027484891456765,Waste Management,Industrials,QRHC
2009Q4,2009,Q4,2010-02-16,2009-12-31,-7088.0,0.0,-7088.0,-0.0229,0.0,0.0,102302.0,85512.0,102302.0,16790.0,16790.0,0.0,-71888.0,3721500.0,3721497.0,0.27573397823458284,6.093031566408577,0.0,0.0,,0.27573397823458284,-0.08288895125830292,0.0,-131.26058126410837,43.52020769014875,0.0,0.0,0.0,0.0,6.093031566408577,-0.06928505796563117,-515.3718321562111,0.0,-1.336734693877551,-6.047050920327824,0.0,29.006344690234013,0.0,-1.3446907045980814,-1.3446907045980814,-6.047050920327824,0.0,29.006344690234013,Waste Management,Industrials,QRHC
2009Q3,2009,Q3,2009-11-16,2009-09-30,-3023.0,0.0,-3023.0,-0.0098,0.0,0.0,109523.0,92600.0,109523.0,16923.0,16923.0,0.0,-64800.0,3720000.0,3719997.0,0.29870967741935484,6.471843053832063,0.0,0.0,,0.29870967741935484,-0.032645788336933046,0.0,-307.6414158121072,40.172786177105834,0.0,0.0,0.0,0.0,6.471843053832063,-0.027601508358974826,-2480.0,0.0,-1.06125,-2.006747311827957,0.0,23.026647966339414,0.0,-1.0690324495900985,-1.0690324495900985,-2.006747311827957,0.0,23.026647966339414,Waste Management,Industrials,QRHC
2009Q2,2009,Q2,2009-09-25,2009-06-30,43791.0,0.0,43791.0,0.16,0.0,0.0,109773.0,95623.0,109773.0,14150.0,14150.0,0.0,-61777.0,3352668.0,3352665.0,0.3422575691956376,7.757809187279152,0.0,0.0,,0.3422575691956376,0.45795467617623375,0.0,19.14016578749058,35.06131370067871,0.0,0.0,0.0,0.0,7.662402826855124,0.39892323248886336,88.23042711650307,0.0,1.4444444444444446,0.0,0.0,0.0,0.0,1.4384888052228941,1.4384888052228941,0.0,0.0,0.0,Waste Management,Industrials,QRHC
2009Q1,2009,Q1,2009-03-31,2009-03-31,-99868.0,0.0,-99868.0,-0.36,0.0,0.0,50582.0,50332.0,18249.0,250.0,250.0,0.0,-105568.0,3352668.0,3345044.0,0.18015025645247307,72.996,0.0,0.0,,0.18015025645247307,-1.984185011523484,0.0,-8.392748427924861,66.61106254470317,0.0,0.0,0.0,0.0,30.496,-1.9743782373176229,-31.078905409915087,0.0,-111.5,0.0,0.0,0.0,0.0,-165.44666666666666,-165.44666666666666,0.0,0.0,0.0,Waste Management,Industrials,QRHC
2008Q4,2008,Q4,2009-02-17,2008-12-31,-600.0,0.0,-600.0,-0.0032,0.0,0.0,1700.0,1700.0,1700.0,0.0,0.0,0.0,-5700.0,2220000.0,2219500.0,0.009189189189189189,0.0,0.0,0.0,,0.009189189189189189,-0.35294117647058826,0.0,-925.0,1305.8823529411766,0.0,0.0,0.0,0.0,0.0,-0.35294117647058826,0.0,0.0,0.0,0.0,0.0,0.0,0.0,0.0,0.0,0.0,0.0,0.0,Waste Management,Industrials,QRHC
2008Q3,2008,Q3,2008-11-10,2008-09-30,-600.0,0.0,-600.0,-0.0032,0.0,0.0,2300.0,2300.0,2300.0,0.0,0.0,0.0,-5100.0,2220000.0,2219500.0,0.012432432432432432,0.0,0.0,0.0,,0.012432432432432432,-0.2608695652173913,0.0,-925.0,965.2173913043479,0.0,0.0,0.0,0.0,0.0,-0.2608695652173913,0.0,0.0,0.0,0.0,0.0,0.0,0.0,0.0,0.0,0.0,0.0,0.0,Waste Management,Industrials,QRHC
