Quarters,Year,Quarter,FillingDate,Date,NetIncome,Revenue,OperatingIncome,EPSDiluted,GrossProfit,GrossProfitRatio,TotalAssets,CommonStockEquity,CurrentAssets,CurrentLiability,TotalLiability,Inventory,RetainedEarnings,MarketCap,EnterpriseValue,bookValuePerShare,currentRatio,debtToAssets,debtToEquity,roic,shareholdersEquityPerShare,roe,priceToSalesRatio,peRatio,pbRatio,payoutRatio,inventoryTurnover,dividendYield,assetTurnover,quickRatio,returnOnAssets,priceToFreeCashFlowsRatio,grossProfitMargin,epsdilutedGrowth,fiveYNetIncomeGrowthPerShare,fiveYRevenueGrowthPerShare,fiveYShareholdersEquityGrowthPerShare,grossProfitGrowth,netIncomeGrowth,operatingIncomeGrowth,threeYNetIncomeGrowthPerShare,threeYRevenueGrowthPerShare,threeYShareholdersEquityGrowthPerShare,Industry,Sector,Symbol
2023Q1,2023,Q1,2023-04-28,2023-04-01,35996000.0,695880000.0,56354000.0,0.95,309467000.0,0.4447131689,2283327000.0,797893000.0,1042718000.0,410635000.0,1485434000.0,613921000.0,827927000.0,2668557581.84,3644037581.84,21.50392592257004,2.539281843973358,0.496278018873337,1.420196693040295,0.017108145619317793,21.50392592257004,0.045113818519525804,3.8347956283267233,18.533709174908324,3.344505568841938,0.7912823647071897,0.6294181173147685,0.010673556453805527,0.3047658088394698,0.9293508833879236,0.01576471525979415,94.06265709693339,0.44471316893717305,-0.5497630331753555,0.06843496675548255,0.16065032272110355,0.1766272799039917,-0.2552815672760613,-0.5510545155215206,-0.4855724027129908,1.5344797725325607,0.24239951136642515,0.30211418873967527,Apparel Retail,Consumer Cyclical,CRI
2022Q4,2022,Q4,2023-02-24,2022-12-31,80179000.0,912129000.0,109547000.0,2.11,415549000.0,0.4555813925,2439715000.0,796409000.0,1188720000.0,528949000.0,1643306000.0,744573000.0,830370000.0,2794373254.2599998,3763422254.2599998,21.26418702276604,2.2473244112381345,0.48398972830842946,1.4826515019292852,0.03440454398800166,21.26418702276604,0.10067565785921555,3.063572426992234,8.712921258247173,3.5087163181983123,0.35609074695369114,0.6669325908943784,0.010217317946510627,0.37386702955058276,0.775755318565684,0.032864084534464065,9.558674190785354,0.45558139254425634,0.26347305389221554,-0.2603124800466342,0.11144694620767423,0.16316281225344842,0.12150498747732964,0.2343396400695845,0.19614994049113918,-0.2526567964844129,-0.033198240260945915,0.055526720419406726,Apparel Retail,Consumer Cyclical,CRI
2022Q3,2022,Q3,2022-10-28,2022-10-01,64957000.0,818624000.0,91583000.0,1.67,370528000.0,0.452622938,2611567000.0,788202000.0,1360146000.0,565619000.0,1823365000.0,899326000.0,828392000.0,2504697555.03,3705174555.03,20.62160237920676,2.4047035195069473,0.5062577372129453,1.6773948810076604,0.02728958777052624,20.62160237920676,0.0824116152965864,3.059643444401826,9.63982925254399,3.177735599541742,0.4480194590267408,0.49825758401291637,0.011618967703927603,0.31346084553833004,0.6846340027474325,0.024872806250040683,-18.631429214558818,0.45262293800328357,0.7956989247311826,-0.025414477307531342,0.06842515878955195,0.2636164989024,0.11861224070837069,0.7570192047606167,0.2143387520220637,0.24512335416668915,0.0022646135668850167,0.1200747099838624,Apparel Retail,Consumer Cyclical,CRI
2022Q2,2022,Q2,2022-07-29,2022-07-02,36970000.0,700695000.0,75418000.0,0.93,331239000.0,0.4727292188,2573887000.0,820866000.0,1354999000.0,647089000.0,1753021000.0,858258000.0,852676000.0,2785614247.2,3713577247.2,20.863374337784727,2.093991707477642,0.4504090505915761,1.4122914093165024,0.02347080405318543,20.863374337784727,0.04503780154129907,3.9755018191938003,18.83699112253178,3.393506671247195,0.808412226129294,0.43047195598526317,0.010729051960457679,0.27223223086328185,0.6417339809516156,0.014363489927879506,45.25701040113076,0.4727292188470019,-0.4464285714285714,0.1858825198972651,0.2315932734012039,0.33162012491446463,-0.06704277240439159,-0.4557873198592731,-0.2650965183243522,-0.043907020514442764,0.084143801062372,0.1266189129818392,Apparel Retail,Consumer Cyclical,CRI
2022Q1,2022,Q1,2022-04-29,2022-04-02,67933000.0,781284000.0,102623000.0,1.68,355042000.0,0.454433983,2961281000.0,915290000.0,1712078000.0,1037678000.0,2045991000.0,679729000.0,940999000.0,3592566542.95,4448463542.95,22.7283252582293,1.6499125933092924,0.5261787044187971,1.7023708332878105,0.025961071156661807,22.7283252582293,0.07422019250729277,4.598285057610292,13.22099179688075,3.925058225207311,0.45004636921672825,0.6270763789686772,0.008510072015227112,0.2638331181674417,0.9328134546554905,0.022940409910440787,-20.95291902408156,0.4544339830330584,-0.28205128205128205,0.7468622879005161,0.2794107000377181,0.42272862964835756,-0.27957940530734987,-0.2994647994802677,-0.2559129337722415,1.205940818249781,0.17994363814563813,0.20600292809464063,Apparel Retail,Consumer Cyclical,CRI
2021Q4,2021,Q4,2022-02-25,2022-01-01,96973000.0,1062093000.0,137918000.0,2.34,492826000.0,0.4640139799,3201797000.0,950186000.0,1913521000.0,731030000.0,2251611000.0,647742000.0,978672000.0,4183932951.24,4780406951.24,22.987420697431492,2.6175683624475057,0.4937127494341459,1.6636405924734736,0.03471613494483196,22.987420697431492,0.10205686044627052,3.9393282426680147,10.786334730388871,4.403277833224232,0.2576077877347303,0.8788483686406008,0.005970697975118443,0.3317177822329148,1.6629249141622096,0.0302870544259989,16.59237369622462,0.46401397994337595,0.21243523316062174,0.3148203195547444,0.34288794795414473,0.4240740139401549,0.20559908606319766,0.1411810393522877,0.11196394449774653,-0.18354843425357237,0.07467605788725218,0.2013481838010389,Apparel Retail,Consumer Cyclical,CRI
2021Q3,2021,Q3,2021-10-29,2021-10-02,84976000.0,890586000.0,124031000.0,1.93,408781000.0,0.45900227490663453,3294256000.0,1054874000.0,1982785000.0,674465000.0,2239382000.0,722396000.0,1087134000.0,4303984259.79,4969858259.79,24.38424676421114,2.93978931449371,0.4883952552564221,1.525204905988772,0.029647318371120817,24.38424676421114,0.08055559242146455,4.832755354103927,12.662352487143428,4.080093224204976,0.2064935981924308,0.6669541359586708,0.0040769201142143935,0.27034510979110304,1.7854254853847122,0.02579520231578845,-85.4626448996247,0.45900227490663453,0.1913580246913579,0.20384901562537605,0.13107781468172394,0.5560018111341184,0.1086879283550353,0.18676591762914962,0.15289732483129148,0.2587105496657863,0.02475522299694345,0.3824620273694586,Apparel Retail,Consumer Cyclical,CRI
2021Q2,2021,Q2,2021-07-30,2021-07-03,71603000.0,746400000.0,107582000.0,1.62,368707000.0,0.49398043944265807,3315926000.0,1097504000.0,1971024000.0,628336000.0,2218422000.0,619617000.0,1092806000.0,4506196301.6,5018883301.6,25.261463829168218,3.136894909729826,0.49264911219369795,1.4884574452576027,0.024492172499104486,25.261463829168218,0.06524167565676298,6.037240489817792,15.73326641900479,4.105858658920606,0.2457438934122872,0.6095588081024246,0.003904845422236099,0.22509549368713294,2.0448581650581854,0.0215936664449086,56.17858053159129,0.49398043944265807,-0.17346938775510198,1.2830439787189343,0.34715761781969046,0.6521411569259464,-0.05932493111541994,-0.16930019954522252,-0.15619313547091673,1.0535844059938024,0.14592688648459046,0.4476452714282972,Apparel Retail,Consumer Cyclical,CRI
2021Q1,2021,Q1,2021-04-30,2021-04-03,86196000.0,787361000.0,127496000.0,1.96,391960000.0,0.49781485239934414,3310473000.0,1029609000.0,1917875000.0,656859000.0,2280864000.0,560683000.0,1038799000.0,3895993933.52,4522275933.52,23.739712650536962,2.919766647027749,0.50747189298931,1.6316601739106786,0.02853433291839291,23.739712650536962,0.08371721692409449,4.948167274630062,11.299810703280894,3.783954815391085,0.0,0.7052131061580251,0.0,0.2378394265713691,1.96983218620739,0.02603736686570167,-76.10106325852134,0.49781485239934414,-0.14146829498858746,0.8842220143471848,0.2831049776503523,0.43148654463179803,-0.1587920566413921,-0.12945644050336316,-0.04758489833116699,1.1888247433163703,0.12349454569597344,0.29896250676654584,Apparel Retail,Consumer Cyclical,CRI
2020Q4,2020,Q4,2021-02-26,2021-01-02,99014000.0,989897000.0,133866000.0,2.2829675229919966,465949000.0,0.4707045278448162,3392580000.0,938033000.0,1946024000.0,792532000.0,2454547000.0,599262000.0,952603000.0,4079885888.08,4706741888.08,21.628243223127555,2.4554516410693825,0.5096943918787471,1.8434095602180307,0.03217096289201933,21.628243223127555,0.10555492184176889,4.121525661841585,10.30128539418668,4.349405498612522,0.0,0.8743220828285457,0.0,0.2917829498493772,1.6262245562324298,0.02918545767527958,15.565726547097178,0.4707045278448162,0.2340364989145927,0.6182277193934518,0.3554174035800613,0.27191597153084107,0.21431009994396882,0.21876884824165138,0.17915561936807983,-0.2111857179916619,0.04162881348289991,0.18307688813029424,Apparel Retail,Consumer Cyclical,CRI
2020Q3,2020,Q3,2020-10-23,2020-09-26,81241000.0,865080000.0,113527000.0,1.85,383715000.0,0.44356013316687476,3281621000.0,821881000.0,1797507000.0,760906000.0,2459740000.0,646608000.0,853589000.0,3772110362.16,4689484362.16,19.02777512821762,2.36232464982534,0.5328308783982062,2.127496559720933,0.027623696339719315,19.02777512821762,0.09884764339362997,4.360417952281869,11.607779206804445,4.589606478504796,0.0,0.7444464033850494,0.0,0.26361362265782673,1.4382932977266574,0.024756362785342975,51.80687481506915,0.44356013316687476,8.73684210526316,0.2267881965348538,0.2194004820923382,0.1679402244996064,0.6292592828482262,8.960887690044139,4.417915433807388,0.07860753685894592,-0.0008973793078355385,0.16595258444438085,Apparel Retail,Consumer Cyclical,CRI
2020Q2,2020,Q2,2020-07-24,2020-06-27,8156000.0,514885000.0,20954000.0,0.19,235515000.0,0.4574128203385222,3412634000.0,733278000.0,1889544000.0,702374000.0,2679356000.0,672205000.0,772348000.0,3307979441.44,4323775441.440001,16.988747032701088,2.6902248659546055,0.5908565055613934,2.749812485851205,0.00882940450043398,16.988747032701088,0.011122657436879329,6.424695692125426,101.39711382540462,4.511221448672945,0.0,0.41560238320155307,0.0,0.15087612676894152,1.660310603752417,0.002389942783199136,13.530951800552204,0.4574128203385222,1.1043956043956045,-0.7277448319563623,0.012704065029923878,0.10065793079856032,0.031770370143212,1.1036419549139707,1.267004765666811,-0.7615211626971952,-0.1750475034663112,0.08431920357460865,Apparel Retail,Consumer Cyclical,CRI
2020Q1,2020,Q1,2020-05-06,2020-03-28,-78694000.0,654473000.0,-78478000.0,-1.82,228263000.0,0.3487737462049619,3153505000.0,716002000.0,1590265000.0,427675000.0,2437503000.0,565932000.0,764192000.0,3019286421.4,4307683421.4,16.514623762286032,3.7183959782545157,0.6492765985784072,2.8596246937857717,-0.018854132347070413,16.514623762286032,-0.1099075142248206,4.613309367078551,-9.591857134597301,4.216868697852799,-0.33369761354105776,0.7531116812620597,0.008697419302082513,0.20753827883577164,2.2937604489390306,-0.024954455439265198,-134.97033622708986,0.3487737462049619,-1.6453900709219857,-2.8999158440400667,0.1489552897376595,0.06828265959553162,-0.5117118311956121,-1.6288125164806189,-1.4821493300238993,-2.879599091566641,-0.004506306785899674,0.033768558286898696,Apparel Retail,Consumer Cyclical,CRI
2019Q4,2019,Q4,2020-02-24,2019-12-28,125147000.0,1100522000.0,162767000.0,2.82,467476000.0,0.42477660601060224,2753117000.0,880130000.0,1107757000.0,475500000.0,1872987000.0,593987000.0,915324000.0,4808357850.84,6013318850.84,20.145569611271284,2.3296677181913776,0.5155145967279996,1.612570870212355,0.04210144324203226,20.145569611271284,0.1421914944383216,4.3691610443407765,9.605419728079777,5.463235943372002,0.17629667511007055,1.0657573313894075,0.0045884688046139675,0.3997367347628161,0.9785825446898002,0.04545647714935471,16.104139443296415,0.42477660601060224,1.1044776119402984,1.1770889233101205,0.5107422632376256,0.33496342356675574,0.16226557702300534,1.0770596826661356,0.9407058542983189,0.6054143079317492,0.31651881005847204,0.24802093097114872,Apparel Retail,Consumer Cyclical,CRI
2019Q3,2019,Q3,2019-10-24,2019-09-28,60252000.0,943322000.0,83870000.0,1.34,402211000.0,0.42637720735867496,2899580000.0,812734000.0,1223645000.0,484168000.0,2086846000.0,723242000.0,851199000.0,3885566762.7,5351396762.7,18.410916874914413,2.5273148989606913,0.5586209037170901,1.9929841744039256,0.020909313726722483,18.410916874914413,0.07413495682474217,4.119024853337461,16.122148487602068,4.780859128201847,0.36958109274380935,0.7481741934235014,0.005730952872503581,0.3253305651163272,0.9235203483088514,0.020779561177825753,-74.35637558749234,0.42637720735867496,0.3814432989690723,0.08460795454663163,0.40036881864248375,0.2825287095268211,0.24525071517913535,0.37132712747797986,0.30079409392642226,-0.16350097794107818,0.17407222933332642,0.17483309117640924,Apparel Retail,Consumer Cyclical,CRI
2019Q2,2019,Q2,2019-07-25,2019-06-29,43937000.0,734384000.0,64476000.0,0.97,322996000.0,0.4398189503039282,2747160000.0,827897000.0,1041006000.0,473071000.0,1919263000.0,697559000.0,864009000.0,4360653184.780001,5689941184.780001,18.51857278213564,2.2005280391315467,0.5269973354300441,1.748703039146174,0.016303111061416877,18.51857278213564,0.053070611440795175,5.9378379496013,24.8119647721738,5.267144566026934,0.5121879054100189,0.5897536982534811,0.005160694750627216,0.2673248008852779,0.6059005942025616,0.015993607944204197,84.14837970668263,0.4398189503039282,0.2933333333333333,1.005130551038487,0.5119027180929859,0.35825463485117887,0.02256962582352699,0.27479254917890095,0.061176122055991704,0.3614204239738425,0.2880976546027005,0.21114502579094305,Apparel Retail,Consumer Cyclical,CRI
2019Q1,2019,Q1,2019-04-30,2019-03-30,34466000.0,741057000.0,60759000.0,0.75,315867000.0,0.4262384674863067,2679944000.0,849404000.0,971027000.0,361754000.0,1830540000.0,519752000.0,888378000.0,4542685528.84,5852027528.84,18.845995087373208,2.684219110224075,0.5483289949342225,1.7300259946974585,0.01513383978310486,18.845995087373208,0.0405766867120946,6.130008256908713,32.95048401932339,5.348085868255859,0.6602448790111994,0.8180632301559205,0.005009371627318184,0.27651958399130727,1.104032021760644,0.012860716492583427,164.28054132937945,0.4262384674863067,-0.734982332155477,0.185567449654951,0.34163196306191773,0.3743233917541704,-0.32449026728086944,-0.7360181369770684,-0.6438427630190626,-0.27500086435832033,0.16209477491080676,0.13639911252933848,Apparel Retail,Consumer Cyclical,CRI
2018Q4,2018,Q4,2019-02-25,2018-12-29,130562000.0,1086379000.0,170596000.0,2.83,467598000.0,0.4304188501434582,2058858000.0,869433000.0,1042958000.0,327421000.0,1189425000.0,574226000.0,909816000.0,3703613559.36,4126800559.36,19.134686352710673,3.1853729601949783,0.28815197551263855,0.6823573524354378,0.09459189997514768,19.134686352710673,0.1501691332167056,3.4091358166533046,7.091675907538182,4.259803296355211,0.15780242336974004,1.0775914012949606,0.00556294539637669,0.5276609654478357,1.3082117518424292,0.06341476682704685,11.613678098720293,0.4304188501434582,0.8496732026143791,2.614832167932404,0.6705997490451878,0.4684931809097747,0.20686024003097173,0.8191723561376619,0.6473632878511352,1.0367696956283126,0.419863227129092,0.12527462037328446,Apparel Retail,Consumer Cyclical,CRI
2018Q3,2018,Q3,2018-10-25,2018-09-29,71770000.0,923907000.0,103557000.0,1.53,387450000.0,0.4193603901691404,2197946000.0,811185000.0,1167372000.0,318306000.0,1386761000.0,692985000.0,843043000.0,4534617845.4,5208739845.4,17.63827597536936,3.6674520744189554,0.3630753439802434,0.9837706565086879,0.04921841938190038,17.63827597536936,0.08847550188921147,4.908089066756719,15.795659207886303,5.59011550435474,0.29046955552459247,0.7741249810601961,0.004597300304180557,0.42035018148762526,1.3112759420180582,0.03265321350024068,-46.36670973527336,0.4193603901691404,0.9367088607594937,0.5698691348173675,0.5039388485734803,0.5233496766063106,0.25000806560888894,0.9257808307395085,0.8177461822011585,0.017874951405801684,0.22313811844691828,0.08265164285597704,Apparel Retail,Consumer Cyclical,CRI
2018Q2,2018,Q2,2018-07-26,2018-06-30,37268000.0,696197000.0,56970000.0,0.79,309958000.0,0.44521593744299387,2083529000.0,810329000.0,1050937000.0,312616000.0,1273200000.0,663263000.0,845395000.0,5033316510.27,5532892510.27,17.450037193327326,3.3617505182076415,0.3277026621659694,0.8425935638487577,0.029450802151792188,17.450037193327326,0.04599119616846984,7.229730249153617,33.76433206953687,6.21144807882971,0.5641032521197811,0.5823315939529267,0.004176768927029442,0.3341431772727905,1.0739021675154183,0.017886960056711473,229.30826926059228,0.44521593744299387,-0.11235955056179772,1.3892279489760366,0.6955091248860463,0.0010471414223947862,-0.0677310009414185,-0.12246579858249547,-0.05536487091478884,0.15631799191014648,0.27276065651712966,0.1305437530263745,Apparel Retail,Consumer Cyclical,CRI
2018Q1,2018,Q1,2018-04-26,2018-03-31,42469000.0,755786000.0,60309000.0,0.89,332477000.0,0.43990891601590926,1975206000.0,854814000.0,935083000.0,225936000.0,1120392000.0,479344000.0,885198000.0,4869041921.7,5306326921.7,18.275902904719903,4.13870742157071,0.312646377137372,0.7224273350693835,0.03290151437890934,18.275902904719903,0.049682153076575725,6.442355272127295,28.662329709317383,5.696025008598361,0.5002236925757612,0.8831006542274442,0.004363076009947922,0.3826365452514826,1.776795198640323,0.02150104849823259,98.63747992828637,0.43990891601590926,-0.6866197183098591,0.281853422939245,0.5985592821213421,0.0443358492830192,-0.27754901598628445,-0.6870122117489259,-0.5862530271742487,-0.04957566932013565,0.22988075099596292,0.18221465063890133,Apparel Retail,Consumer Cyclical,CRI
2017Q4,2017,Q4,2018-02-27,2017-12-30,135689000.0,1027306000.0,145763000.0,2.84,460207000.0,0.44797460542428447,2067999000.0,857093000.0,1017669000.0,328624000.0,1210906000.0,548722000.0,885714000.0,5508337950.38,5947149950.38,18.28135046852982,3.0967579969813523,0.29850401281625377,0.7202322268411946,0.09738560422169043,18.28135046852982,0.15831304187526907,5.361925220314103,10.148829216775125,6.426768099121099,0.12875767379817082,1.033490547125867,0.0031717371296717083,0.49676329630720323,1.2751807536881055,0.06561366809171572,28.349946733265398,0.44797460542428447,0.6608187134502923,2.5187552611073936,0.8820154858528391,0.09820295281478877,0.13955498108199124,0.6449943020633805,0.11509509019415842,1.1996215515268709,0.31413225219063795,0.21142934549926634,Apparel Retail,Consumer Cyclical,CRI
2017Q3,2017,Q3,2017-10-26,2017-09-30,82486000.0,948232000.0,130718000.0,1.71,403848000.0,0.4258957723426334,2104063000.0,771963000.0,1049100000.0,327909000.0,1332100000.0,609996000.0,797985000.0,4671178557.5,5252882557.5,16.319510228870115,3.1993632379715105,0.32654630588532757,0.890034885091643,0.05983243291347205,16.319510228870115,0.10685227141715341,4.926197974229935,14.157489020864146,6.0510394377709815,0.21351502073079068,0.8924386389418947,0.0037703546938325314,0.45066711405504495,1.192468032289446,0.039203198763535126,-648.1446590120715,0.4258957723426334,1.1923076923076923,0.7111612570518696,0.746817250523258,0.018697891963985108,0.3308244660693278,1.1749769281476599,1.02597603880907,0.38568721048723825,0.3136531850840476,0.13683856899385646,Apparel Retail,Consumer Cyclical,CRI
2017Q2,2017,Q2,2017-07-27,2017-07-01,37925000.0,692117000.0,64521000.0,0.78,303457000.0,0.4384475457184262,2031859000.0,749911000.0,993697000.0,311984000.0,1281948000.0,610423000.0,780084000.0,4257468821.1,4745750821.1,15.667662231467752,3.185089619980512,0.32573421679358655,0.8825660645063215,0.029909784860250414,15.667662231467752,0.05057266795659752,6.15137154715171,28.065054852340147,5.677298800924376,0.4702175346077785,0.6367060218897388,0.004188639012837796,0.3406323962440307,1.0857832452946306,0.018665173124709934,619.8993624199185,0.4384475457184262,-0.17894736842105258,1.216565496342063,0.7824246687512187,0.05134329628542271,-0.03909094939234077,-0.1872749871421224,-0.17876689662194842,0.6165945704014466,0.3308938876413478,0.1491530742424558,Apparel Retail,Consumer Cyclical,CRI
2017Q1,2017,Q1,2017-04-27,2017-04-01,46664000.0,732755000.0,78566000.0,0.95,315802000.0,0.430978976602002,1885463000.0,771963000.0,841850000.0,225047000.0,1113500000.0,434712000.0,805271000.0,4339377741.599999,4766720741.599999,15.9751654564278,3.740774149399903,0.30847648561653024,0.7534311877641804,0.03771150800707661,15.9751654564278,0.06044849299772139,5.922003591377745,23.24799492971027,5.621225034878615,0.38569346819818273,0.9591476655808904,0.004147599280758591,0.38863398539244737,1.6040427110781303,0.024749358645595274,65.56040643611476,0.430978976602002,-0.46022727272727276,0.7370856792098135,0.5958469885223383,0.10067451429471733,-0.2306744102199312,-0.46435253739224264,-0.43645140697065554,0.4971366936573822,0.23732754423664265,0.16497130940152707,Apparel Retail,Consumer Cyclical,CRI
2016Q4,2016,Q4,2017-02-23,2016-12-31,87117000.0,934203000.0,139413000.0,1.76,410492000.0,0.4394034273064848,1946597000.0,788124000.0,1057086000.0,277609000.0,1158473000.0,487591000.0,822375000.0,4217939484.05,4498957484.05,16.14201261480045,3.8078232333966118,0.2981490262237125,0.7364018859976349,0.06699724742515464,16.14201261480045,0.11053717435327436,4.515013850362288,12.104237646067931,5.351872908387513,0.18623230827507833,1.0740784797094285,0.003846427873455872,0.4799159764450474,1.8076827480377078,0.04475348518465815,17.926632711473975,0.4394034273064848,0.09999999999999995,1.9904916079376647,0.8388646914405562,0.16801392989635996,0.09305384693220005,0.07803393102424175,0.06508319709077574,1.2446682177975583,0.3369347422817296,0.23882017264610067,Apparel Retail,Consumer Cyclical,CRI
2016Q3,2016,Q3,2016-10-27,2016-10-01,80811000.0,901425000.0,130894000.0,1.6,375546000.0,0.41661369498294365,1937705000.0,776134000.0,1045314000.0,282145000.0,1161571000.0,552726000.0,807527000.0,4294441080.7999997,4734428080.799999,15.671091504988846,3.704882241400698,0.29963952201186456,0.7480834495074304,0.06276294619307315,15.671091504988846,0.10411990712943898,4.764058108883157,13.285447156946454,5.533118096617336,0.2035861454504956,0.9514280131566092,0.0038309991196654636,0.4652023914889005,1.4596501798720516,0.041704490621637454,452.85680489296635,0.41661369498294365,1.2535211267605637,1.7655467855660154,0.6614862402652355,0.18582900851294548,0.3308644775357748,1.2324714072600695,1.069699413373812,0.6414108546351404,0.3625668987039194,0.35345156235955466,Apparel Retail,Consumer Cyclical,CRI
2016Q2,2016,Q2,2016-07-27,2016-07-02,36198000.0,639471000.0,63243000.0,0.71,282182000.0,0.44127411563620556,1912492000.0,766702000.0,1022152000.0,270961000.0,1145790000.0,587434000.0,796733000.0,5331264149.759999,5706862149.759999,15.29013651362025,3.7723214779986787,0.303623753720277,0.757371182023785,0.030285071147144984,15.29013651362025,0.047212606723342314,8.336991278353512,36.82015684402453,6.953502338274845,0.4598872865904194,0.6082198170347648,0.0031225239516127533,0.33436532022094734,1.312783020434675,0.018927137995871354,-79.7747108255398,0.44127411563620556,-0.31730769230769235,2.281305458287532,0.8601524658384498,0.20047750351052435,-0.0924551907348623,-0.329418303075213,-0.3200262343024256,1.1490962522477899,0.4422436296885715,-0.12285874927701522,Apparel Retail,Consumer Cyclical,CRI
2016Q1,2016,Q1,2016-04-28,2016-04-02,53980000.0,724085000.0,93008000.0,1.04,310929000.0,0.42940953064902604,1912463000.0,848717000.0,1032841000.0,192881000.0,1063746000.0,376499000.0,879286000.0,5366930626.690001,5552108626.690001,16.583957941877273,5.354809442091238,0.3034406417274478,0.6837603111520094,0.0421845728008244,16.583957941877273,0.06360188378458308,7.412017410511198,24.856107015051872,6.323580918833958,0.3155242682474991,1.0973628084005536,0.003173508506947911,0.378613860764888,3.047008258978334,0.028225382660997885,52.24307044378468,0.42940953064902604,-0.25179856115107907,0.8732331759312113,0.7210431787358944,0.3269443006713493,-0.1447138951086269,-0.2564635876527225,-0.19944223999173688,0.4890774378338298,0.39970825904192187,-0.05234658489942837,Apparel Retail,Consumer Cyclical,CRI
2015Q4,2015,Q4,2016-02-26,2016-01-02,72599000.0,866544000.0,116179000.0,1.39,363538000.0,0.41952630218430914,2009113000.0,875051000.0,1131465000.0,262718000.0,1134062000.0,469934000.0,910900000.0,4581491812.7,4784713812.7,17.004459183806325,4.306766190363812,0.29089005944414276,0.6678822148651907,0.0520174884754348,17.004459183806325,0.08296545001377062,5.28708503284311,15.77670426830948,5.235685477417888,0.1571784735326933,1.0703758400115762,0.002490673445790833,0.43130675079002523,2.2411064335142625,0.03613485154891736,33.82597707301226,0.41952630218430914,-0.07947019867549676,1.3368841281303823,0.9651961030854151,0.4455150791015708,0.04603512123819197,-0.08480195648337241,-0.10783207009622103,0.7152372138909259,0.44631576391703176,0.02149714370507581,Apparel Retail,Consumer Cyclical,CRI
2015Q3,2015,Q3,2015-10-29,2015-10-03,79326000.0,849806000.0,130221000.0,1.51,347539000.0,0.4089627514985773,1988040000.0,842943000.0,1118500000.0,278793000.0,1145097000.0,511520000.0,875902000.0,4706317972.08,5003335972.08,16.291737136093502,4.011937172023688,0.2943995090642039,0.6943268999208725,0.058315624149847214,16.291737136093502,0.09410600716774443,5.538108664895282,14.832204989788972,5.5831983563301435,0.1446436225197287,0.9819107757272443,0.002437999316677909,0.4274592060521921,1.9183587823223682,0.03990161163759281,51.045217107343895,0.4089627514985773,1.2205882352941175,0.8251789604336359,0.8746525172702458,0.4873966540186596,0.3219688468780312,1.1970918155380141,1.1019660382231404,0.504474394072586,0.43123585606054443,0.01696423754249365,Apparel Retail,Consumer Cyclical,CRI
2015Q2,2015,Q2,2015-07-29,2015-07-04,36105000.0,612765000.0,61952000.0,0.68,262895000.0,0.4290307050826989,1889569000.0,802939000.0,1026048000.0,222260000.0,1086630000.0,544256000.0,831691000.0,5607797610.8,5949794610.8,15.435083469007708,4.616431206694862,0.3102813392895417,0.7301899646174865,0.02821032101808182,15.435083469007708,0.04496605595194653,9.151628455933352,38.82978542307159,6.984089215743661,0.319789502838942,0.6428408690028222,0.002058918812933562,0.32428823715884414,1.8061999460091784,0.01910753192923889,-62.57585264684878,0.4290307050826989,-0.27659574468085096,1.1689213340323927,1.1495774769278886,0.44113973018863656,-0.07448284116992664,-0.2748835154241645,-0.2668836163540619,0.9415754939441365,0.45196976209047074,0.03573662062709637,Apparel Retail,Consumer Cyclical,CRI
2015Q1,2015,Q1,2015-04-29,2015-04-04,49792000.0,684764000.0,84505000.0,0.94,284052000.0,0.41481736773545336,1853186000.0,805713000.0,998567000.0,187532000.0,1047473000.0,358014000.0,834218000.0,4794967780.0,5003916780.0,15.459039434880207,5.324781903888403,0.31640051241483585,0.7277392818534639,0.039777582448230875,15.459039434880207,0.061798680175198864,7.002365457296237,24.07499086198586,5.951210642002797,0.23290890102827763,1.1192634924891205,0.002418577252671341,0.3695063528431577,3.055441204701064,0.026868322985388406,72.14383395522388,0.41481736773545336,-0.2713178294573644,0.3086962205350269,0.8842660955558711,0.4705897077273362,-0.20217283839654862,-0.2740738580863379,-0.25879308832558545,0.7185101513092769,0.3826957642289454,0.06511389618210904,Apparel Retail,Consumer Cyclical,CRI
2014Q4,2014,Q4,2015-02-26,2015-01-03,68591000.0,869223000.0,114010000.0,1.29,356032000.0,0.4095979972918342,1893096000.0,786684000.0,1041458000.0,247971000.0,1106412000.0,444844000.0,809194000.0,4483204854.0,4728566854.0,15.09072777248559,4.199918538861399,0.30954584447909667,0.7448988412119733,0.053950584493043054,15.09072777248559,0.08719002801633184,5.157715400996062,16.340353887536267,5.698863653004255,0.14614162207869838,1.1536426252798735,0.0022359005056519776,0.4591542108799554,2.117993636352638,0.036232182625709417,19.15072918953785,0.4095979972918342,0.04878048780487809,1.2659843266645452,1.2311073284053091,0.5422608762358342,0.10842263220487787,0.04105576298454907,0.03216636338122527,1.205228258583659,0.6024572915870531,0.09194439820817432,Apparel Retail,Consumer Cyclical,CRI
2014Q3,2014,Q3,2014-10-23,2014-09-27,65886000.0,798936000.0,110457000.0,1.23,321206000.0,0.40204221614747615,1806741000.0,751581000.0,955367000.0,217802000.0,1055160000.0,519416000.0,764678000.0,4071212046.7200003,4523566046.72,14.35516939165204,4.386401410455368,0.32434089888921547,0.7796897473459281,0.053160240130814024,14.35516939165204,0.08766320596183245,5.095792462374959,15.44794055914762,5.416863979690812,0.152885286707343,0.9197444822646973,0.0024742017572175787,0.44219730442824956,1.6809946648791103,0.036466765297294965,-133.34682934460056,0.40204221614747615,1.5625,0.44739534459672126,0.8008768329907688,0.57303945252533,0.3084973337624299,1.544155693709696,1.3329250005280167,1.1329155589230056,0.39299363720899144,0.08625339092168349,Apparel Retail,Consumer Cyclical,CRI
2014Q2,2014,Q2,2014-07-24,2014-06-28,25897000.0,574065000.0,47347000.0,0.48,245477000.0,0.42761185580030137,1809162000.0,720372000.0,960256000.0,239760000.0,1088790000.0,538233000.0,729889000.0,3644103747.9,4022183747.9,13.63409504151236,4.005071738405071,0.3239068695893458,0.8134685967805523,0.02300799467878476,13.63409504151236,0.035949481656699596,6.3478939630529645,35.17882136830521,5.058641573936799,0.39278680928292853,0.6104939682256569,0.002791358507798208,0.31730989264642967,1.4256131131131131,0.014314362119036327,-136.723961576558,0.42761185580030137,-0.23809523809523814,1.4506932480027372,0.9359285320921606,0.6765803240400737,-0.062080427930079285,-0.24491938070385164,-0.23051795030147407,1.2279029492098894,0.5847964288814602,0.07045639281768952,Apparel Retail,Consumer Cyclical,CRI
2014Q1,2014,Q1,2014-04-28,2014-03-29,34297000.0,651643000.0,61531000.0,0.63,261725000.0,0.4016386272851853,1752349000.0,729150000.0,909125000.0,178674000.0,1023199000.0,363018000.0,730035000.0,4043765506.95,4352529506.95,13.712926084535605,5.088177350929626,0.334408271411688,0.8036755125831447,0.029622109421050882,13.712926084535605,0.04703696084481931,6.205492128281897,29.476087609339007,5.54586231495577,0.29763536169344257,1.0741010087654055,0.0025243798094759847,0.3718682750981682,2.6999003772233228,0.01957201447885096,-2655.131652626395,0.4016386272851853,-0.19230769230769232,1.2051714383292715,0.9221291020942375,0.7209145305525948,-0.188255800609758,-0.19769345934312715,-0.16163446603264572,0.1455210193234536,0.490733182027332,0.09722233842943624,Apparel Retail,Consumer Cyclical,CRI
2013Q4,2013,Q4,2014-02-26,2013-12-28,42748000.0,769655000.0,73394000.0,0.78,322423000.0,0.41891886624526575,1812484000.0,700731000.0,970381000.0,269139000.0,1111753000.0,417754000.0,705936000.0,3821978438.3399997,4121432438.3399997,13.030149953339363,3.6055012465677585,0.32331319890272137,0.8362695527955806,0.03699170403759463,13.030149953339363,0.061004864919633923,4.965833312770007,22.35179679949939,5.454273377858264,0.20414990174978948,1.0705630586421675,0.002283372379199083,0.424640989934256,1.7840483913516807,0.023585311649647667,40.94991523191154,0.41891886624526575,-0.19587628865979376,0.628343095938016,0.8999542696805105,0.7109707931978277,0.04125316083694764,-0.24434781071573775,-0.19414554877245377,0.3167125203196318,0.6702442835054554,0.10766699704533247,Apparel Retail,Consumer Cyclical,CRI
2013Q3,2013,Q3,2013-10-24,2013-09-28,56571000.0,760173000.0,91076000.0,0.97,309649000.0,0.40734017125049166,1737557000.0,658923000.0,944203000.0,243707000.0,1078634000.0,440446000.0,671909000.0,4326763214.93,4710944214.93,11.578612741536517,3.874336806082714,0.337255123141284,0.8893300127632515,0.04749607196288777,11.578612741536517,0.0858537340478326,5.691813856753661,19.120941891295896,6.566417039517516,0.1673295504763925,1.0228813520840239,0.0021877786071898887,0.43749528792436737,1.8359300307336268,0.0325577808382689,-66.12206147884957,0.40734017125049166,1.939393939393939,0.6684162243363145,0.7145123325695549,0.5793168966416322,0.4059297600399555,1.8755654958572663,1.7819659111735597,0.18341325684730317,0.5246357622124268,0.05709966384031609,Apparel Retail,Consumer Cyclical,CRI
2013Q2,2013,Q2,2013-07-26,2013-06-29,19673000.0,517874000.0,32738000.0,0.33,220245000.0,0.4252868458350873,1701751000.0,1020937000.0,956201000.0,273650000.0,680814000.0,429223000.0,797383000.0,4338099021.059999,4211967021.0599995,17.431783650600558,3.4942481271697425,0.1092991865437423,0.18218558050104952,0.01713254622186925,17.431783650600558,0.019269553361274984,8.376746121759346,55.12757359147054,4.249134883993821,0.0,0.6934134470892753,0.0,0.30431831683953764,1.6276594189658322,0.011560445682123882,-71.78123638719285,0.4252868458350873,-0.5217391304347826,5.787771944882661,0.6460005788676162,1.5695954980867468,-0.09387316816285557,-0.5249788723892309,-0.5109570828914151,0.049695891367026145,0.6136142239594563,0.6275672261426517,Apparel Retail,Consumer Cyclical,CRI
2013Q1,2013,Q1,2013-04-25,2013-03-30,41415000.0,591009000.0,66943000.0,0.69,243062000.0,0.41126615669135325,1597681000.0,1023188000.0,913768000.0,170474000.0,574493000.0,284525000.0,787232000.0,3348451135.0800004,3136888135.0800004,17.500024457905074,5.360160493682321,0.1164187344031756,0.18178477464551968,0.03512977412114867,17.500024457905074,0.040476432483570954,5.6656516822586465,20.21279207461065,3.272566854849744,0.0,1.2229048414023371,0.0,0.3699167731230452,3.3783626828724613,0.02592194561993289,154.29228343378492,0.41126615669135325,-0.16123699309540027,2.506151894262842,0.7527110721162817,1.6154623440467553,-0.1615342424169251,-0.14944960157726114,-0.14577564536093,-0.029673200377900548,0.44969450091534147,0.6647448220298354,Apparel Retail,Consumer Cyclical,CRI
2012Q4,2012,Q4,2013-02-27,2012-12-29,48692000.0,689253000.0,78367000.0,0.82264,289889000.0,0.42058431374255895,1630109000.0,985479000.0,957703000.0,244235000.0,644630000.0,349530000.0,745817000.0,3211008000.0,3014772000.0,16.64660472972973,3.9212356951296905,0.11410279926066294,0.18874070375928864,0.042284336052511425,16.64660472972973,0.04940947498627571,4.6586783082554595,16.486322188449847,3.25832209514358,0.0,1.142574314078906,0.0,0.42282632633768663,2.253084119802649,0.029870395169893548,25.52024288280269,0.42058431374255895,-0.169050505050505,0.6605780096671561,0.7090273175428434,1.5155644448179397,0.07335685748879023,-0.1799656438411533,-0.1784740858772224,0.41649748007334225,0.5578884022984955,0.7012703153809458,Apparel Retail,Consumer Cyclical,CRI
2012Q3,2012,Q3,2012-11-02,2012-09-29,59378000.0,668657000.0,95392000.0,0.99,270077000.0,0.4039096278061846,1532790000.0,933442000.0,876476000.0,204163000.0,599348000.0,375102000.0,697125000.0,3137116708.32,3068795708.32,16.01997055025522,4.2930207726179574,0.12134734699469595,0.19926251443581927,0.05387096050344718,16.01997055025522,0.06361187947403267,4.691668087405052,13.208245092121663,3.360805179454107,0.0,1.0625909752547307,0.0,0.4362352311797441,2.226049773955124,0.03873850951532826,182.6985445413779,0.4039096278061846,1.8285714285714287,0.699877969056005,0.6125367499602612,1.5327577036516893,0.47387349039253884,1.8540254746455178,1.770848461962994,0.17209129721761204,0.3543074336446722,0.7554683623935471,Apparel Retail,Consumer Cyclical,CRI
2012Q2,2012,Q2,2012-07-26,2012-06-30,20805000.0,472162000.0,34427000.0,0.35,183243000.0,0.3880934933349147,1425238000.0,867337000.0,788070000.0,154934000.0,557901000.0,377857000.0,637747000.0,3061356925.2000003,3009727925.2000003,14.90251784248238,5.086488440239069,0.13050451924520676,0.2144495161626911,0.020670761067109494,14.90251784248238,0.02398721604174617,6.483700351150665,36.786312487382844,3.529604900056149,0.0,0.764625241824288,0.0,0.33128642374115763,2.384996191926885,0.014597561951056595,-221.30824298416832,0.3880934933349147,-0.3518518518518519,1.1441304697635666,0.6305104112645407,1.560232353702925,-0.059032859365612436,-0.35538342370255616,-0.360092936802974,0.7873495752680095,0.44551155257353525,0.8325578718124149,Apparel Retail,Consumer Cyclical,CRI
2012Q1,2012,Q1,2012-04-27,2012-03-31,32275000.0,551662000.0,53800000.0,0.54,194739000.0,0.35300419459741655,1412064000.0,842642000.0,785433000.0,119094000.0,569422000.0,265691000.0,616942000.0,2889510576.75,2824975576.75,14.513977791758226,6.595067761600081,0.16713123484487954,0.2800714894344217,0.031235759148218988,14.513977791758226,0.03830214966735577,5.2378278307188095,22.381956442680096,3.4291081820630827,0.0,1.3433763281405844,0.0,0.3906777596482879,4.023737551849799,0.02285661273143427,43.7400368863626,0.35300419459741655,-0.09495472186287189,2.380702237029167,0.7348369179031115,0.7701245315970705,-0.05802597528236631,-0.07215753916918212,-0.02261785811608684,0.9005643277364302,0.490307841983157,0.8214431496223049,Apparel Retail,Consumer Cyclical,CRI
2011Q4,2011,Q4,2012-02-29,2011-12-31,34785000.0,606629000.0,55045000.0,0.596655231560892,206735000.0,0.3407931371563179,1402709000.0,805709000.0,782147000.0,152753000.0,597000000.0,347215000.0,584667000.0,2320923000.0,2323429000.0,13.820051457975985,5.120338062100253,0.16824587280754597,0.2929097229893175,0.034386769921068004,13.820051457975985,0.04317315556857376,3.825934797050586,16.680487278999568,2.880597089023457,0.0,1.1517186757484557,0.0,0.43246959989563055,2.56131139813948,0.024798443583095284,15.418956445483778,0.3407931371563179,0.02871591648429654,0.3351299689434297,0.6925641793743873,0.7125460594031487,0.07745748489886539,0.009753548724200993,-0.03030036113802519,0.22223716843760266,0.3813495270782939,0.8146916566396117,Apparel Retail,Consumer Cyclical,CRI
2011Q3,2011,Q3,2011-11-04,2011-10-01,34449000.0,639617000.0,56765000.0,0.58,191873000.0,0.2999810824290161,1331116000.0,771617000.0,722948000.0,125917000.0,559499000.0,385960000.0,549882000.0,1783173673.44,1937539673.44,13.215304561186882,5.741464615580105,0.17729484132111703,0.3058512189337456,0.035187204162892366,13.215304561186882,0.04464520610613815,2.7878772350328402,12.940678056257074,2.310956955899105,0.0,1.1600787646388226,0.0,0.48051184119190216,2.3522796762947022,0.025879788087589662,-142.0063449422633,0.2999810824290161,1.6363636363636362,-0.022489872436120373,0.6195211218989084,0.685374436281487,0.4240451839867001,1.721305000394976,1.5776496231041686,-0.009759475063621863,0.40605302359048495,0.8025608294917381,Apparel Retail,Consumer Cyclical,CRI
2011Q2,2011,Q2,2011-08-01,2011-07-02,12659000.0,394488000.0,22022000.0,0.22,134738000.0,0.34155158078319237,1312818000.0,732882000.0,709882000.0,156654000.0,579936000.0,458114000.0,515433000.0,1801605860.79,1950880860.79,12.736712240677324,4.531528080993782,0.1797659690833002,0.3220163682557356,0.014037668083811818,12.736712240677324,0.01727290341419219,4.566947184172903,35.5795453983332,2.458248204745102,0.0,0.5669986073335458,0.0,0.300489481405648,1.3494197403194301,0.009642616112819904,-17.17958463216012,0.34155158078319237,-0.6000000000000001,0.41196558883533824,0.42950363125333707,0.7561798200824729,-0.1461794862045803,-0.605920991190113,-0.5894022448446881,3.4456620797117354,0.27620390958946883,0.8775014129402224,Apparel Retail,Consumer Cyclical,CRI
2011Q1,2011,Q1,2011-04-29,2011-04-02,32123000.0,469000000.0,53634000.0,0.55,157806000.0,0.3364733475479744,1211036000.0,712993000.0,672703000.0,102717000.0,498043000.0,217458000.0,502774000.0,1658421057.96,1645550057.96,12.497855360987531,6.549091192305071,0.19487447111398834,0.33099904206633163,0.03505885130071973,12.497855360987531,0.045053738255494795,3.5360790148400856,12.906803987485603,2.3259990742686116,0.0,1.4310533528313514,0.0,0.3872717243748328,3.981113155563344,0.02652522303218071,668.4486327932285,0.3364733475479744,-0.08911743760454434,1.0585695490778908,0.600367841217391,0.777068292077573,0.07767427884615384,-0.07941193328365909,-0.08763991426530127,1.7871232190673438,0.42546345941030794,0.8678642510833835,Apparel Retail,Consumer Cyclical,CRI
2010Q4,2010,Q4,2011-03-02,2011-01-01,34894000.0,495270000.0,58786000.0,0.60381,146432000.0,0.2956609526117068,1257182000.0,679936000.0,716263000.0,183372000.0,577246000.0,298509000.0,470651000.0,1705678000.0,1694296000.0,11.763598615916955,3.9060652662347577,0.18772142776463552,0.34709149096385544,0.04028680849568059,11.763598615916955,0.0513195359563253,3.4439356310699214,12.22042471485069,2.508586102221386,0.0,1.1686012817033993,0.0,0.39395250647877555,2.0114030495386426,0.02775572669669149,24.25559932310405,0.2956609526117068,-0.27251807228915664,1.122105483904792,0.48885405379118135,0.8528753988406456,-0.24050974310565706,-0.29729947439434523,-0.2640526803375147,0.21883886516392861,0.25778447578145813,0.7776652297426581,Apparel Retail,Consumer Cyclical,CRI
2010Q3,2010,Q3,2010-11-01,2010-10-02,49657000.0,517928000.0,79878000.0,0.83,192803000.0,0.3722583061738311,1192085000.0,647503000.0,655682000.0,159392000.0,544582000.0,263782000.0,435757000.0,1563013185.44,1612843185.44,10.95318931374248,4.113644348524392,0.19475037434411135,0.35854505693409916,0.057580390416384845,10.95318931374248,0.07668999216992045,3.017819437141842,7.869047593692732,2.413908793380108,0.0,1.2325518799614834,0.0,0.4344723740337308,2.219873017466372,0.04165558664021442,-82.7428896474325,0.3722583061738311,1.59375,3.5613040419233135,0.352241117556654,0.7166708082614476,0.4802419943033067,1.6003875157100964,1.3899111390359933,0.4011902026775855,0.231119044461165,0.7316994764072559,Apparel Retail,Consumer Cyclical,CRI
2010Q2,2010,Q2,2010-08-02,2010-07-03,19096000.0,327009000.0,33423000.0,0.32,130251000.0,0.3983101382530756,1177073000.0,639139000.0,642508000.0,156398000.0,537934000.0,260660000.0,386100000.0,1593322500.0,1581081500.0,10.710330959363217,4.108159950894513,0.19775493958318643,0.3641962077106858,0.02379661742132136,10.710330959363217,0.029877694836334505,4.8724117684834365,20.859375,2.4929201629066604,0.0,0.7548453924652805,0.0,0.27781539462718113,2.202962953490454,0.01622329286288956,-77.35701801233189,0.3983101382530756,-0.5492957746478873,2.3561767926605506,0.6271511519408918,0.7402761258598234,-0.21916551765481684,-0.5540922358435493,-0.5303713695569701,1.1290227467601726,0.10135681981246919,0.8400203328634409,Apparel Retail,Consumer Cyclical,CRI
2010Q1,2010,Q1,2010-05-05,2010-04-03,42825000.0,409049000.0,71169000.0,0.71,166810000.0,0.40779955457659106,1196208000.0,616688000.0,664669000.0,98422000.0,579520000.0,143125000.0,367004000.0,1826808917.76,1794591917.76,10.512136290393844,6.7532563857674095,0.27892139159744794,0.5410320940248553,0.046665541046388134,10.512136290393844,0.06944354357470876,4.4659904259880845,10.664383641330998,2.962290360376722,0.0,1.6924995633187774,0.0,0.3419547436566216,4.925250452134685,0.035800629990770834,120.14527574876685,0.40779955457659106,0.22275162413625887,2.001042048483048,0.9251521356789878,0.7447739930638931,0.00271703194315873,0.29788459207176626,0.2631158597188698,3.4393580585977612,0.2730429442371212,0.2820599972038278,Apparel Retail,Consumer Cyclical,CRI
2009Q4,2009,Q4,2009-12-31,2009-12-31,32996000.0,424680000.0,56344000.0,0.5806575808079893,166358000.0,0.3917255345201093,1208599000.0,556024000.0,675668000.0,170617000.0,652575000.0,214000000.0,324179000.0,1491662261.25,1491144261.25,9.784808786252318,3.9601446514708383,0.27678576599848254,0.6016341021250882,0.03929273954031088,9.784808786252318,0.059342762182927354,3.512438215244419,11.301841596329858,2.6827299923204753,0.0,1.2071121495327102,0.0,0.35138205475927087,2.4448618836341045,0.027301032021373507,12.440056220185475,0.3917255345201093,-0.30874097522858407,1.3278893423442304,0.9330882162274784,0.7962373074145925,-0.10350067901101506,-0.33214589321135085,-0.3041888954752025,0.29933217178507043,0.21565725511562073,0.21250892443231542,Apparel Retail,Consumer Cyclical,CRI
2009Q3,2009,Q3,2009-09-30,2009-09-30,49406000.0,481506000.0,80976000.0,0.84,185564000.0,0.38538252898198566,1142063000.0,518573000.0,609578000.0,141320000.0,623490000.0,223510000.0,291183000.0,1517233614.3,1638293614.3,9.125752929213888,4.313458816869516,0.2936781946354973,0.646772971211382,0.059840771533070734,9.125752929213888,0.09527298953088571,3.1510170471395993,7.677375289944541,2.925785982494268,0.0,1.3240660373137667,0.0,0.42161071674679945,2.4215822247381826,0.04326031050826443,62.7344889104817,0.38538252898198566,3.421052631578947,1.6547769279112714,0.8952217232593296,0.6466744814029595,0.5957004041620088,3.3610203901491746,2.8672333922345863,0.44048173698301235,0.25271344314212224,0.1638256710246156,Apparel Retail,Consumer Cyclical,CRI
2009Q2,2009,Q2,2009-06-30,2009-06-30,11329000.0,317909000.0,20939000.0,0.19,116290000.0,0.36579650151458437,1098813000.0,460642000.0,566077000.0,155956000.0,638171000.0,256151000.0,249281000.0,1394033450.0,1556496450.0,8.132085797510813,3.6297224858293364,0.3060347848086981,0.7300137633997769,0.016327659360891016,8.132085797510813,0.02459393628891851,4.385007816702264,30.7625,3.0262838603514224,0.0,0.7871099468672775,0.0,0.28932038481525063,1.7355920900766884,0.010310216570062421,-105.39301806910107,0.36579650151458437,-0.3214285714285715,0.8930012506337672,1.0108759897057784,0.5708104484995535,-0.08682575953889765,-0.3078567937438905,-0.2668160649882699,0.2836050787314261,0.17022514639787314,0.12127876510840474,Apparel Retail,Consumer Cyclical,CRI
2009Q1,2009,Q1,2009-03-31,2009-03-31,16368000.0,356787000.0,28559000.0,0.28,127347000.0,0.35692724230423195,1031518000.0,445902000.0,496277000.0,102629000.0,585616000.0,153941000.0,237952000.0,1052585498.2499999,1202902498.25,7.968394618721891,4.835640998158415,0.32684936181433577,0.7561100869697825,0.023517296570300848,7.968394618721891,0.036707617368838895,2.9501789534091767,16.076880166330643,2.360575862521361,0.0,1.4904411430353188,0.0,0.34588538445281614,2.9208605754708707,0.0158678762755473,43.151129350633376,0.35692724230423195,-0.4264251965624428,0.5874604185771861,0.9530584563543898,0.5764282827906153,-0.17763183385640668,-0.4014262205156336,-0.4122574139243893,0.06936569521077582,0.24118689101209337,0.13302490760889524,Apparel Retail,Consumer Cyclical,CRI
2008Q4,2008,Q4,2008-12-31,2008-12-31,27345000.0,421950000.0,48591000.0,0.4881664925340161,154854000.0,0.3669960895840739,1051057000.0,426596000.0,513091000.0,140127000.0,624461000.0,203486000.0,221584000.0,1078862863.5,1254539863.5,7.615647213349466,3.6616141072027517,0.32160577399703344,0.7923796753837354,0.03961945033464471,7.615647213349466,0.06410046038875189,2.556850014219694,9.863438137685135,2.5290037025663628,0.0,1.3126013583244056,0.0,0.4014530134902294,1.9154695383473563,0.02601666703137889,9.99520894865571,0.3669960895840739,-0.1583336335620411,12.557423517606336,0.8307332769037193,0.26108831652355635,0.0012090491184286241,-0.18067415730337077,-0.14898945672352798,0.7159791858771475,0.3088472770119922,0.19953475365706563,Apparel Retail,Consumer Cyclical,CRI
2008Q3,2008,Q3,2008-09-30,2008-09-30,33375000.0,436419000.0,57098000.0,0.58,154667000.0,0.3544002438024009,1012257000.0,410674000.0,475201000.0,121177000.0,601583000.0,214359000.0,194239000.0,1105190254.25,1385308254.25,7.331405600837979,3.9215445175239525,0.3356637691811467,0.8273667191007953,0.04786674137744786,7.331405600837979,0.08126884097848902,2.5324063669317787,8.2785786835206,2.6911619782357783,0.0,1.3143931442113463,0.0,0.43113458341112976,1.8134959604545418,0.03297087597319653,52.24991746643344,0.3544002438024009,10.599999999999998,1.1247690201932856,0.6574633048127485,0.8695534585167676,0.5531778150450387,11.009715725080964,5.171422395157804,2.2353483459263828,0.20248488610818097,0.14903610427808747,Apparel Retail,Consumer Cyclical,CRI
2008Q2,2008,Q2,2008-06-30,2008-06-30,2779000.0,301675000.0,9252000.0,0.05,99581000.0,0.33009364382199385,976534000.0,380960000.0,443933000.0,115004000.0,595574000.0,250817000.0,160864000.0,776086906.9,1071517906.9,6.783862932348614,3.8601526903412053,0.348839876542957,0.8941988660226795,0.00798348169207004,6.783862932348614,0.007294729105417891,2.572592713681942,69.81710209607773,2.0371873868647628,0.0,0.8057428324236395,0.0,0.3089242156443094,1.285311815241209,0.0028457790512158307,-82.16907431445209,0.33009364382199385,-0.736842105263158,-0.6906463584745515,0.4034610740042404,0.0,-0.05084115712719821,-0.7595812786573233,-0.5498467377025251,-0.480983595417768,0.5951356743204449,0.1022810356715271,Apparel Retail,Consumer Cyclical,CRI
2008Q1,2008,Q1,2008-03-31,2008-03-31,11559000.0,329972000.0,20553000.0,0.19,104915000.0,0.31795122010352395,945051000.0,382825000.0,409966000.0,79901000.0,562226000.0,174232000.0,158085000.0,924022686.05,1200005686.05,6.690986967462237,5.1309245190923765,0.3613868457892749,0.8921282570365049,0.020456429368230722,6.690986967462237,0.030193952850519165,2.800306347356745,19.984918376373386,2.4136947327107685,0.0,1.291708756141237,0.0,0.34915787613578525,2.428592883693571,0.01223108594139364,34.93601595712503,0.31795122010352395,-0.6164014324173135,0.2629296401976554,0.5067123420447943,0.0,-0.22626773651140153,-0.5958674218586113,-0.5944874122010891,-0.16946224400579124,0.5923231780292513,0.1105506745974821,Apparel Retail,Consumer Cyclical,CRI
2007Q4,2007,Q4,2007-12-31,2007-12-31,28602000.0,393394000.0,50684000.0,0.4953094616523681,135596000.0,0.34468243033701584,974668000.0,382129000.0,433649000.0,106758000.0,592539000.0,225494000.0,146526000.0,1117379623.95,1409896623.95,6.617443160329969,4.061981303508871,0.35040547140154393,0.8937531566565218,0.044459237116870616,6.617443160329969,0.07484906929335382,2.840357565061999,9.766621424638137,2.9240900950987756,0.0,1.1432588006776234,0.0,0.4036184629022395,1.5803874182731037,0.029345377092507396,13.6338965292352,0.34468243033701584,-0.1460181695648825,2.9876609200826243,0.9023799045248755,0.752110089830956,-0.07034335234752084,-0.17378242532786412,-0.15537928276229837,0.9857238673063773,0.7621343332361209,0.21479106479635818,Apparel Retail,Consumer Cyclical,CRI
2007Q3,2007,Q3,2007-09-30,2007-09-30,34618000.0,410949000.0,60008000.0,0.58,145856000.0,0.35492482035483724,997602000.0,365248000.0,456075000.0,124052000.0,632354000.0,246529000.0,117924000.0,1162998740.38,1517749740.38,6.325109791259497,3.6764824428465483,0.36487998219730916,0.996596832836867,0.052764728373595186,6.325109791259497,0.0947794375328544,2.8300318053578426,8.398800771130626,3.1841344521530575,0.0,1.0753014858292533,0.0,0.4119368245051634,1.3649356721374908,0.03470121350999697,-32.424410069700016,0.35492482035483724,1.2338709677419355,1.67508429027487,1.0302277722795385,0.0,0.5286004737051709,1.2413261856130053,1.4352411277044816,0.8305084187819082,0.591723641819778,0.1413191838666422,Apparel Retail,Consumer Cyclical,CRI
2007Q2,2007,Q2,2007-06-30,2007-06-30,-143449000.0,287775000.0,-137873000.0,-2.48,95418000.0,0.3315715402658327,942235000.0,336662000.0,396166000.0,117062000.0,605573000.0,231588000.0,83306000.0,1500319665.5,1823751665.5,5.820767720917406,3.3842408296458286,0.3643252479476988,1.0196576982255199,-0.20259093446187967,5.820767720917406,-0.4260920448402255,5.21351634262879,-2.6147266023116233,4.456456818708379,0.0,0.8306000310896937,0.0,0.30541743832483403,1.0625309664963865,-0.15224333632267958,-76.79768967547092,0.3315715402658327,-16.5,-16.504318967980645,0.29987800856837743,0.0,-0.10304568527918782,-15.92550202892519,-7.512044209333081,-24.474945907359746,0.782720584812532,0.12435148644210262,Apparel Retail,Consumer Cyclical,CRI
2007Q1,2007,Q1,2007-03-31,2007-03-31,9611000.0,320128000.0,21172000.0,0.16,106380000.0,0.3323045781687325,1060990000.0,479235000.0,349012000.0,87239000.0,581755000.0,159574000.0,226755000.0,1481059497.96,1783465497.96,8.199410568398365,4.000641914739967,0.3243725200049011,0.7181361962294073,0.016001642151308594,8.199410568398365,0.02005487913028055,4.626460346986206,38.525114399126004,3.090466051018811,0.0,1.3394913958414278,0.0,0.301725746708263,1.8181547243778586,0.009058520815464802,416.14484348412475,0.3323045781687325,-0.6414565826330533,0.027949268182483684,0.4309390321475212,0.0,-0.21709180294087344,-0.6497321330952294,-0.5758559208285754,-0.10756096464365665,0.6777705750431945,0.622131350255432,Apparel Retail,Consumer Cyclical,CRI
