Quarters,Year,Quarter,FillingDate,Date,NetIncome,Revenue,OperatingIncome,EPSDiluted,GrossProfit,GrossProfitRatio,TotalAssets,CommonStockEquity,CurrentAssets,CurrentLiability,TotalLiability,Inventory,RetainedEarnings,MarketCap,EnterpriseValue,bookValuePerShare,currentRatio,debtToAssets,debtToEquity,roic,shareholdersEquityPerShare,roe,priceToSalesRatio,peRatio,pbRatio,payoutRatio,inventoryTurnover,dividendYield,assetTurnover,quickRatio,returnOnAssets,priceToFreeCashFlowsRatio,grossProfitMargin,epsdilutedGrowth,fiveYNetIncomeGrowthPerShare,fiveYRevenueGrowthPerShare,fiveYShareholdersEquityGrowthPerShare,grossProfitGrowth,netIncomeGrowth,operatingIncomeGrowth,threeYNetIncomeGrowthPerShare,threeYRevenueGrowthPerShare,threeYShareholdersEquityGrowthPerShare,Industry,Sector,Symbol
2023Q1,2023,Q1,2023-05-08,2023-03-31,12612000.0,330916000.0,-31881000.0,0.16,47873000.0,0.1446681333,1612510000.0,866619000.0,212312000.0,146564000.0,745891000.0,10862000.0,1062672000.0,1257473040.0,1585496040.0,10.971666223555776,1.4485958352665047,0.23784596684671722,0.4425578022175835,-0.01833453263454318,10.971666223555776,0.01455310811325392,3.799976549940166,24.926122740247386,1.451010236332229,0.12535680304471933,26.058092432332902,0.0012572834165891938,0.20521795213673094,1.2395676973881717,0.007821346844360656,51.76277281521426,0.14466813330271125,-0.20000000000000004,-0.0056733657542155464,1.2274036631851555,0.5622213738733904,-0.14492650079482738,-0.18569214876033058,-2.7745185350105754,-0.01251443357244615,1.0622802532964668,0.31191186894251305,Trucking,Industrials,HTLD
2022Q4,2022,Q4,2023-03-01,2022-12-31,15488000.0,354923000.0,17966000.0,0.2,55987000.0,0.1577440741,1669488000.0,855477000.0,229782000.0,156757000.0,814011000.0,11293000.0,1051641000.0,1211307760.0,1595807760.0,10.83375968795907,1.4658484150628042,0.2599371783444984,0.5072748887462784,0.010371014952632833,10.83375968795907,0.018104519466917286,3.4128747925606397,19.55235924586777,1.4159442743638928,0.2040934917355372,26.47091118391924,0.0026095762814233106,0.21259392101051341,1.2275049918025989,0.009277095732344287,90.30848877954223,0.1577440740667694,-0.3548387096774193,-0.5767633333208897,1.2596056590507723,0.5705081977326077,0.023827810694170143,-0.36563587958222404,3.8315208825847122,0.2581828873320622,1.2046895383037588,0.29792953631638913,Trucking,Industrials,HTLD
2022Q3,2022,Q3,2022-11-09,2022-09-30,24415000.0,273976000.0,-6345000.0,0.31,54684000.0,0.199594125,1701586000.0,840889000.0,266156000.0,159818000.0,860697000.0,10103000.0,1037733000.0,1129588470.0,1554141470.0,10.652659715976032,1.6653693576443205,0.2876005091720313,0.5819757423393576,-0.0034723680322782872,10.652659715976032,0.029034747749108383,4.122946790959792,11.566541777595742,1.343326491368064,0.06463239811591234,21.70563199049787,0.001396968933296566,0.16101213808764295,1.4258469008497165,0.014348378512752221,88.33881833111754,0.1995941250328496,-0.6804123711340205,2.254849918916604,0.5876296911529197,0.6508634069531183,0.2701848926879123,-0.6825345226640314,-7.9872521246458925,0.23700810760233312,0.9240294677775034,0.29755973977330963,Trucking,Industrials,HTLD
2022Q2,2022,Q2,2022-08-09,2022-06-30,76906000.0,187821000.0,-706000.0,0.97,43052000.0,0.229218245,1113203000.0,817902000.0,296116000.0,126352000.0,295301000.0,8570000.0,1014898000.0,1097971940.0,1000558940.0,10.361846606025287,2.343579840445739,0.06689345968345396,0.09104513743700346,-0.0005402281114067934,10.361846606025287,0.09402837992815766,5.845842264709484,3.5692011676592204,1.3424248137307404,0.020531558005877304,16.892532088681445,0.0014381059683547105,0.16872124850543882,2.117821641129543,0.06908533304347904,-144.10971781073633,0.2292182450311733,3.619047619047619,4.552407043754027,0.5290973684270696,0.6244431689383,0.4078943065502469,3.584560357675112,0.9251484308736218,2.571488279073677,0.3721318431562982,0.3000185857396207,Trucking,Industrials,HTLD
2022Q1,2022,Q1,2022-05-09,2022-03-31,16775000.0,151275000.0,-9432000.0,0.21,30579000.0,0.2021417947,947113000.0,742528000.0,268487000.0,77543000.0,204585000.0,10043000.0,939571000.0,1110531030.0,923446030.0,9.407543488451646,3.4624272984021767,0.0,0.0,-0.009453231790669618,9.407543488451646,0.022591740648164108,7.341140505701537,16.55038792846498,1.4956082868255474,0.0,12.017922931395,0.0,0.15972222955444598,3.206840075828895,0.01771171972087808,71.35254626060139,0.2021417947446703,-0.19230769230769237,0.26120550944738197,0.2288946986120609,0.5119742828973062,0.07961446123428895,-0.17506761740840915,-1.351966564669005,0.00554833568314269,0.12543145822908527,0.21998028458703736,Trucking,Industrials,HTLD
2021Q4,2021,Q4,2022-02-25,2021-12-31,20335000.0,148142000.0,26798000.0,0.26,28324000.0,0.1911949346,928542000.0,727102000.0,233223000.0,71594000.0,201440000.0,0.0,924375000.0,1327316660.0,1169574660.0,9.213969814859402,3.2575774506243538,0.0,0.0,0.02812145006205116,9.213969814859402,0.027967190297922436,8.959759285010328,16.318129579542664,1.8254889410289066,2.0985492992377672,0.0,0.03215057965142998,0.15954259473454083,2.9981423024275777,0.021899924828386867,-113.41678714859438,0.19119493458978548,-0.16129032258064513,0.6365815935414852,0.11645792745040458,0.5171302067710931,-0.04658677797226336,-0.16884656257663697,-0.19460223003636581,-0.059194555013573236,0.04623803383008376,0.22549873212091823,Trucking,Industrials,HTLD
2021Q3,2021,Q3,2021-11-04,2021-09-30,24466000.0,152612000.0,33273000.0,0.31,29708000.0,0.19466359132964642,958280000.0,708816000.0,258574000.0,117039000.0,249464000.0,0.0,905620000.0,1270962720.0,1090596720.0,8.934355147726126,2.2092977554490383,0.0,0.0,0.03432996546879655,8.934355147726126,0.034516715198302524,8.328065420805704,12.987030164309655,1.7930784858129614,0.0,0.0,0.0,0.15925616729974537,2.041234118541683,0.025531159994991025,-100.00493508537257,0.19466359132964642,0.19230769230769226,1.0503008812047958,0.07296125834460583,0.5054873677243049,-0.0209919261822376,0.17953909941182142,0.2165185916419875,0.32644537639951476,0.04224106781465268,0.23068306393929128,Trucking,Industrials,HTLD
2021Q2,2021,Q2,2021-08-06,2021-06-30,20742000.0,154128000.0,27351000.0,0.26,30345000.0,0.19688181251946435,956985000.0,741766000.0,247511000.0,77219000.0,215219000.0,0.0,922249000.0,1368789780.0,1201548780.0,9.282982504442721,3.205312164104689,0.0,0.0,0.027785218157090005,9.282982504442721,0.0279629964166597,8.880863827468078,16.497803731559152,1.8453121065133746,0.0770899623951403,0.0,0.0011681852270989342,0.16105581592187965,2.9336173739623668,0.02167432091412091,-130.46032977506673,0.19688181251946435,0.5294117647058822,0.32022949546362145,-0.0013478890665914165,0.5988962493919182,0.15538379530916843,0.5102664919178681,0.4963072378138848,0.2004281264828701,0.01910831438483871,0.3136514261884793,Trucking,Industrials,HTLD
2021Q1,2021,Q1,2021-05-07,2021-03-31,13734000.0,152402000.0,18279000.0,0.17,26264000.0,0.1723336964081836,949421000.0,722417000.0,226667000.0,84056000.0,227004000.0,0.0,903105000.0,1569376159.9999998,1421164159.9999998,9.013087633496356,2.69661892071952,0.0,0.0,0.018868728282719762,9.013087633496356,0.019011180523160445,10.297608692799306,28.567354011941166,2.1723964967601814,0.1164263870685889,0.0,0.0010188761883575446,0.16052099121464555,2.483820310269344,0.014465658543470178,61.108019624639816,0.1723336964081836,-0.2272727272727272,-0.006383032910767149,-0.026213289702448274,0.6037035755503336,-0.17551404803013657,-0.22283838841104572,-0.23084367767725647,0.06704665642679127,0.010911379964270315,0.2833454699352543,Trucking,Industrials,HTLD
2020Q4,2020,Q4,2021-02-22,2020-12-31,17672000.0,155789000.0,23765000.0,0.22,31855000.0,0.20447528387755234,951176000.0,724334000.0,193012000.0,71042000.0,226842000.0,0.0,890970000.0,1465448400.0,1334134400.0,8.946371226718048,2.7168717096928576,0.0,0.0,0.024256729138043658,8.946371226718048,0.02439758453972891,9.406623060678225,20.731218877320057,2.0231666606841596,0.09155726573110004,0.0,0.0011040989228962275,0.16378567163174848,2.3849131499676246,0.018579106285272127,273.91558878504674,0.20447528387755234,-0.12,0.08951482563409467,-0.06404057666632712,0.6169140826416329,-0.07613109048723898,-0.14685719803031766,-0.13072899520831047,-0.5290109266872588,-0.03267484141506421,0.2969042840350017,Trucking,Industrials,HTLD
2020Q3,2020,Q3,2020-11-09,2020-09-30,20714000.0,162282000.0,27339000.0,0.25,34480000.0,0.2124696515941386,959751000.0,721709000.0,173597000.0,84223000.0,238042000.0,0.0,874916000.0,1513482000.0,1431533000.0,8.869472778665356,2.0611590658133765,0.0,0.0,0.028522913532184203,8.869472778665356,0.028701318675532658,9.326246903538285,18.266414019503717,2.0970806793319747,0.07859418750603457,0.0,0.0010756652540301107,0.16908760709809106,1.7155290122650582,0.021582681341306236,-47.55489222648149,0.2124696515941386,0.041666666666666706,0.4719593067442992,-0.045202058513737084,0.5732900387279929,-0.012656777962316018,0.0798665415493692,0.09404137820641081,1.67888772569147,-0.08773010368907472,0.3745194570803819,Trucking,Industrials,HTLD
2020Q2,2020,Q2,2020-08-05,2020-06-30,19182000.0,160873000.0,24989000.0,0.24,34922000.0,0.21707806779260658,930499000.0,702615000.0,169645000.0,71530000.0,227884000.0,0.0,855830000.0,1693727820.0,1611270820.0,8.636832982999595,2.3716622396197398,0.0,0.0,0.027130414891624828,8.636832982999595,0.027300868896906555,10.52835354596483,22.074442446043165,2.4106058367669347,0.08487123344802419,0.0,0.0009611933988307519,0.17288895528098364,2.049349923109185,0.020614745421542634,560.0951785714286,0.21707806779260658,0.4999999999999999,-0.11194328145764702,-0.09406265767833183,0.47351878061262925,0.11789749991997182,0.44901042453542833,0.44228327369271614,0.3437428767340148,0.27079462318007386,0.3540100402891887,Trucking,Industrials,HTLD
2020Q1,2020,Q1,2020-05-08,2020-03-31,13238000.0,166318000.0,17326000.0,0.16,31239000.0,0.18782693394581465,913291000.0,684688000.0,149260000.0,71719000.0,228603000.0,0.0,838276000.0,1520325900.0,1456142900.0,8.36311225112984,2.081177930534447,0.0,0.0,0.01892261272455991,8.36311225112984,0.019334353749445,9.141078536297936,28.711397114367728,2.2204652337999207,0.12297930200936698,0.0,0.0010708230386655914,0.18210844079269367,1.8149165493105035,0.014494832424714577,-747.0888943488943,0.18782693394581465,0.0,-0.19394706206507822,-0.04893561830488162,0.4900898017132031,0.3513431673660077,0.03527019629311019,-0.01902389310383875,-0.040472298578716204,0.3025625064937327,0.34411397238971253,Trucking,Industrials,HTLD
2019Q4,2019,Q4,2020-02-25,2019-12-31,12787000.0,167226000.0,17662000.0,0.16,23117000.0,0.13823807302692165,898931000.0,684659000.0,151814000.0,63407000.0,214272000.0,0.0,826666000.0,1726626250.0,1649942250.0,8.346955196586407,2.394278234264356,0.0,0.0,0.018833198442504185,8.346955196586407,0.018676450612640744,10.325106442778036,33.75745385938844,2.5218776792534676,0.12833346367404394,0.0,0.0009504083469135257,0.1860276261470569,2.1095462646080088,0.014224673528891538,-276.74727520435965,0.13823807302692165,-0.36,-0.3648642529203034,-0.11842640867202346,0.5373633359725679,-0.06043732726385954,-0.376274328081557,-0.3394666965855118,-0.009933272184180764,0.21246797090139946,0.37437153775822524,Trucking,Industrials,HTLD
2019Q3,2019,Q3,2019-11-12,2019-09-30,20501000.0,147908000.0,26739000.0,0.25,24604000.0,0.16634664791627227,949043000.0,673135000.0,198373000.0,86794000.0,275908000.0,0.0,815520000.0,1763647920.0000002,1705174920.0000002,8.209764367255342,2.2855612139087955,0.05633148339959306,0.07942091853788616,0.027519399565293312,8.209764367255342,0.030456000653657885,11.92395218649431,21.50685234866592,2.6200508367563713,0.16008975171942832,0.0,0.0018609156412579219,0.1558496295742132,1.9883747724497085,0.021601760931801824,-107.78926292629265,0.16634664791627227,-0.07407407407407414,-0.0347138275242627,-0.2706062357058115,0.5791142786403993,-0.22541241657222014,-0.08318053754304369,-0.07891836031691354,0.6623730618729581,0.006203542324136771,0.3833898857313382,Trucking,Industrials,HTLD
2019Q2,2019,Q2,2019-08-08,2019-06-30,22361000.0,142144000.0,29030000.0,0.27,31764000.0,0.22346352994146781,859837000.0,653329000.0,280482000.0,76815000.0,206508000.0,0.0,796661000.0,1505752160.0,1300110160.0,7.970537282842085,3.651396211677407,0.0,0.0,0.032836113638032356,7.970537282842085,0.034226247418987985,10.593146105357947,16.83457984884397,2.304737980404972,0.0,0.0,0.0,0.16531505389975076,3.3754475037427585,0.026006091852292936,414.46522433250755,0.22346352994146781,0.28571428571428586,-0.09593770371850376,-0.32917676531963685,0.6065824240504428,0.12698243746673762,0.29119990761057857,0.39279374370292186,0.38747470819979046,-0.10216554785475672,0.37284134286319176,Trucking,Industrials,HTLD
2019Q1,2019,Q1,2019-05-09,2019-03-31,17318000.0,139536000.0,20843000.0,0.21,28185000.0,0.20199088407292742,832935000.0,631827000.0,253274000.0,73930000.0,201108000.0,0.0,775940000.0,1583003520.0,1406700520.0,7.711225834797891,3.4258623021777357,0.0,0.0,0.025982088323301716,7.711225834797891,0.02740940162417877,11.344767801857586,22.85199676637025,2.5054382291355073,0.09469915694652963,0.0,0.001036005276854975,0.16752327612598822,3.1053969971594753,0.02079153835533385,1014.7458461538462,0.20199088407292742,-0.2222222222222223,0.3166506836842606,-0.3346482194910848,0.6485803274101776,-0.061376049020913814,-0.22825311942959,-0.29486789133597213,0.22562975607737293,-0.12783420336622303,0.3720625989680147,Trucking,Industrials,HTLD
2018Q4,2018,Q4,2019-02-21,2018-12-31,22440000.0,147003000.0,29559000.0,0.27,30028000.0,0.20426794011006577,806213000.0,615972000.0,232502000.0,64689000.0,190241000.0,0.0,760262000.0,1499264100.0,1337816100.0,7.5185469991577865,3.5941504738054384,0.0,0.0,0.035494794982511166,7.5185469991577865,0.036430227347996336,10.198867370053673,16.7030314171123,2.433980927704506,0.07303921568627451,0.0,0.0010932029920545686,0.18233767006982027,3.2551593006538977,0.027833835475240414,-389.01507524649713,0.20426794011006577,0.1739130434782609,0.49425658941570516,-0.15421036837261146,0.6340639311213838,0.03238671525819982,0.17758186397984888,0.1761499283781633,0.3672099113370715,-0.12720684134531016,0.3588575988927435,Trucking,Industrials,HTLD
2018Q3,2018,Q3,2018-11-06,2018-09-30,19056000.0,151279000.0,25132000.0,0.23,29086000.0,0.19226726776353625,813515000.0,595039000.0,216206000.0,81464000.0,218476000.0,0.0,739461000.0,1590121000.0,1470121000.0,7.259671811138901,2.6540066777963274,0.0,0.0,0.031295087635348856,7.259671811138901,0.03202479165231187,10.5111813272166,20.86115921494542,2.6722971099373316,0.08600965575146935,0.0,0.0010307391701637801,0.18595723496186303,2.2204409309633704,0.023424276135043606,-955.6015625,0.19226726776353625,0.0454545454545455,0.2429864997834649,0.19851289550281515,0.8015713283184179,0.026939236662782896,0.0703813963938662,0.13478123447871043,0.34431006057463953,-0.11640013588656353,0.28773937638916947,Trucking,Industrials,HTLD
2018Q2,2018,Q2,2018-08-09,2018-06-30,17803000.0,155826000.0,22147000.0,0.22,28323000.0,0.18176042508952292,785256000.0,581789000.0,196178000.0,68345000.0,203467000.0,0.0,722045000.0,1527221500.0,1420819500.0,7.066549253006195,2.8704074914039066,0.0,0.0,0.03002693699641207,7.066549253006195,0.030600441053371584,9.800813086391232,21.446125652979834,2.6250436154688384,0.09234398696848846,0.0,0.0010764646778479742,0.19843974449096854,2.4763479405955082,0.022671587354951762,-87.6504533976125,0.18176042508952292,0.375,-0.041972359223019805,0.19768456003946838,0.8319859004003641,0.2756384272395622,0.3307669307818807,0.7104572134692617,-0.18558682669031484,-0.13291893220357545,0.20561472694038582,Trucking,Industrials,HTLD
2018Q1,2018,Q1,2018-05-10,2018-03-31,13378000.0,156695000.0,12948000.0,0.16,22203000.0,0.14169565078655988,823216000.0,585089000.0,209249000.0,98370000.0,238127000.0,0.0,705885000.0,1498728909.9999998,1393709909.9999998,7.023118750675197,2.1271627528718104,0.0,0.0,0.022276500566889117,7.023118750675197,0.022864897477135958,9.564624972079516,28.00734246524144,2.561540056299127,0.12460756465839438,0.0,0.0011122758684891185,0.1903449398456784,1.792019924773813,0.016250898913529377,7170.951722488037,0.14169565078655988,-0.6521739130434784,-0.3101950135508283,0.18745376322798915,0.9282521400569924,0.32944135081731635,-0.6534645771273151,0.31198703009423445,-0.19949278780909344,-0.1194405727165153,0.251337697301393,Trucking,Industrials,HTLD
2017Q4,2017,Q4,2018-03-01,2017-12-31,38605000.0,165704000.0,9869000.0,0.46,16701000.0,0.10078815236807802,789127000.0,574645000.0,170835000.0,75321000.0,214482000.0,0.0,694174000.0,1944292020.0,1868914020.0,6.89825096335066,2.268092563826821,0.0,0.0,0.06598381887310875,6.89825096335066,0.06718060715746244,11.733524960169941,12.590933946380002,3.3834663487892525,0.04318093511203212,0.0,0.00085738149560476,0.2099839442827327,1.9392201378101726,0.04892114957414966,-41.44904962906114,0.10078815236807802,4.111111111111112,1.7565122285536288,0.2416167989843846,1.0196040638455166,-0.2062639608383632,3.876831733198585,-0.24078775290406954,0.8881089258611277,-0.13985165231789173,0.27053732332597735,Trucking,Industrials,HTLD
2017Q3,2017,Q3,2017-11-09,2017-09-30,7916000.0,182114000.0,12999000.0,0.09,21041000.0,0.11553752045422098,797694000.0,537536000.0,171722000.0,92393000.0,260158000.0,0.0,657236000.0,2089239239.9999998,2037948239.9999998,6.4527808122156465,1.8586040067970517,0.0,0.0,0.014655427609855559,6.4527808122156465,0.014726455530420289,11.472150630923487,65.98153233956543,3.886696407310394,0.21045982819605863,0.0,0.0007974194472816814,0.22830057641150617,1.4027469613498857,0.009923604790809509,-73.85602516968325,0.11553752045422098,-0.5,-0.34545220366599166,0.38683195095280437,0.4850006326426444,-0.1636125134157491,-0.4584017515051998,-0.39009055506029183,-0.6331422795966078,-0.1160564053850232,0.24116574626040033,Trucking,Industrials,HTLD
2017Q2,2017,Q2,2017-08-09,2017-06-30,14616000.0,129616000.0,21313000.0,0.18,25157000.0,0.194088692753981,751140000.0,531308000.0,252441000.0,62314000.0,219832000.0,0.0,650987000.0,1734181080.0,1562889080.0,6.378706749585804,4.051112109638283,0.0,0.0,0.02697286996686751,6.378706749585804,0.02750946720169845,13.37937507715097,29.66237479474549,3.263984506162151,0.11405309250136836,0.0,0.0009612606314445548,0.17255904358708096,3.5003209551625636,0.019458423196740952,-125.1032376280479,0.194088692753981,0.058823529411764594,-0.1677196455951438,-0.03708616896206578,0.48814916209727605,0.08118445934330411,0.04132231404958678,0.1007075349894128,-0.4184778116449569,-0.39803838497159905,0.28572488759532444,Trucking,Industrials,HTLD
2017Q1,2017,Q1,2017-05-10,2017-03-31,14036000.0,129903000.0,19363000.0,0.17,23268000.0,0.1791182651670862,751709000.0,518245000.0,237637000.0,73449000.0,233464000.0,0.0,638037000.0,1670004600.0,1510834600.0,6.22202612495798,3.2354014350093263,0.0,0.0,0.02668678326914549,6.22202612495798,0.027083715231213036,12.855781621671555,29.745023510971787,3.2224229852675856,0.11876603020803647,0.0,0.0009982008432791142,0.1728102231049515,2.7963757164835465,0.01867211913120636,115.31588178428395,0.1791182651670862,0.06250000000000006,-0.12152058190093054,0.00024235639724321404,0.5091325632974303,-0.18651889661923574,0.07030654262620101,-0.07345200497655278,0.0497542975647905,-0.39066559126735123,0.3302048320190004,Trucking,Industrials,HTLD
2016Q4,2016,Q4,2017-02-28,2016-12-31,13114000.0,140044000.0,20898000.0,0.16,28603000.0,0.20424295221501815,738228000.0,505826000.0,202111000.0,65534000.0,232402000.0,0.0,625668000.0,1695723320.0,1567216320.0,6.073288748544191,3.084063234351634,0.0,0.0,0.02571305082653454,6.073288748544191,0.025925911281745106,12.108503898774671,32.32658456611255,3.352384654011458,0.12711605917340246,0.0,0.0009830613168662445,0.1897029102120212,2.7480239265114292,0.017764159582134516,87.06733004723763,0.20424295221501815,0.06666666666666674,-0.20477684716636563,0.10816875421969428,0.5411568802556859,0.14618312963334001,0.04685878502434741,0.04946517350474564,-0.1410115199407517,-0.20740651351860384,0.31995478493292306,Trucking,Industrials,HTLD
2016Q3,2016,Q3,2016-11-09,2016-09-30,12527000.0,149316000.0,19913000.0,0.15,24955000.0,0.16712877387553912,741712000.0,494263000.0,176665000.0,76744000.0,247449000.0,0.0,614221000.0,1572439680.0,1472175680.0,5.934526811228778,2.302004065464401,0.0,0.0,0.02518795867658347,5.934526811228778,0.025344806307573093,10.530952342682633,31.381010617067133,3.181382543301845,0.13307256326335115,0.0,0.0010601360555846568,0.2013126388679164,2.0656077348066297,0.016889304743620166,107.16552034348804,0.16712877387553912,-0.25000000000000006,-0.11966674803608739,0.2192365519559091,0.5197974835531318,-0.21852002630507625,-0.23466520039100686,-0.1874566450401926,-0.19584793106270607,0.16419800834719037,0.4727213059193941,Trucking,Industrials,HTLD
2016Q2,2016,Q2,2016-08-09,2016-06-30,16368000.0,160791000.0,24507000.0,0.2,31933000.0,0.19859942409711986,742089000.0,483327000.0,162650000.0,82572000.0,258762000.0,0.0,603361000.0,1447682720.0,1370075720.0,5.805869210071113,1.9697960567746935,0.0,0.0,0.033715315432292114,5.805869210071113,0.033865271338038225,9.003505917619767,22.111478494623658,2.9952448756225083,0.1017839687194526,0.0,0.0011508046459240738,0.21667347178033902,1.7244223223368695,0.022056653581982753,-82.72,0.19859942409711986,0.1764705882352941,-0.2086352921041777,0.27677318625412434,0.4308966543345513,-0.037901840860474226,0.1384850803366488,0.21022222222222223,-0.12890650459762923,0.2222177070308711,0.5051576309178177,Trucking,Industrials,HTLD
2016Q1,2016,Q1,2016-05-10,2016-03-31,14377000.0,162786000.0,20250000.0,0.17,33191000.0,0.20389345521113608,726786000.0,468548000.0,149682000.0,75140000.0,258238000.0,0.0,588659000.0,1546494950.0,1476747950.0,5.620170566997325,1.9920415224913495,0.0,0.0,0.03057093049054397,5.620170566997325,0.030684156159027462,9.500171697811851,26.89182287681714,3.300611570212657,0.11587952980454894,0.0,0.0010772747754527099,0.22398064904937628,1.7067340963534736,0.01978161384506581,29.154396267320198,0.20389345521113608,-0.15,0.0511012433932797,0.3867666324744783,0.4677745514796759,0.03077639751552795,-0.1550396708786365,-0.2694541650131679,-0.2592174562665106,0.23272428113315818,0.5430617519112919,Trucking,Industrials,HTLD
2015Q4,2015,Q4,2016-02-29,2015-12-31,17015000.0,174606000.0,27719000.0,0.2,32200000.0,0.18441519764498357,736030000.0,469928000.0,136444000.0,66168000.0,266102000.0,0.0,575948000.0,1445542640.0,1412310640.0,5.532991098761362,2.062084391246524,0.0,0.0,0.036137274539397,5.532991098761362,0.036207674367137094,8.278882970802837,21.23923949456362,3.076093869699188,0.09920658242727005,0.0,0.0011677275739164637,0.2372267434751301,1.5397473098778867,0.02311726424194666,-24.905972432804962,0.18441519764498357,0.1764705882352941,0.18137321100631537,0.4425650133051687,0.5014989504545931,-0.04643449419568822,0.12585191556937736,0.11495917300189051,0.19161952600884818,0.28322567948665506,0.6198963139566316,Trucking,Industrials,HTLD
2015Q3,2015,Q3,2015-11-09,2015-09-30,15113000.0,182533000.0,24861000.0,0.17,33768000.0,0.1849966855308355,767459000.0,492647000.0,185167000.0,85523000.0,274812000.0,0.0,560621000.0,1742496780.0,1678331780.0,5.637531898337281,2.165113478245618,0.0,0.0,0.030598368208694514,5.637531898337281,0.03067713799130006,9.546201399199049,28.824468669357508,3.537008811583142,0.23125785747369815,0.0,0.0020057425873693724,0.2378407185269832,1.559054289489377,0.019692257175953375,-303.1483611691023,0.1849966855308355,-0.37037037037037035,-0.14280707647113774,0.48870431933589253,0.5945896904723293,-0.10524642289348171,-0.3518184937382055,-0.3043733736254512,0.19124220991944632,0.3250605024629659,0.29738459730811856,Trucking,Industrials,HTLD
2015Q2,2015,Q2,2015-08-10,2015-06-30,23316000.0,191684000.0,35739000.0,0.27,37740000.0,0.19688654243442333,782094000.0,514710000.0,196682000.0,77924000.0,267384000.0,0.0,547243000.0,1776477220.0,1697001220.0,5.861366069191701,2.524023407422617,0.0,0.0,0.04522210879934669,5.861366069191701,0.045299294748499155,9.267738674067736,19.047834319780407,3.4514138446892426,0.0,0.0,0.0,0.24509074356790872,1.961346953441815,0.02981227320501116,-131.97215808632345,0.19688654243442333,0.35000000000000003,0.44594714339409447,0.5537093962762015,0.3548903658391093,0.10924962525350498,0.3239452614842996,0.2646496815286624,0.2593461367117058,0.3507178277173279,0.3674538346161512,Trucking,Industrials,HTLD
2015Q1,2015,Q1,2015-05-11,2015-03-31,17611000.0,187523000.0,28260000.0,0.2,34023000.0,0.18143374412738705,780515000.0,492726000.0,195286000.0,95216000.0,287789000.0,0.0,525686000.0,2085914160.0000002,2033743160.0000002,5.612488751694365,2.0509788270878846,0.0,0.0,0.03572680362401177,5.612488751694365,0.035741974241261874,11.123511035979588,29.610955652717053,4.233416056794242,0.0,0.0,0.0,0.24025547234838537,1.3979373214585784,0.022563307559752215,41.33142109851788,0.18143374412738705,-0.19999999999999996,0.5304402237302319,0.6754731138720917,0.34745314248685044,-0.09359015345268543,-0.18259456950568578,-0.17481823225392004,0.045744388642824166,0.36991587102423185,0.36129122029035426,Trucking,Industrials,HTLD
2014Q4,2014,Q4,2015-03-02,2014-12-31,21545000.0,202997000.0,34247000.0,0.25,37536000.0,0.18490913658822544,759994000.0,476587000.0,150232000.0,68288000.0,283407000.0,0.0,509834000.0,2370910790.0,2378207790.0,5.429396552706228,2.1999765698219305,0.032368676594815224,0.051617018508687815,0.043025636605046755,5.429396552706228,0.04520685625079996,11.679536101518742,27.511148642376423,4.974770167881205,0.16323973079600834,0.0,0.00148339617620113,0.2671034245007197,1.6731636597938144,0.028348908017694876,-58.61481841331059,0.18490913658822544,-0.03846153846153849,1.0931812486131092,0.8455007870779722,0.34573486345002646,-0.05046672231919253,-0.05242556185952412,-0.05629650041333701,0.2396152923676997,0.5241145311772509,0.37776288915053907,Trucking,Industrials,HTLD
2014Q3,2014,Q3,2014-11-10,2014-09-30,22737000.0,217092000.0,36290000.0,0.26,39531000.0,0.18209330606378862,751621000.0,456355000.0,151874000.0,100426000.0,295266000.0,0.0,490048000.0,2103160880.0,2100837880.0,5.198967850714302,1.5122976121721468,0.027939613182707775,0.04601680709097084,0.04773117843985147,5.198967850714302,0.04982305442035258,9.68787831886942,23.124872234683558,4.608607071249356,0.07740686985970005,0.0,0.0008368356490160658,0.28883173833620934,1.1008902077151335,0.030250618330248887,971.436896073903,0.18209330606378862,-0.13333333333333328,0.619289435561559,0.9780533289840493,0.3140834383047499,-0.028793946392157828,-0.14109247506799638,-0.10708134442202648,0.5160709075345339,0.6819449213364721,0.3314251511407705,Trucking,Industrials,HTLD
2014Q2,2014,Q2,2014-08-11,2014-06-30,26472000.0,226785000.0,40642000.0,0.3,40703000.0,0.17947836056176555,751398000.0,435234000.0,150702000.0,103574000.0,316164000.0,0.0,469069000.0,1872115520.0,1898973520.0,4.9611754513952215,1.4550176685268503,0.05722666283381111,0.0987974285097212,0.05538908951298742,4.9611754513952215,0.06082245412812418,8.255023568578169,17.680148080991234,4.301399982538129,0.0,0.0,0.0,0.30181741234339193,1.0070094811439165,0.03523033066364297,-401.3109367631297,0.17947836056176555,0.8749999999999999,0.5535330295291477,1.0042014384962517,0.31247422889792253,0.12250075839055735,0.8802471766460687,0.9645204949729311,0.21451643507704324,0.7088420539583983,0.22271603064258128,Trucking,Industrials,HTLD
2014Q1,2014,Q1,2014-05-12,2014-03-31,14079000.0,224481000.0,20688000.0,0.16,36261000.0,0.16153260186830956,723746000.0,410235000.0,147700000.0,85982000.0,313511000.0,0.0,444355000.0,1990003760.0,2035072760.0,4.677494755085287,1.7178014002930846,0.08566541300400969,0.15113288724755322,0.02998602966767137,4.677494755085287,0.034319353541262934,8.864909546910429,35.33638326585695,4.850887320682048,0.0,0.0,0.0,0.31016544478311453,1.2825358796027075,0.01945295725295891,190.8144366669863,0.16153260186830956,-0.11111111111111106,0.04988948577688164,1.058794317986008,0.3224002079413531,0.14575960566228513,-0.11128645373058957,-0.22574850299401197,-0.02156207677809537,0.8178209785989101,0.22158352390750685,Trucking,Industrials,HTLD
2013Q4,2013,Q4,2014-03-03,2013-12-31,15842000.0,183348000.0,26720000.0,0.18,31648000.0,0.17261164561380543,724841000.0,397653000.0,144300000.0,88568000.0,327188000.0,0.0,432034000.0,1695658500.0,1752895500.0,4.60113393115418,1.6292566163851503,0.10347096811576607,0.18860664951603534,0.03367345818546396,4.60113393115418,0.03983875388844042,9.248306499116435,26.758908281782606,4.264166245445149,0.21834364347935867,0.0,0.002039915466469221,0.2529492674945264,1.217922951856201,0.021855827691866215,-319.4533722682743,0.17261164561380543,-0.05263157894736847,-0.12388533021790792,0.38149528641271235,0.18191604693601068,0.10502793296089385,-0.0016385177716158306,0.027692307692307693,0.08092892112158398,0.488621788972273,0.24861899200878984,Trucking,Industrials,HTLD
2013Q3,2013,Q3,2013-11-08,2013-09-30,15868000.0,130645000.0,26000000.0,0.19,28640000.0,0.21922002372842436,537452000.0,341862000.0,246300000.0,66529000.0,195590000.0,0.0,417951000.0,1203837030.0,1039622030.0,4.029633296792673,3.702144929278961,0.0,0.0,0.04619253411248353,4.029633296792673,0.04641639023933634,9.214566420452371,18.966426613309803,3.5214122365164893,0.10719687421225108,0.0,0.0014129819548747392,0.24308217291962816,3.3563709059207265,0.029524497071366375,147.33044058254802,0.21922002372842436,-0.1739130434782609,-0.039390507983196425,-0.12861500637098597,0.05190404697821658,-0.041017913946090744,-0.17086424913784096,-0.1148936170212766,-0.0729319496599682,0.09754257897944396,0.13979163707167197,Trucking,Industrials,HTLD
2013Q2,2013,Q2,2013-08-09,2013-06-30,19138000.0,133992000.0,29375000.0,0.23,29865000.0,0.22288644098155114,507511000.0,327058000.0,216670000.0,47036000.0,180453000.0,0.0,403785000.0,1201036185.0,1059482185.0,3.8573163971741615,4.606471638744791,0.0,0.0,0.05825976781679313,3.8573163971741615,0.05851561496737582,8.963491738312735,15.689154888180582,3.672242186401189,0.0,0.0,0.0,0.26401792276423564,4.094310740709244,0.03770952747822215,-70.46266852449399,0.22288644098155114,0.0,0.25959804063117603,-0.07675693170180972,0.0596693677597465,0.12800271944402478,-0.03020168237559542,-0.02754328466911643,0.22919042349822202,0.12483039968730311,-0.10835788742244372,Trucking,Industrials,HTLD
2013Q1,2013,Q1,2013-05-10,2013-03-31,19734000.0,134273000.0,30207000.0,0.23,26476000.0,0.19718037133303046,515200000.0,308751000.0,209542000.0,71633000.0,206449000.0,0.0,386346000.0,1118116300.0,990610300.0,3.642220125044237,2.925216031717225,0.0,0.0,0.0636563798008146,3.642220125044237,0.06391558245965195,8.327186403819084,14.164846204520117,3.6214175824531742,0.0,0.0,0.0,0.2606230590062112,2.502380187902224,0.03830357142857143,-114.35020454080589,0.19718037133303046,0.3529411764705882,0.5275410512413403,0.02249272498845542,0.05212402411208074,1.1902120811540893,0.3807724601175483,0.2225594949004371,0.776050421481534,0.24245144633629023,-0.125571351632891,Trucking,Industrials,HTLD
2012Q4,2012,Q4,2013-03-01,2012-12-31,14292000.0,136193000.0,24708000.0,0.17,-139192000.0,-1.0220202213035912,467737000.0,290364000.0,191425000.0,45355000.0,177373000.0,0.0,368313000.0,1111080700.0,991242700.0,3.4156452182096224,4.220593098886561,0.0,0.0,0.04887481090139702,3.4156452182096224,0.04922097780716618,8.158133677942331,19.43536069129583,3.826509829042168,6.189616568709767,0.0,0.07961797914408918,0.2911743137703453,3.720515929886451,0.030555632759435323,-163.80372991301783,-1.0220202213035912,0.21428571428571425,-0.027357515599356386,0.0088902702688857,-0.04120298906800752,-2.70315444289455,0.14942898504101657,0.2563176895306859,0.4337517381612665,0.27849788594162883,-0.1533952610203142,Trucking,Industrials,HTLD
2012Q3,2012,Q3,2012-11-09,2012-09-30,12434000.0,135010000.0,19667000.0,0.14,81726000.0,0.6053329383008667,546344000.0,372158000.0,290090000.0,47486000.0,174186000.0,0.0,440768000.0,1148512860.0,935771860.0,4.345305093057469,6.1089584298530095,0.0,0.0,0.033089188419718855,4.345305093057469,0.033410540684332996,8.506872527960892,23.092183931156505,3.0860894028880206,0.13945632941933409,0.0,0.0015097784799727883,0.24711537053577964,5.5874362970138565,0.02275855504956584,91.82960422163589,0.6053329383008667,-0.33333333333333326,-0.17439557275157197,0.04857717844041985,0.29100304862355086,-0.06873447434991682,-0.3178252043671476,-0.26473007327650666,-0.09242864412567241,0.2607782570635229,0.09831290000833008,Trucking,Industrials,HTLD
2012Q2,2012,Q2,2012-08-08,2012-06-30,18227000.0,139710000.0,26748000.0,0.21,87758000.0,0.6281440125975234,551722000.0,370558000.0,291033000.0,51104000.0,181164000.0,0.0,430049000.0,1237113810.0,1026374810.0,4.286335612080832,5.6949162492172825,0.0,0.0,0.04888278378778921,4.286335612080832,0.049187981368638646,8.85486944384797,16.9681490371427,3.338515994797036,0.0,0.0,0.0,0.2532253562482555,5.132474953036945,0.033036565516691374,235.3717294520548,0.6281440125975234,0.1052631578947368,0.044045265775185895,0.06490474152178866,0.2675448150553159,0.07032393404234559,0.09880636604774536,0.12490537471612415,0.08546828269140093,0.2529182735479055,0.13394599372239263,Trucking,Industrials,HTLD
2012Q1,2012,Q1,2012-05-10,2012-03-31,16588000.0,134833000.0,23778000.0,0.19,81992000.0,0.6081003908538711,550667000.0,356525000.0,253204000.0,59879000.0,194142000.0,0.0,413558000.0,1250414040.0,1078102040.0,4.122915558433749,4.22859433190267,0.0,0.0,0.0462506867315238,4.122915558433749,0.046526891522333635,9.273798254136599,18.845159754039067,3.507226814388893,0.0,0.0,0.0,0.24485396800607265,3.714674593764091,0.030123468448263652,51.284309736691,0.6081003908538711,-0.04041233500759253,-0.16432141903293304,0.06810637160610658,-0.20708025949358683,-0.005349799230890542,-0.03118794533348908,-0.11494081739000968,0.2545837465916345,0.25419025741989515,0.1656120802423044,Trucking,Industrials,HTLD
2011Q4,2011,Q4,2012-02-28,2011-12-31,17122000.0,131210000.0,26866000.0,0.1980017114970974,82433000.0,0.6282524197850774,525666000.0,340771000.0,213435000.0,45663000.0,184895000.0,0.0,398706000.0,1235713460.0,1095943460.0,3.940733630917964,4.674134419551935,0.0,0.0,0.04996036506022489,3.940733630917964,0.050244885861766404,9.417829891014405,18.042773332554606,3.6262283468957155,0.20564186426819298,0.0,0.002849366065819175,0.24960716500591631,4.0356962967829535,0.03257201340775321,-158.48575862511223,0.6282524197850774,0.16471594998292574,-0.009878031640225169,0.01551216139849079,-0.21784666465705538,0.013886155662698022,0.11189038249236963,0.06899570268979786,-0.053633680216586516,-0.011915683919030471,0.012275753058551647,Trucking,Industrials,HTLD
2011Q3,2011,Q3,2011-11-08,2011-09-30,15399000.0,132529000.0,25132000.0,0.17,81304000.0,0.6134808230651405,544178000.0,351937000.0,232407000.0,57504000.0,192241000.0,0.0,383315000.0,1222149240.0,1081027240.0,3.9048142107423804,4.041579716193656,0.0,0.0,0.04345413793981288,3.9048142107423804,0.04375499023973041,9.221749503882169,19.84137346580947,3.4726364093573565,0.11773491785180856,0.0,0.0014834522173413126,0.24353979763974287,3.44868183082916,0.028297726111676694,-2930.8135251798562,0.6134808230651405,-0.31999999999999995,-0.26988998554477167,-0.01678596890911358,-0.22132973106421708,-0.029368225013132132,-0.3165719865080774,-0.2311316425490256,-0.12251853633516782,-0.1679509013578088,0.01932100726069957,Trucking,Industrials,HTLD
2011Q2,2011,Q2,2011-08-08,2011-06-30,22532000.0,137192000.0,32687000.0,0.25,83764000.0,0.6105603825295935,554343000.0,367971000.0,240137000.0,56939000.0,186372000.0,0.0,369706000.0,1501809840.0,1350392840.0,4.057504217711078,4.217443228718453,0.0,0.0,0.060845900349173226,4.057504217711078,0.0612330863029967,10.946774155927459,16.663077401029646,4.081326626283049,0.0,0.0,0.0,0.24748576242506895,3.5429143469326823,0.04064631464634712,-77.11475430038512,0.6105603825295935,0.5625,-0.01278610176490711,0.040833778399019305,-0.1583380542989003,0.06624236252545825,0.5143490825996371,0.4943994879531843,0.38650062236516997,-0.11620635668411776,0.11466431227012243,Trucking,Industrials,HTLD
2011Q1,2011,Q1,2011-05-06,2011-03-31,14879000.0,127692000.0,21873000.0,0.16,78560000.0,0.6152303981455377,535342000.0,347252000.0,222846000.0,61951000.0,188090000.0,0.0,348987000.0,1590911782.5,1445179782.5,3.8290421109506116,3.5971332181885685,0.0,0.0,0.042388553674868865,3.8290421109506116,0.042847845368781175,12.458977715910159,26.73082503024397,4.581433029903355,0.0,0.0,0.0,0.23852415838846944,3.104744071927814,0.027793447926745894,3107.2495751953124,0.6152303981455377,-0.056490018856882734,-0.1819508444443716,0.02656937289903264,-0.16547814100600208,-0.11452756393638484,-0.03251186683139346,-0.10809818952862502,0.07656208448846694,-0.09108599827918432,0.10609108070288406,Trucking,Industrials,HTLD
2010Q4,2010,Q4,2010-12-31,2010-12-31,15379000.0,129243000.0,24524000.0,0.1695795520956235,88721000.0,0.686466578460729,506035000.0,334187000.0,193786000.0,48900000.0,171848000.0,0.0,335922000.0,1452837780.0,1331717780.0,3.684978332543087,3.9629038854805727,0.0,0.0,0.04554004968274232,3.684978332543087,0.046019144969732514,11.241133214177944,23.617234215488654,4.347379700586797,6.1327784641394105,0.0,0.06491846598317398,0.25540328238165344,3.5396932515337425,0.03039117847579713,130.34611340391172,0.686466578460729,-0.15210223952188254,-0.2286742228769307,0.0015368298949567877,-0.1628458169631075,0.04253769050892469,-0.1594796961250478,-0.15611988575754449,-0.018921569035504748,-0.10254727471378691,0.0344008188424902,Trucking,Industrials,HTLD
2010Q3,2010,Q3,2010-09-30,2010-09-30,18297000.0,127245000.0,29061000.0,0.2,85101000.0,0.668796416362136,595094000.0,320623000.0,264507000.0,149153000.0,274471000.0,0.0,322357000.0,1348545430.0,1178566430.0,3.535412233016132,1.7733937634509531,0.0,0.0,0.05639365971673273,3.535412233016132,0.05706702264029717,10.598022947856498,18.425772394381593,4.206015881580548,0.09919658960485325,0.0,0.0013458945910335407,0.21382336235956,1.621670365329561,0.030746403089259848,53.652095882235926,0.668796416362136,0.11111111111111122,0.13199970382604942,0.013886796834500701,-0.1574343701199518,-0.15380485040121708,0.09872095117996757,0.3189760813325466,0.14734363226644304,-0.0666862553638036,0.05038147453837662,Trucking,Industrials,HTLD
2010Q2,2010,Q2,2010-06-30,2010-06-30,16653000.0,127411000.0,22033000.0,0.18,100569000.0,0.7893274521038215,571112000.0,392328000.0,219822000.0,52041000.0,178784000.0,0.0,396563000.0,1316804280.0,1200533280.0,4.3260814431739245,4.224015679944659,0.0,0.0,0.041660052434315045,4.3260814431739245,0.042446626292286044,10.33509100470132,19.76827418483156,3.356386187067963,0.0,0.0,0.0,0.22309284343526314,3.771180415441671,0.02915890403283419,68.51218938605619,0.7893274521038215,0.3846153846153845,0.038093409242186564,0.08670308452229232,0.08412700073988726,0.16730311647611862,0.40094220577101036,0.3917629966521382,-0.0906898789399438,-0.07422467635093562,0.2792983562339678,Trucking,Industrials,HTLD
2010Q1,2010,Q1,2010-03-31,2010-03-31,11887000.0,115617000.0,15831000.0,0.13,86155000.0,0.7451758824394337,565485000.0,377743000.0,158514000.0,56704000.0,187742000.0,0.0,381723000.0,1496368500.0,1408657500.0,4.165257087408616,2.795464164785553,0.0,0.0,0.030687297585049452,4.165257087408616,0.03146848518701869,12.942460883780067,31.470692773618236,3.961340117487287,0.0,0.0,0.0,0.2044563516273641,2.3701678893905194,0.021020893569237028,52.403029241814046,0.7451758824394337,0.10864963503649636,-0.1316338654307079,0.07420690325365858,0.03345459631528492,-0.044240817367959796,0.11239004304697735,-0.3784208253170521,-0.4289837830939353,-0.12668495943587219,-0.19893713027069523,Trucking,Industrials,HTLD
2009Q4,2009,Q4,2010-02-24,2009-12-31,10686000.0,114196000.0,25469000.0,0.11725976890410508,90143000.0,0.7893709061613366,551163000.0,367670000.0,124514000.0,47054000.0,183493000.0,0.0,371650000.0,1391570370.0,1339219370.0,4.034521732451087,2.646193734857823,0.0,0.0,0.04563428431634943,4.034521732451087,0.029064106399760654,12.185806595677606,32.5559229365525,3.7848352326814805,0.3409133445629796,0.0,0.0026179056974316,0.20719097617220314,2.157011093637098,0.01938809390325548,1188.3606917164816,0.7893709061613366,-0.26712644434934324,-0.29172787355592655,0.049129906207903945,0.03402361427366866,0.025891109391359766,-0.26339008754394433,0.13650156180276662,-0.41363399175240545,-0.16133504108374835,-0.19923168498573787,Trucking,Industrials,HTLD
2009Q3,2009,Q3,2009-11-06,2009-09-30,14507000.0,113390000.0,22410000.0,0.16,87868000.0,0.7749184231413705,568626000.0,358797000.0,144429000.0,111108000.0,209829000.0,0.0,362777000.0,1305921600.0,1264580600.0,3.956345312000353,1.2998973971271195,0.0,0.0,0.03956891550104788,3.956345312000353,0.04043233360368119,11.51707910750507,22.505025160267458,3.6397227401566905,0.12490521817053836,0.0,0.0013875258667901656,0.19941050884060876,0.8758145228066386,0.025512375445371827,1309.851153460381,0.7749184231413705,-0.15789473684210525,-0.06291496800190068,0.06589382380847078,0.05727574465372759,-0.0654130060201238,-0.1764405336361056,0.03233830845771144,-0.31642946103003233,-0.16397003966043633,-0.2110537654716124,Trucking,Industrials,HTLD
2009Q2,2009,Q2,2009-08-07,2009-06-30,17615000.0,116974000.0,21708000.0,0.19,94018000.0,0.8037512609639749,543028000.0,342806000.0,132003000.0,108698000.0,200222000.0,0.0,350083000.0,1334942080.0,1290362080.0,3.7800174221790956,1.2144013689304312,0.0,0.0,0.050085766892688906,3.7800174221790956,0.05138474822494355,11.412297433617727,18.946098211751348,3.8941619458235857,0.10303718421799603,0.0,0.001359609549501953,0.21541062339326886,0.7693701816040773,0.03243847462745936,-144.92911518836175,0.8037512609639749,0.2666666666666667,0.2371623098772649,0.13627604502378488,0.054291240908812925,0.03920593339302097,0.24566862315253518,-0.16725487187356144,-0.22821885241384868,-0.11255400902059232,-0.21589808719162323,Trucking,Industrials,HTLD
2009Q1,2009,Q1,2009-05-08,2009-03-31,14141000.0,114979000.0,26068000.0,0.15,90471000.0,0.7868480331190914,534984000.0,327131000.0,128285000.0,116596000.0,207853000.0,0.0,334283000.0,1369702850.0,1323101850.0,3.5371249391793262,1.1002521527325122,0.0,0.0,0.05659434800484952,3.5371249391793262,0.043227330946929515,11.912634915941172,24.215098826108477,4.187016363475183,0.0,0.0,0.0,0.21492044621895234,0.6966019417475728,0.026432566207587518,47.19370326982049,0.7868480331190914,-0.28306201550387605,0.1652289567709176,0.16363035526553152,0.029008105586815693,-0.2057328475483956,-0.26919896640826874,-0.3908776521170203,-0.23762421883575097,-0.09358631615590479,-0.2291001262963032,Trucking,Industrials,HTLD
2008Q4,2008,Q4,2009-02-24,2008-12-31,19350000.0,142023000.0,42796000.0,0.20922311726225876,113905000.0,0.8020179830027531,557714000.0,360039000.0,138628000.0,104696000.0,197675000.0,0.0,367281000.0,1457563600.0,1400912600.0,3.892944801859761,1.3241002521586307,0.0,0.0,0.07480764422857637,3.892944801859761,0.05374417771408097,10.262870098505172,18.831571059431525,4.048349206613728,0.1971576227390181,0.0,0.0026173814988244767,0.2546520259487838,0.8949243524107894,0.03469520220041096,172.41111899692453,0.8020179830027531,0.10117430138030924,0.09882697478001803,0.4906374160978522,0.1700049430482108,-0.015105661813025282,0.0334882230411793,0.49526571398623387,-0.04835706003384561,0.07919988008880582,-0.1155999490071575,Trucking,Industrials,HTLD
2008Q3,2008,Q3,2008-11-07,2008-09-30,18723000.0,169935000.0,28621000.0,0.19,115652000.0,0.6805660988024833,575173000.0,368362000.0,160795000.0,119773000.0,206811000.0,0.0,375584000.0,1492372160.0,1424552160.0,3.830799309469831,1.3424978918454076,0.0,0.0,0.047596522965503416,3.830799309469831,0.050827718385718396,8.78201759496278,19.92699033274582,4.05137381163095,0.10276130961918496,0.0,0.0012892226560967206,0.2954502384499968,0.968557187346063,0.032551945240823194,43.77870163395817,0.6805660988024833,0.05555555555555561,0.34347053996851457,0.6917414029296456,0.22226475948331068,0.06470025040506702,0.08658812605188324,-0.18071220014885211,0.09247385866259128,0.2770290261214956,-0.08703720517087046,Trucking,Industrials,HTLD
2008Q2,2008,Q2,2008-08-08,2008-06-30,17231000.0,164592000.0,34934000.0,0.18,108624000.0,0.6599591717701954,538166000.0,350026000.0,124563000.0,104675000.0,188140000.0,0.0,358784000.0,1433715780.0,1405962780.0,3.6401131471120447,1.189997611655123,0.0,0.0,0.07429892745462388,3.6401131471120447,0.04922777165124877,8.71072579469233,20.80140125355464,4.096026523743951,0.11154314897568336,0.0,0.0013405725366292614,0.30583871890829223,0.7762025316455696,0.032018001880460674,112.52772780786438,0.6599591717701954,0.2,0.418074179191331,0.6650229342681516,0.21407824706157472,0.11931578133855428,0.17513469276410012,0.2785565274677012,0.013033075772104432,0.32398141602925834,-0.08777839706200943,Trucking,Industrials,HTLD
2008Q1,2008,Q1,2008-05-09,2008-03-31,14663000.0,149049000.0,27323000.0,0.15,97045000.0,0.6510946064716973,527403000.0,333075000.0,104082000.0,107051000.0,194328000.0,0.0,343475000.0,1372025900.0,1356187900.0,3.461778308995479,0.9722655556697275,0.0,0.0,0.053171410610440846,3.461778308995479,0.0440231179163852,9.205200303255976,23.392653276955603,4.1192701343541245,0.1323058037236582,0.0,0.0014139674768530244,0.28260931394019373,0.5647962186247676,0.027802268853229884,44.8682396415841,0.6510946064716973,-0.13219628884447193,0.37884942544428873,0.6333719498479019,0.19929029247524835,0.2672287349629459,-0.1183214109599329,1.479976480221431,0.009637049065737719,0.305290382997106,-0.14108766163058042,Trucking,Industrials,HTLD
2007Q4,2007,Q4,2007-12-31,2007-12-31,16630777.0,152786021.0,-56925706.0,0.1728501481058047,76580492.0,0.5012270854281885,526294000.0,342759000.0,277918000.0,95372000.0,183535000.0,0.0,341350000.0,1364328700.0,1356368700.0,3.5624278958582343,2.914041857148849,0.0,0.0,-0.10265779202534472,3.5624278958582343,0.048520321858798746,8.929669684898725,20.509094373642313,3.9804314401664143,0.11662888631120483,0.0,0.0014216727977649376,0.29030545854598383,2.527146332256847,0.03159978453107959,43.02169543222824,0.5012270854281885,-0.03972139941219603,0.5472556058339172,0.7261634440196999,0.2832968632362714,-0.06547136446564458,-0.02997991924770554,-0.31249922761214194,0.04404897859887756,0.3294908343277643,-0.08697119194181196,Trucking,Industrials,HTLD
2007Q3,2007,Q3,2007-11-08,2007-09-30,17144776.0,146574527.0,-43371992.0,0.18,81945581.0,0.5590710928918775,515957043.0,328165602.0,255350487.0,100073342.0,187791441.0,0.0,326757332.0,1407885199.0,1402515894.0,3.3658364305881165,2.551633450994372,0.0,0.0,-0.08020909256080591,3.3658364305881165,0.05224428122725672,9.605251525048415,20.529361232249403,4.290166886534317,5.832680461966957e-08,0.0,7.102851856886379e-10,0.2840828107467078,2.1634066542916095,0.033229076398129526,119.40096527608043,0.5590710928918775,-0.10000000000000009,0.5879661965653927,0.6497488540264029,0.2717324397058965,0.03984517082297239,-0.13589789622030904,0.09398796607237904,0.030119879437301038,0.28159928045999855,-0.1005291657078749,Trucking,Industrials,HTLD
2007Q2,2007,Q2,2007-08-06,2007-06-30,19841146.0,149103425.0,-47871320.0,0.2,78805560.0,0.5285295089633253,513748071.0,332249058.0,261128516.0,94570312.0,181499013.0,0.0,330827838.0,1601505790.7,1590926766.7,3.381604785227081,2.7612102622649695,0.0,0.0,-0.09229069124948232,3.381604785227081,0.05971768925225967,10.740905453379089,20.179098912683774,4.820196633033042,10.101836758824314,0.0,0.12515222808678914,0.290226734496099,2.3428238028864703,0.038620380532776735,311.0224865046054,0.5285295089633253,-0.13043478260869565,0.8315431951633494,0.7988713533811259,0.3242778537014143,0.014706972464894549,-0.12025534532616755,-0.20582724697457042,0.28624734188696377,0.33689048897517154,-0.05683072137138909,Trucking,Industrials,HTLD
2007Q1,2007,Q1,2007-05-10,2007-03-31,22553301.0,143429027.0,-39699982.0,0.23,77663367.0,0.541475938479315,700707943.0,510876727.0,450618980.0,104036636.0,189831216.0,0.0,509455507.0,1560239997.3200002,1548822958.3200002,5.199663153550158,4.331349006709521,0.0,0.0,-0.05064822341960541,5.199663153550158,0.04414626818574963,10.878132759835289,17.295029199051616,3.054043989206813,0.08709829217461337,0.0,0.0012590075907386942,0.204691595739482,3.9467926856074045,0.032186449754573423,57.015846115099336,0.541475938479315,0.1501317387657359,1.4065999325544363,0.9923134179516934,1.128141171578516,-0.010726301260141973,0.14786009882774068,0.14322406140423136,0.7493296388319546,0.3663562858608991,0.5126679501927977,Trucking,Industrials,HTLD
