Quarters,Year,Quarter,FillingDate,Date,NetIncome,Revenue,OperatingIncome,EPSDiluted,GrossProfit,GrossProfitRatio,TotalAssets,CommonStockEquity,CurrentAssets,CurrentLiability,TotalLiability,Inventory,RetainedEarnings,MarketCap,EnterpriseValue,bookValuePerShare,currentRatio,debtToAssets,debtToEquity,roic,shareholdersEquityPerShare,roe,priceToSalesRatio,peRatio,pbRatio,payoutRatio,inventoryTurnover,dividendYield,assetTurnover,quickRatio,returnOnAssets,priceToFreeCashFlowsRatio,grossProfitMargin,epsdilutedGrowth,fiveYNetIncomeGrowthPerShare,fiveYRevenueGrowthPerShare,fiveYShareholdersEquityGrowthPerShare,grossProfitGrowth,netIncomeGrowth,operatingIncomeGrowth,threeYNetIncomeGrowthPerShare,threeYRevenueGrowthPerShare,threeYShareholdersEquityGrowthPerShare,Industry,Sector,Symbol
2023Q1,2023,Q1,2023-05-05,2023-03-31,87798000.0,943147000.0,135732000.0,1.14,660654000.0,0.7004782924,5901448000.0,3480049000.0,2331882000.0,2004598000.0,2421399000.0,311885000.0,2373513000.0,25702382940.0,24969001940.0,45.241858530180316,1.163266649971715,0.02148252428895417,0.03642994681971432,0.023886856773102445,45.241858530180316,0.025228955109540124,27.251725277183727,73.18612878425476,7.3856382309559425,0.0,0.9057601359475448,0.0,0.1598162010408293,0.8822003214609613,0.014877365690589835,189.2998979201037,0.7004782923552744,1.1111111111111107,-0.04707116174814611,1.2460216627989373,2.211623817538105,0.06953687949347662,1.1016876122082586,0.20478248906010066,-0.9409107070135837,0.749002265980579,0.2462887678865678,Medical Devices,Healthcare,ALGN
2022Q4,2022,Q4,2023-02-27,2022-12-31,41775000.0,901515000.0,112661000.0,0.54,617701000.0,0.6851810563,5947947000.0,3601358000.0,2424391000.0,1925887000.0,2346589000.0,338752000.0,2566688000.0,16353396900.0,15538254900.0,46.44456481087425,1.258843847016985,0.021336437597712286,0.03523892931499729,0.010659618592665761,46.44456481087425,0.011599790967740503,18.13990549242109,97.8659299820467,4.540897322621078,0.0,0.8378223597203854,0.0,0.15156742317979632,0.9654091854818065,0.007023431782428458,178.71978951509786,0.6851810563329507,-0.41935483870967744,3.2033202699704693,1.2097872132490808,2.2331169537234192,-0.0023709197327385577,-0.4253782668500688,0.010711690455471125,-0.6508907910854235,0.405955296210735,1.7110422344511549,Medical Devices,Healthcare,ALGN
2022Q3,2022,Q3,2022-11-04,2022-09-30,72700000.0,890348000.0,111467000.0,0.93,619169000.0,0.6954235872,5912802000.0,3694622000.0,2500580000.0,1809403000.0,2218180000.0,320903000.0,2674661000.0,16173841230.000002,15250185230.000002,47.31053999718284,1.3819917398169452,0.020441577445008307,0.03271430744471288,0.016889853361520792,47.31053999718284,0.01967724979713757,18.16575230134734,55.61843614167813,4.37767144514378,0.0,0.8450497502360527,0.0,0.15057970823308475,1.0779212812181698,0.012295355061779508,84.62042980317474,0.6954235871816413,-0.35416666666666663,-0.09603236001364655,1.3722465908112114,2.2087052313146223,-0.09946782748825919,-0.3554964539007092,-0.4077079215286191,-0.2796473383061199,0.48923585433609174,1.8748363784557371,Medical Devices,Healthcare,ALGN
2022Q2,2022,Q2,2022-08-04,2022-06-30,112800000.0,969553000.0,188196000.0,1.44,687559000.0,0.7091505054,5810119000.0,3599081000.0,2376804000.0,1804414000.0,2211038000.0,310046000.0,2601961000.0,18553744650.0,17799188650.0,45.90957331462466,1.317216558949332,0.021160496024263876,0.034160109205655556,0.03200686888108461,45.90957331462466,0.03134133407944972,19.136390326263754,41.12088796542553,5.155133949472101,0.0,0.9095231030234223,0.0,0.16687317419832537,1.0150070881737783,0.019414404420976576,363.6206692797648,0.7091505054391044,-0.15294117647058825,0.6678455748642603,1.7819861659143361,2.4141128019166698,-0.030714207171112545,-0.1600768440334182,0.00017537985682626234,-0.2182560618910067,0.6459179020866114,1.6717602905847488,Medical Devices,Healthcare,ALGN
2022Q1,2022,Q1,2022-05-05,2022-03-31,134298000.0,973219000.0,188163000.0,1.7,709346000.0,0.7288657538,5943414000.0,3666852000.0,2480768000.0,1863647000.0,2276562000.0,275669000.0,2680270000.0,34331512000.0,33535619000.0,46.56793071042138,1.331136207661644,0.02191097574558999,0.035514386727361784,0.03454147475423037,46.56793071042138,0.03662487605171957,35.276245120574096,63.909201924079284,9.362666396134886,0.0,0.9572095520352306,0.0,0.1637474690472513,1.0537188641411168,0.02259610385546085,-604.1089565370403,0.7288657537512112,-0.2916666666666667,0.9631207566994446,2.1822441959116055,2.561157014461548,-0.04729888538646159,-0.29672550939720677,-0.1481674302374011,0.8957354270641389,0.7979766216278082,1.9616175042320891,Medical Devices,Healthcare,ALGN
2021Q4,2021,Q4,2022-02-25,2021-12-31,190961000.0,1031099000.0,220892000.0,2.4,744563000.0,0.7221062187,5942110000.0,3622714000.0,2494075000.0,1924071000.0,2319396000.0,230230000.0,2987820000.0,51758839619.99999,50762125619.99999,45.99746060767658,1.2962489429963864,0.01727601811477741,0.028336766302832626,0.05008450891871013,45.99746060767658,0.05271213791649023,50.197740100611085,67.76100829488743,14.287310458402182,0.0,1.2445641315206533,0.0,0.17352405122086262,1.0750850670271523,0.03213690086518089,189.69774351381164,0.7221062187045085,0.052631578947368474,3.0683142949124838,2.56779821136975,2.69240678005864,-0.01402756516534332,0.055213876409771837,-0.15418900291009344,0.9889279912076115,0.9585763552876324,1.9330429585717273,Medical Devices,Healthcare,ALGN
2021Q3,2021,Q3,2021-11-02,2021-09-30,180969000.0,1015906000.0,261160000.0,2.28,755156000.0,0.7433325524211886,5650109000.0,3516762000.0,2455307000.0,1790315000.0,2133347000.0,207116000.0,2526705000.0,52505088719.99999,51363788719.99999,44.57013586129981,1.3714385457307792,0.017083210253111932,0.027446270176941175,0.048627086296804976,44.57013586129981,0.05145898414507436,51.68301862573899,72.53326359763274,14.929952245844328,0.0,1.2589563336487766,0.0,0.17980290291744813,1.1689892560806339,0.03202929359415898,227.6199276889062,0.7433325524211886,-0.09163346613545817,2.5709689468023917,2.6962015951084264,2.6661000666239936,-0.004458576893972352,-0.09385921868271628,-0.02879115811708355,0.8214895653398261,1.0412998997607064,1.9929664999288248,Medical Devices,Healthcare,ALGN
2021Q2,2021,Q2,2021-08-04,2021-06-30,199714000.0,1010808000.0,268902000.0,2.51,758538000.0,0.7504273808675832,5395568000.0,3384410000.0,2231825000.0,1696581000.0,2011158000.0,178751000.0,2458955000.0,48273888000.0,47284262000.0,42.83629505872823,1.3154839055724425,0.01792786227511172,0.02858134800452664,0.055839979130132146,42.83629505872823,0.05900998992438859,47.75772253484341,60.42877314559821,14.263605177859656,0.0,1.4112928039563415,0.0,0.18734042458551167,1.1166198371902079,0.037014453343929686,249.77822390785803,0.7504273808675832,0.0,3.0300248561746095,2.7973897546376247,2.7641089337461238,0.12027800997787617,-0.0033037888769114065,0.1927556931593375,0.911008391334008,1.0933074983350546,1.8189268420274542,Medical Devices,Healthcare,ALGN
2021Q1,2021,Q1,2021-05-05,2021-03-31,200376000.0,894771000.0,225446000.0,2.51,677098000.0,0.7567276990425483,5069782000.0,3393576000.0,2115555000.0,1393842000.0,1676206000.0,150643000.0,2416176000.0,42780870000.0,41734530000.0,42.9566582278481,1.517786807973931,0.016836621377408337,0.025152818148171722,0.04844426373272561,42.9566582278481,0.05904567924808521,47.81208823263159,53.37574110671937,12.606427556064752,0.0,1.4449592745763162,0.0,0.17649102071844508,1.3277365727248855,0.039523592927664344,232.8134591523542,0.7567276990425483,0.2549999999999999,3.9939267155229845,2.7876302145726575,2.8443471441401544,0.10915485459397212,0.26032153370065664,0.057518387871510056,1.1175778236869134,1.0747428819124352,2.0494022829404597,Medical Devices,Healthcare,ALGN
2020Q4,2020,Q4,2021-02-26,2020-12-31,158988000.0,834520000.0,213184000.0,2.0,610463000.0,0.7315139241719791,4829683000.0,3233865000.0,1849538000.0,1325601000.0,1595818000.0,139237000.0,2215800000.0,42137466140.0,41262803140.0,41.01131218850266,1.3952448738345853,0.017843821219736367,0.026649226235479835,0.046380272486460636,41.01131218850266,0.04916346229666359,50.49305725446963,66.25887824867286,13.030063450391404,0.0,1.6091771583702608,0.0,0.17278980835802266,1.2592009209407657,0.03291893070414766,128.36652198416493,0.7315139241719791,0.13636363636363635,2.2931624367760866,2.668946854840452,2.8611554113452775,0.14300077889785953,0.1407538153561358,0.20396003817720776,14.730899131852425,1.0115342195863566,1.854895277219758,Medical Devices,Healthcare,ALGN
2020Q3,2020,Q3,2020-10-30,2020-09-30,139371000.0,734144000.0,177069000.0,1.76,534088000.0,0.7274976026501613,4415091000.0,3033471000.0,1473247000.0,1121794000.0,1381620000.0,123093000.0,2056812000.0,25803824640.0,25274484640.0,38.484103826245814,1.3132954891896373,0.019522134424862364,0.028413655512117966,0.041712747090768894,38.484103826245814,0.04594439834763543,35.148178885886146,46.286215640269496,8.506369317524381,0.0,1.6252427026719636,0.0,0.16628060440883324,1.1689240627067001,0.031566959775008036,135.9405355684686,0.7274976026501613,4.384615384615385,4.109749381963532,2.5798642440375077,2.8475474227851185,1.380835205591812,4.432614156938082,3.4256027397260276,0.716898125201039,0.9379159382421737,1.610076851312266,Medical Devices,Healthcare,ALGN
2020Q2,2020,Q2,2020-07-31,2020-06-30,-40602000.0,352314000.0,-73000000.0,-0.52,224328000.0,0.6367274647047804,4025857000.0,2845045000.0,1149244000.0,941592000.0,1180812000.0,131276000.0,1917441000.0,21617364360.0,21284484360.0,36.11884116847999,1.220532884731391,0.01775497738742335,0.02512403143008283,-0.01349718753165953,36.11884116847999,-0.014271127521708796,61.35823259932901,-133.10529259642382,7.598250417831704,0.0,0.9749382979371706,0.0,0.08751279541225632,1.0317292415398602,-0.010085306060299708,848.3053157006632,0.6367274647047804,-1.0270692347735555,-2.319585307920847,0.7135561519258481,2.7656353208929296,-0.43115357697106166,-1.0267447275630364,-2.044080208243943,-1.5974852614048944,0.00611203775742429,1.6860149010450578,Medical Devices,Healthcare,ALGN
2020Q1,2020,Q1,2020-05-05,2020-03-31,1518131000.0,550963000.0,69918000.0,19.21,394356000.0,0.7157576824578057,3964840000.0,2852989000.0,1576525000.0,910686000.0,1111851000.0,120977000.0,1958043000.0,13671078400.0,12954352400.0,36.30126475977199,1.7311400416828633,0.005101088568517266,0.0070890564246830256,0.6750188028512873,36.30126475977199,0.5321194718942134,24.813060768145956,2.2513008429443833,4.7918440624902505,0.0,1.2945187928283888,0.0,0.13896222798397917,1.5447058590996239,0.3828984271748671,-376.6033552794689,0.7157576824578057,11.555555555555555,41.96086216541799,1.847507930066736,2.6807036135899587,-0.16442564804495316,11.519429004964458,-0.53742639761826,21.233857564116644,0.8049844275531444,1.7760414014736894,Medical Devices,Healthcare,ALGN
2019Q4,2019,Q4,2020-02-28,2019-12-31,121262000.0,649787000.0,151150000.0,1.53,471958000.0,0.7263272426195045,2500702000.0,1346169000.0,1633419000.0,970970000.0,1154533000.0,112051000.0,439912000.0,21926405120.0,21435180120.0,17.131627173000076,1.6822548585435184,0.006293032916357087,0.011690211258764687,0.08278417299644635,17.131627173000076,0.09007932882126984,33.743988599341016,45.20460886345269,16.288003304191378,0.0,1.5870362602743393,0.0,0.25984183641233544,1.5341390568194693,0.04849118367562388,124.84643659573983,0.7263272426195045,0.1953125,2.1401524873653752,2.3501591130404367,0.8310928432583257,0.07862800934284682,0.1827669618820959,0.18873474267019,1.5893679356372075,1.2535653612515294,0.37522670798190266,Medical Devices,Healthcare,ALGN
2019Q3,2019,Q3,2019-10-31,2019-09-30,102524000.0,607341000.0,127152000.0,1.28,437554000.0,0.7204420580859846,2350380000.0,1305549000.0,1505579000.0,870144000.0,1044831000.0,94795000.0,415159000.0,14352745439.999998,13919454439.999998,16.456776584480412,1.7302641861576935,0.005831397476152792,0.0104982654806522,0.07375613316107027,16.456776584480412,0.07852941559451235,23.632103612303464,34.998501424056805,10.993647454059555,0.0,1.7910965768236722,0.0,0.25840119470043144,1.5847917126360693,0.043620180566546686,69.01254220499776,0.7204420580859846,-0.3005464480874317,1.7244010337785989,2.250913368067782,0.8366425626336707,0.01217935223889574,-0.3032308926071414,-0.27955124936257014,1.0121393107597858,1.1977856930151662,0.35364608087645905,Medical Devices,Healthcare,ALGN
2019Q2,2019,Q2,2019-08-01,2019-06-30,147142000.0,600697000.0,176490000.0,1.83,432289000.0,0.7196456782704093,2346017000.0,1373682000.0,1457374000.0,789046000.0,972335000.0,81124000.0,501275000.0,21718914240.0,21370698240.0,17.183268078505936,1.847007652278828,0.006881450560673686,0.011752356076588323,0.09366534997955893,17.183268078505936,0.10711503826941024,36.156188960490894,36.90128284242432,15.810729295426452,0.0,2.0759331393915486,0.0,0.2560497217198341,1.6990137457131778,0.062719920614386,164.51604141890817,0.7196456782704093,1.056179775280899,3.189247069576399,2.1623076171582,1.0602499313359366,0.07508903346464525,1.0479623649927625,1.012405787847345,1.9344485261893312,1.23029645061359,0.5099273360729125,Medical Devices,Healthcare,ALGN
2019Q1,2019,Q1,2019-05-02,2019-03-31,71848000.0,548971000.0,87701000.0,0.89,402096000.0,0.7324539911944347,2234430000.0,1255704000.0,1439113000.0,804884000.0,978726000.0,68489000.0,402021000.0,22772079000.0,22315077000.0,15.72381667918858,1.7879756586042213,0.032085140281861595,0.05709307288978931,0.053882034973927385,15.72381667918858,0.05721730598930958,41.48138790573637,79.23699685447053,18.13490997878481,0.0,2.144504957000394,0.0,0.2456872669987424,1.5577288155808788,0.03215495674512068,277.8912820637981,0.7324539911944347,-0.2583333333333333,1.2494633763444307,2.0868795920689114,0.8306573621007408,0.04959592373713116,-0.26228026942664695,-0.2720277572568127,0.7713685552587841,1.2988088519961039,0.40718138326771913,Medical Devices,Healthcare,ALGN
2018Q4,2018,Q4,2019-02-28,2018-12-31,97392000.0,534020000.0,120473000.0,1.2,383096000.0,0.7173813714842141,2052458000.0,1252891000.0,1302479000.0,692073000.0,799567000.0,55641000.0,378143000.0,16731572130.0,16094673130.0,15.682504912943886,1.8819965523868147,0.0,0.0,0.07840775733220558,15.682504912943886,0.0777338172275162,31.331358619527357,42.94904132269591,13.354371713101939,0.0,2.7124602361567907,0.0,0.26018559210468617,1.6968845772050059,0.04745139730021272,89.46599290969756,0.7173813714842141,-0.03225806451612906,1.3311620643745663,2.041275409385069,1.0066640354244019,0.030434583800678355,-0.0344991672614799,-0.037817072391540474,0.9910971692568212,1.3173015796426009,0.4764850349030733,Medical Devices,Healthcare,ALGN
2018Q3,2018,Q3,2018-11-01,2018-09-30,100872000.0,505289000.0,125208000.0,1.24,371781000.0,0.7357789304734518,1928405000.0,1192983000.0,1224182000.0,618209000.0,735422000.0,48858000.0,328432000.0,31365058720.0,30944198720.0,14.891625369799403,1.9802073408830994,0.0,0.0,0.08455984309087004,14.891625369799403,0.08455443204136186,62.073503915580986,77.73479934967088,26.29128723544258,0.0,2.7325719431822835,0.0,0.26202431543166504,1.6587157417637077,0.05230851403102564,737.532831377713,0.7357789304734518,-0.04615384615384619,1.9154437843111582,2.066032485202577,1.068562971954664,0.0169565241177082,-0.04931907073182225,0.020514952196982662,2.638849821249609,1.4243284864181633,0.48882861015403606,Medical Devices,Healthcare,ALGN
2018Q2,2018,Q2,2018-08-02,2018-06-30,106105000.0,490259000.0,122691000.0,1.3,365582000.0,0.7456915630309694,1916589000.0,1218959000.0,1260999000.0,566646000.0,697630000.0,47252000.0,373441000.0,27445102240.0,26897109240.0,15.195958412286826,2.2253735136222614,0.0,0.0,0.09405427691140666,15.195958412286826,0.08704558561854829,55.98082287117626,64.66495980396776,22.515197180545037,0.0,2.6385549817997123,0.0,0.2557976697142684,1.9182929024470303,0.05536137377392858,334.40274685641873,0.7456915630309694,0.11111111111111122,2.635101868883075,2.0059527363624614,1.3537759565173708,0.1165945853491668,0.10680533244320196,0.24950097767638912,2.3862594062220204,1.341468633851798,0.5842822161765232,Medical Devices,Healthcare,ALGN
2018Q1,2018,Q1,2018-05-03,2018-03-31,95866000.0,436924000.0,98192000.0,1.17,327408000.0,0.7493477126456775,1782731000.0,1127460000.0,1168776000.0,517985000.0,655271000.0,35866000.0,267336000.0,20099440680.0,19601437680.0,14.086910890099455,2.256389663793353,0.0,0.0,0.08457764703766561,14.086910890099455,0.08502829368669398,46.002143805329986,52.4154566791146,17.82718737693577,0.0,3.053476830424357,0.0,0.24508689196519273,1.9772811954014113,0.0537747983290805,1017.4871256454389,0.7493477126456775,8.0,3.3180267400499632,1.8880089934265873,1.0397373386681599,0.02985370395417672,8.340023382696804,-0.10413663485575607,1.6639208192065567,1.2173863701198964,0.42831783301851223,Medical Devices,Healthcare,ALGN
2017Q4,2017,Q4,2018-02-28,2017-12-31,10264000.0,421323000.0,109606000.0,0.13,317917000.0,0.7545683477996692,1777856000.0,1150370000.0,1157003000.0,497816000.0,627486000.0,31688000.0,263356000.0,17792975200.0,17343464200.0,14.36525974025974,2.324157921802433,0.0,0.0,0.0072469621371438935,14.36525974025974,0.008922346723228178,42.23119839173271,433.38306703039746,15.467175952084983,0.0,3.2632542287301187,0.0,0.23698376021455056,2.0978976167901395,0.005773245977177004,191.77391060669748,0.7545683477996692,-0.8712871287128713,0.08666486771937143,1.9850854732812693,1.0027003255192435,0.08694031891906677,-0.8756707649445824,0.10978807853143384,-0.739192809416122,1.1315056580504088,0.5354130717596166,Medical Devices,Healthcare,ALGN
2017Q3,2017,Q3,2017-11-02,2017-09-30,82555000.0,385267000.0,98763000.0,1.01,292488000.0,0.7591825928511915,1697623000.0,1181958000.0,1101003000.0,461369000.0,515665000.0,36941000.0,301117000.0,14931962010.0,14569349010.0,14.744433217319711,2.3863827001814166,0.0,0.0,0.06860652988017135,14.744433217319711,0.06984596745400429,38.75743837390693,45.2182242444431,12.633242475620962,0.0,2.511545437318968,0.0,0.2269449695250359,2.1683186343252365,0.048629760553432655,213.25281362467865,0.7591825928511915,0.1882352941176471,244.79946262832505,1.867409312822832,0.9940421776736699,0.07962217210437145,0.1933534743202417,0.18181383048738167,1.171017467211104,1.0408404277278327,0.6455381447164548,Medical Devices,Healthcare,ALGN
2017Q2,2017,Q2,2017-08-03,2017-06-30,69179000.0,356482000.0,83569000.0,0.85,270917000.0,0.7599738556224438,1551187000.0,1078288000.0,1003222000.0,424796000.0,472899000.0,35133000.0,232876000.0,12037822560.0,11679640560.0,13.44699955105502,2.3616559477961188,0.0,0.0,0.06375988100689416,13.44699955105502,0.06415632929235975,33.768388193513275,43.5024449616213,11.163828735922129,0.0,2.4354595394643215,0.0,0.22981239528180678,2.1037439147261274,0.0445974598807236,130.8586987857508,0.7599738556224438,0.0,1.4339495713082118,1.4539116178898202,0.8436514244740392,0.14978037135278516,-0.0034716220109478535,0.35503380733870576,0.96356218539522,0.8709290444206353,0.6122765340773476,Medical Devices,Healthcare,ALGN
2017Q1,2017,Q1,2017-05-04,2017-03-31,69420000.0,310341000.0,61673000.0,0.85,235625000.0,0.7592454751386378,1459293000.0,1044875000.0,918167000.0,365554000.0,414418000.0,35174000.0,196157000.0,9165787840.0,8904760840.0,13.076629455346415,2.5117137276571997,0.0,0.0,0.0657574797435894,13.076629455346415,0.06643856920684292,29.534569521912992,33.00845520023048,8.772138140925948,0.0,2.124182634900779,0.0,0.21266531121577367,2.2232392478265863,0.047570981290254936,-767.1399263475058,0.7592454751386378,0.4655172413793104,2.2805364936780412,1.2782420315071086,0.981038531638006,0.06981189471915877,0.45776023183049497,-0.0979787047329316,1.172249159847445,0.7440953612078036,0.5224565684219531,Medical Devices,Healthcare,ALGN
2016Q4,2016,Q4,2017-02-28,2016-12-31,47621000.0,293203000.0,68372000.0,0.58,220249000.0,0.7511826277357326,1396151000.0,995389000.0,952978000.0,354335000.0,400762000.0,27131000.0,131448000.0,7681171520.0,7291896520.0,12.457311273528234,2.6894831162600363,0.0,0.0,0.05511261011351262,12.457311273528234,0.04784159760656387,26.197452004242795,40.3244971756158,7.716753470251328,0.0,2.688953595518042,0.0,0.21000808651786232,2.505174481775721,0.03410877476719925,115.0358162103876,0.7511826277357326,-0.07936507936507943,1.2947573991572423,1.241346437706552,0.9985519360851225,0.05280542251030105,-0.07292619775342146,0.10137083393740234,0.13966452583910666,0.6695367153212577,0.5939825078609561,Medical Devices,Healthcare,ALGN
2016Q3,2016,Q3,2016-11-08,2016-09-30,51367000.0,278589000.0,62079000.0,0.63,209202000.0,0.7509341718445451,1358893000.0,972310000.0,911768000.0,343051000.0,386583000.0,26341000.0,117965000.0,7497843750.0,7077895750.0,12.157370243945135,2.6578205572932303,0.0,0.0,0.052092785641838064,12.157370243945135,0.05282985878989211,26.91363890893036,36.49154004516519,7.711371630447079,0.0,2.634182453209825,0.0,0.2050117264567556,2.500963413603225,0.03780062153532324,176.4862948404105,0.7509341718445451,0.01612903225806453,1.6157320277596834,1.1707731904777994,1.087670358015557,0.01942343676906284,0.02430804817739491,-0.046932571849668384,0.48711750523981695,0.6932766364772628,0.6887535979765993,Medical Devices,Healthcare,ALGN
2016Q2,2016,Q2,2016-08-04,2016-06-30,50148000.0,269362000.0,65136000.0,0.62,205216000.0,0.7618595050526801,1251273000.0,909858000.0,825407000.0,298989000.0,341415000.0,22992000.0,87607000.0,6440053050.0,6272347050.0,11.38019536966392,2.7606600911739227,0.0,0.0,0.05501072390118827,11.38019536966392,0.05511629287207454,23.908543335734066,32.105233758076096,7.078085866146146,0.0,2.789926931106472,0.0,0.21527036865656016,2.5568599513694483,0.04007758498744878,112.29582120002092,0.7618595050526801,0.24,3.3768156141130072,1.185197027853377,1.0623959517904038,0.13613136463540887,0.23681744191782172,0.22128473394082573,0.723738791373973,0.6570285931233789,0.7627338477003756,Medical Devices,Healthcare,ALGN
2016Q1,2016,Q1,2016-05-05,2016-03-31,40546000.0,238720000.0,53334000.0,0.5,180627000.0,0.7566479557640751,1207560000.0,892030000.0,783003000.0,274750000.0,315530000.0,22618000.0,67937000.0,5802915390.0,5648497390.0,11.173980032819331,2.849874431301183,0.0,0.0,0.04582047382418776,11.173980032819331,0.04545362824120265,24.30845924095174,35.77982655502392,6.505291739067071,0.0,2.568441064638783,0.0,0.1976878995660671,2.6426860782529573,0.03357679949650535,554.0833944428531,0.7566479557640751,-0.16666666666666663,1.4637907247009567,1.1914618427873531,1.1353957837927127,0.04523465077252474,-0.17044826810156105,-0.1011982001718937,1.9829143075298457,0.5819591043913318,0.6179547433989019,Medical Devices,Healthcare,ALGN
2015Q4,2015,Q4,2016-02-25,2015-12-31,48877000.0,230276000.0,59339000.0,0.6,172810000.0,0.7504472893397488,1158633000.0,847926000.0,732010000.0,271672000.0,310707000.0,19465000.0,27391000.0,5256871350.0,5089157350.0,10.621512946098633,2.694462440001178,0.0,0.0,0.05734054327952933,10.621512946098633,0.05764300186572885,22.82856810957286,26.88826723203142,6.199681752888813,0.0,2.952273311071153,0.0,0.19874800735004094,2.5245332606967223,0.042185057736142506,84.01987229689773,0.7504472893397488,0.764705882352941,3.7499436299718245,1.3861848392421818,1.1607042301593486,0.09667715895821699,0.7698797798377752,0.5596646165168481,4.190820602507524,0.6366008599916132,0.48077429989260856,Medical Devices,Healthcare,ALGN
2015Q3,2015,Q3,2015-10-29,2015-09-30,27616000.0,207636000.0,38046000.0,0.34,157576000.0,0.7589050068388912,1079562000.0,798259000.0,711733000.0,244511000.0,281303000.0,18939000.0,-11890000.0,4529902080.0,4355862080.0,10.002242882919006,2.9108424569855753,0.0,0.0,0.036082359972498514,10.002242882919006,0.034595287995500205,21.816554354736173,41.00794901506373,5.674727225123675,0.0,2.6432229790379638,0.0,0.19233355749831876,2.589454053191881,0.02558074478353258,91.39131824234354,0.7589050068388912,-0.12820512820512817,0.5656464125259528,1.063008600757925,1.1173522706478007,-0.0066694403469621895,-0.11910685805422648,-0.10109864146485528,82.91768500214468,0.5522371324662958,0.3527067392762368,Medical Devices,Healthcare,ALGN
2015Q2,2015,Q2,2015-07-30,2015-06-30,31350000.0,209488000.0,42325000.0,0.39,158634000.0,0.7572462384480256,1028581000.0,769801000.0,657906000.0,222925000.0,258780000.0,16415000.0,-5826000.0,5032916470.0,4871163470.0,9.591699166427851,2.9512436918246046,0.0,0.0,0.04055807460847648,9.591699166427851,0.0407248106978297,24.02484376193386,40.13490007974482,6.53794483249567,0.0,3.0980201035638135,0.0,0.2036669936543646,2.6242368509588427,0.030478883043727232,96.08469778541428,0.7572462384480256,-0.1136363636363636,-0.09299402155867041,0.8263252090931018,1.1743191466945577,0.04993050499702164,-0.13342731569781904,-0.13488267516965088,0.1020500055057055,0.44081068809852675,0.31507030725852414,Medical Devices,Healthcare,ALGN
2015Q1,2015,Q1,2015-05-01,2015-03-31,36177000.0,198086000.0,48924000.0,0.44,151090000.0,0.7627495128378583,1028405000.0,793534000.0,657312000.0,200575000.0,234871000.0,14572000.0,4179000.0,4327487315.0,4137509315.0,9.86258839906039,3.2771382275956626,0.0,0.0,0.0469841569944078,9.86258839906039,0.04558972898451736,21.84650765324152,29.904962510711226,5.453436544621907,0.0,3.2250892121877572,0.0,0.1926147772521526,2.906443973575969,0.03517777529280779,216.01793615534368,0.7627495128378583,-0.0833333333333333,1.2637035464481343,1.0541114547204606,1.5014891535982848,0.002840795953856978,-0.08507624996838724,-0.04989027634824151,0.6978006831771072,0.4441369401106445,0.4941287207795275,Medical Devices,Healthcare,ALGN
2014Q4,2014,Q4,2015-02-26,2014-12-31,39541000.0,198600000.0,51493000.0,0.48,150662000.0,0.7586203423967774,987997000.0,752771000.0,657160000.0,201811000.0,235226000.0,15928000.0,-30507000.0,4498462690.0,4298591690.0,9.355957692737917,3.256314076041445,0.0,0.0,0.054338074480719326,9.355957692737917,0.05252726260708768,22.650869536757302,28.441761020206872,5.975871400465745,0.0,3.0096685082872927,0.0,0.20101275611160763,2.895823319838859,0.04002137658312728,69.776061579029,0.7586203423967774,0.02127659574468087,2.2143920129298875,1.1420417409697619,1.5756673696228272,0.03866146400650792,0.03383271890605799,-0.0010475876384658661,0.8922556319643506,0.5076957613502545,0.500995435546823,Medical Devices,Healthcare,ALGN
2014Q3,2014,Q3,2014-10-30,2014-09-30,38247000.0,189876000.0,51547000.0,0.47,145054000.0,0.7639406770734585,948289000.0,722456000.0,615672000.0,198560000.0,225833000.0,15983000.0,-53135000.0,4166906720.0,3986230720.0,8.960250034106835,3.100684931506849,0.0,0.0,0.05507610755787335,8.960250034106835,0.052940248264254156,21.94541026775369,27.236820665673125,5.767696191878813,0.0,2.8043546267909654,0.0,0.2002300986302699,2.7978595890410958,0.04033264120958906,68.79035097566613,0.7639406770734585,0.09302325581395345,1.6603891190088031,1.0655473642351072,1.4176818704260326,-0.0029008221287360114,0.07435393258426966,0.057764918328818846,0.9318805029848578,0.46755502858835934,0.5386591031830339,Medical Devices,Healthcare,ALGN
2014Q2,2014,Q2,2014-07-31,2014-06-30,35600000.0,192531000.0,48732000.0,0.43,145476000.0,0.7555977998348318,885433000.0,675796000.0,554512000.0,187113000.0,209637000.0,13115000.0,-67606000.0,4540753080.0,4373282080.0,8.340380367038147,2.963514026283583,0.0,0.0,0.052779342928416274,8.340380367038147,0.05267861899152999,23.584529660158623,31.887310955056176,6.719118017863379,0.0,3.5878764773160503,0.0,0.21744276529110615,2.653786749183648,0.04020631713523214,70.11013618256493,0.7555977998348318,0.1025641025641025,5.407691752180884,1.0638140667997888,1.3250347493423427,0.05992670363057464,0.09727530514116632,0.16572576786910342,2.0658349614922713,0.5411647964509015,0.5115001233831737,Medical Devices,Healthcare,ALGN
2014Q1,2014,Q1,2014-05-01,2014-03-31,32444000.0,180646000.0,41804000.0,0.39,137251000.0,0.7597787938841712,885641000.0,696753000.0,552177000.0,170855000.0,188888000.0,15840000.0,-63465000.0,4201204800.0,4018438800.0,8.589164201183433,3.2318457171285595,0.0,0.0,0.04590461157443474,8.589164201183433,0.04656456448698463,23.256561451678973,32.37274072247565,6.029690291968603,0.0,2.7395833333333335,0.0,0.20397203833155872,2.8832987035790585,0.03663335369523317,323.2441948141879,0.7597787938841712,-0.23529411764705882,9.011360546431897,1.0951554010268156,1.4889824790038009,0.005678654122336528,-0.2351901181018835,-0.21008276331204415,0.9401433525740948,0.6319884636753266,0.6414263286349082,Medical Devices,Healthcare,ALGN
2013Q4,2013,Q4,2014-02-28,2013-12-31,42421000.0,178292000.0,52922000.0,0.51,136476000.0,0.7654633971238194,832147000.0,633970000.0,544676000.0,175338000.0,198177000.0,13968000.0,-95910000.0,4635196800.0,4392243800.0,7.815212031558185,3.1064344295018764,0.0,0.0,0.06716582122192491,7.815212031558185,0.06691326087985236,25.99778341148229,27.31664034322623,7.311381926589586,0.0,2.993699885452463,0.0,0.2142554140073809,2.756065427916367,0.050977771956156784,73.72434151927726,0.7654633971238194,0.21428571428571436,-0.4731703124393943,0.9564613182726818,1.3596189964230976,0.09102246382604524,0.2282769204042042,0.2763360987844877,3.0570320958374784,0.8181549359954787,0.5898264006148487,Medical Devices,Healthcare,ALGN
2013Q3,2013,Q3,2013-11-01,2013-09-30,34537000.0,164506000.0,41464000.0,0.42,125090000.0,0.7603977970408374,759206000.0,575684000.0,482259000.0,163268000.0,183522000.0,14662000.0,-138332000.0,3846412700.0,3670573700.0,7.199019595583178,2.9537876375039813,0.0,0.0,0.05935029743693641,7.199019595583178,0.05999298226110158,23.38159520017507,27.84269551495498,6.681465352519785,0.0,2.6883099167917064,0.0,0.2166816384485897,2.6505990151162506,0.045490947121071226,77.93359740654442,0.7603977970408374,0.16666666666666666,4.641880501904437,0.8435557027163559,2.0376711707545816,0.01131044295866312,0.1779331514324693,0.09400807366560249,0.9541286300967866,0.6312320703323087,0.523944245862749,Medical Devices,Healthcare,ALGN
2013Q2,2013,Q2,2013-08-02,2013-06-30,29320000.0,163828000.0,37901000.0,0.36,123691000.0,0.7550052494079156,703894000.0,520198000.0,442093000.0,160654000.0,183696000.0,15704000.0,-172868000.0,3044967040.0,2880470040.0,6.455991858617951,2.7518331320726532,0.0,0.0,0.056865780250329935,6.455991858617951,0.05636315402981173,18.58636521229582,25.963225102319235,5.8534770222107735,0.0,2.555845644421803,0.0,0.23274527130505446,2.4325382499035193,0.041653999039628124,61.48095059260606,0.7550052494079156,1.6923076923076923,5.192371870423767,0.7451332316410479,1.7808137072577874,0.09607528644471816,1.6983779148703047,1.99543007222587,-0.1550835061081059,0.4226049333959602,0.46349322112080066,Medical Devices,Healthcare,ALGN
2013Q1,2013,Q1,2013-05-03,2013-03-31,-41983000.0,153580000.0,-38075000.0,-0.52,112849000.0,0.7347896861570516,726245000.0,561118000.0,527331000.0,143855000.0,165127000.0,15442000.0,-133375000.0,2635685120.0,2306940120.0,6.906237692004726,3.6657120016683464,0.0,0.0,-0.07292787964266267,6.906237692004726,-0.07482026953332455,17.161642922255503,-15.694954624490865,4.697202941270819,0.0,2.6376764667789145,0.0,0.21147133543088076,3.304660943310973,-0.057808315375665234,547.9594844074844,0.7347896861570516,-5.333333333333334,-7.727284979786671,0.7455902422845526,1.6953503944770187,0.05983395631022371,-5.3919866094779785,-3.230390721105969,-3.6014915625023907,0.5771276172516818,0.7516576764338405,Medical Devices,Healthcare,ALGN
2012Q4,2012,Q4,2013-03-01,2012-12-31,9559000.0,142840000.0,17071000.0,0.12,106478000.0,0.7454354522542705,756312000.0,581317000.0,485793000.0,155771000.0,174995000.0,15122000.0,-89626000.0,2248943250.0,1942557250.0,7.172945226608097,3.1186356895699454,0.0,0.0,0.017117527508052722,7.172945226608097,0.016443695952466555,15.744492089050686,58.8174299089863,3.8687037365155326,0.0,2.4045761142705993,0.0,0.1888638551285713,2.7852616982621927,0.012638963813875755,51.217108859029835,0.7454354522542705,30.26953488372093,0.4369764877599545,0.6783288283052888,2.073540754390018,0.06106626806178376,28.787790697674417,2.791028203419942,-0.22852336977917376,0.5295287627521097,0.9746905203094984,Medical Devices,Healthcare,ALGN
2012Q3,2012,Q3,2012-11-09,2012-09-30,-344000.0,136496000.0,4503000.0,-0.004099825995757157,100350000.0,0.7351863790880319,768164000.0,602165000.0,484246000.0,151688000.0,165999000.0,15137000.0,-74429000.0,3094606000.0,2789699000.0,7.394243402875842,3.192381730921365,0.0,0.0,-0.0006198645269844082,7.394243402875842,-0.0005712719935565833,22.671770601336302,-2248.9869186046512,5.139132961895826,0.0,2.387923630838343,0.0,0.17769122218692884,2.8608129845472283,-0.00044782103821579765,89.54817987152035,0.7351863790880319,-1.0120583117522268,-1.0303502875061257,0.5944360917900925,2.3348598545088883,-0.07766544117647059,-1.012073564509336,-0.8749583472175941,0.9941192802598176,0.4701258545358338,0.9951372062835749,Medical Devices,Healthcare,ALGN
2012Q2,2012,Q2,2012-08-02,2012-06-30,28492000.0,145626000.0,36012000.0,0.34,108800000.0,0.7471193330861248,744163000.0,586295000.0,435135000.0,143836000.0,157868000.0,14623000.0,-68680000.0,2689648640.0,2426849640.0,7.293677846337579,3.0252162184710363,0.0,0.0,0.0478774443586486,7.293677846337579,0.0485966962024237,18.469563402139727,23.600033693668397,4.587534671112666,0.0,2.518361485331327,0.0,0.1956909978055883,2.6815261825968464,0.03828731071015355,190.59301587301587,0.7471193330861248,0.30769230769230776,0.7359602677890729,0.577332738731275,2.7906891423621225,0.07979356887653831,0.35779641631719405,0.28586731414696853,4.169335210790187,0.5735080480119245,1.033247129862672,Medical Devices,Healthcare,ALGN
2012Q1,2012,Q1,2012-05-08,2012-03-31,20984000.0,135079000.0,28006000.0,0.26,100760000.0,0.7459338609258286,670436000.0,523022000.0,385496000.0,135828000.0,147414000.0,13434000.0,-97170000.0,2182924250.0,1958563250.0,6.600896068656528,2.838118797302471,0.0,0.0,0.041318667918619274,6.600896068656528,0.04012068325997759,16.160352460412057,26.007008315859707,4.173675772720841,0.0,2.554637486973351,0.0,0.20147933583518784,2.4650293017639955,0.03129903525467009,761.928184991274,0.7459338609258286,0.040000000000000036,1.4833451392266142,0.7494941206991483,3.3633211344850142,0.05452642595499738,0.02616264854027092,0.05962920923193341,5.629150316670996,0.6039344219819529,0.9128187883924114,Medical Devices,Healthcare,ALGN
2011Q4,2011,Q4,2012-02-29,2011-12-31,20449000.0,128905000.0,26430000.0,0.25,95550000.0,0.7412435514526201,649264000.0,490781000.0,384816000.0,148117000.0,158483000.0,9402000.0,-116513000.0,1868035325.0,1627360325.0,6.233168650062868,2.5980542409041503,0.0,0.0,0.04179908831084006,6.233168650062868,0.04166624217318926,14.49156607579225,22.837734424666248,3.8062502929004998,0.0,3.547649436290151,0.0,0.19854019320338107,2.2928293173639758,0.03149566278124153,57.27534340027594,0.7412435514526201,0.041666666666666706,1.9840628899507828,0.9409728881033167,3.881216480917751,0.034426761935693405,0.06151370431893688,0.004484645788993615,-0.7383561738194091,0.4573311595258714,0.8819583007097016,Medical Devices,Healthcare,ALGN
2011Q3,2011,Q3,2011-11-04,2011-09-30,19264000.0,125894000.0,26312000.0,0.24,92370000.0,0.7337124882837943,585920000.0,456876000.0,327134000.0,120187000.0,129044000.0,8278000.0,-131979000.0,1190162350.0,987933350.0,5.8234146963227325,2.7218750780034444,0.0,0.0,0.04235455878689334,5.8234146963227325,0.04216461359318502,9.453686037460086,15.445420862749168,2.605000809847749,0.0,4.0497704759603765,0.0,0.21486551064991807,2.471664988725902,0.03287820862916439,41.00049435028249,0.7337124882837943,0.7142857142857141,2.5044207932360374,1.069237140231316,3.072088286831885,0.013529082589947002,0.7258555814370184,0.5855378125941548,2.207568347144207,0.43803590957696287,1.4572261130142277,Medical Devices,Healthcare,ALGN
2011Q2,2011,Q2,2011-08-08,2011-06-30,11162000.0,120086000.0,16595000.0,0.14,91137000.0,0.7589310993787786,547049000.0,429782000.0,286573000.0,109451000.0,117267000.0,6272000.0,-151243000.0,1775846400.0,1607239400.0,5.517948849630239,2.6182766717526564,0.0,0.0,0.026459195127374543,5.517948849630239,0.02597130638323615,14.788121846010359,39.77437735172908,4.131970161616819,0.0,4.615593112244898,0.0,0.21951598485693238,2.352577865894327,0.020404022308787694,73.99668319513313,0.7589310993787786,-0.3,4.457299980008626,0.8240842828180356,2.5924434396507015,0.1083720477707781,-0.29537276687077835,-0.21062645673785854,1.4387665702078296,0.3233294878126897,1.3767669063145187,Medical Devices,Healthcare,ALGN
2011Q1,2011,Q1,2011-05-05,2011-03-31,15841000.0,104856000.0,21023000.0,0.2,82226000.0,0.7841802090486,496982000.0,402105000.0,417941000.0,87994000.0,94877000.0,2867000.0,-162405000.0,1573765120.0,1265157120.0,5.232744261100411,4.7496533854581,0.0,0.0,0.039229108045699956,5.232744261100411,0.03939518285025056,15.00882276646067,24.83689666056436,3.9138163415028417,0.0,7.893268224625044,0.0,0.21098550852948397,4.441666477259814,0.03187439384122564,109.11496359980586,0.7841802090486,0.6666666666666669,3.7052409570573395,0.7442490523670453,2.4014442716603295,0.14591114331902558,0.5992932862190813,0.42335815842924845,1.6838093800623122,0.2600960337992406,1.0422232679136547,Medical Devices,Healthcare,ALGN
2010Q4,2010,Q4,2011-02-24,2010-12-31,9905000.0,92893000.0,14770000.0,0.12,71756000.0,0.7724586352039443,476943000.0,377747000.0,388611000.0,92974000.0,99196000.0,2544000.0,-178246000.0,1501531760.0,1206867760.0,4.915764405809171,4.179781444274743,0.0,0.0,0.026674558869187664,4.915764405809171,0.026221253908038977,16.16410020130688,37.89832811711257,3.974966736995926,0.0,8.308569182389936,0.0,0.19476750890567637,3.9657215995869812,0.020767680833978064,56.820243699386964,0.7724586352039443,-0.4545454545454546,14.26214833318348,0.47711262904166524,2.2890661093171705,-0.04239787543538895,-0.41094261076419863,-0.32627833781872917,0.570352774487035,0.15110713913741997,1.106359628146622,Medical Devices,Healthcare,ALGN
2010Q3,2010,Q3,2010-11-04,2010-09-30,16815000.0,95947000.0,21923000.0,0.22,74933000.0,0.7809832511699167,445235000.0,359402000.0,357942000.0,80036000.0,85833000.0,2382000.0,-188151000.0,1489665979.9999998,1224741979.9999998,4.723938959792853,4.472262481883153,0.0,0.0,0.04696385428946044,4.723938959792853,0.04678605016110094,15.525925563071276,22.147873624739812,4.144846105475206,0.0,8.821998320738874,0.0,0.21549743393938034,4.199747613573892,0.03776657270879423,45.58341432068543,0.7809832511699167,-0.47619047619047616,10.007942305900263,0.5319046651784212,2.1618127113435603,-0.1388793123261854,-0.48424991565193387,-0.5165181721947777,0.5879864519602216,0.19967648516431583,1.1305322984142754,Medical Devices,Healthcare,ALGN
2010Q2,2010,Q2,2010-08-05,2010-06-30,32603000.0,108196000.0,45344000.0,0.42,87018000.0,0.8042626344781693,408692000.0,333953000.0,331097000.0,73807000.0,74739000.0,2487000.0,-204966000.0,1125703610.0,889902610.0,4.411357541973238,4.4859837142818435,0.0,0.0,0.09729278756505941,4.411357541973238,0.09762751045805847,10.404299696846463,8.631902048891206,3.37084443020425,0.0,8.515480498592682,0.0,0.26473725935423253,4.169374178600946,0.07977401074647901,29.409400161977167,0.8042626344781693,1.2105263157894737,48.218039661645854,0.6291057880989567,1.952301155009062,0.2482857552718405,1.1837240455458808,1.1908489153017345,1.1092639609303139,0.24437742924233402,1.2926821680000549,Medical Devices,Healthcare,ALGN
2010Q1,2010,Q1,2010-05-06,2010-03-31,14930000.0,90090000.0,20697000.0,0.19,69710000.0,0.7737817737817738,373552000.0,296356000.0,284610000.0,76250000.0,77196000.0,2356000.0,-237569000.0,1453710440.0,1263303440.0,3.9426868530984756,3.732590163934426,0.0,0.0,0.05176160929059292,3.9426868530984756,0.05037859871235946,16.13620202020202,24.342103817816476,4.905284320209478,0.0,8.65025466893039,0.0,0.24117124255793035,3.464904918032787,0.03996766179808969,102.99046687920652,0.7737817737817738,0.2666666666666667,5.529850574135938,0.4349764980997079,1.6621590523765708,0.0925304830266746,0.29916463626870865,0.4132468419255719,0.8625341116591723,0.22997663072370023,1.606192961356857,Medical Devices,Healthcare,ALGN
2009Q4,2009,Q4,2010-02-26,2009-12-31,11492000.0,86616000.0,14645000.0,0.15,63806000.0,0.7366537360302946,355240000.0,273036000.0,261299000.0,81243000.0,82204000.0,2046000.0,-252499000.0,1339458120.0,1172971120.0,3.6324401990261554,3.216264785889246,0.0,0.0,0.043014897273527586,3.6324401990261554,0.04208968780673611,15.464326683291771,29.138925339366516,4.905793082230915,0.0,11.148582600195503,0.0,0.24382389370566376,2.9664340312396145,0.032349960590023645,42.99888029276749,0.7366537360302946,1.2083333333333335,7.353073351084034,0.6166664348022527,1.5947635548531693,0.08143929763902306,1.230106924031877,1.2432966740871183,1.5793003896930413,0.36617160175612234,1.8445768052908043,Medical Devices,Healthcare,ALGN
2009Q3,2009,Q3,2009-11-05,2009-09-30,-49942000.0,79269000.0,-60194000.0,-0.72,59001000.0,0.74431366612421,330784000.0,257680000.0,237538000.0,72902000.0,73104000.0,1892000.0,-263991000.0,988688160.0,852727160.0,3.706132781037855,3.2583193876711203,0.0,0.0,-0.19294537165180553,3.706132781037855,-0.19381403290903446,12.47257010937441,-4.949181850947099,3.836883576529029,0.0,10.71247357293869,0.0,0.2396397649221244,2.8802364818523496,-0.15098070039663344,101.37272223931097,0.74431366612421,-11.285714285714285,-14.058218902914746,0.5026395632637765,1.6806511645852504,0.017644623822829348,-11.988338833883388,-10.626419318727011,-3.400982867646206,0.47017658518462074,1.5915550710544055,Medical Devices,Healthcare,ALGN
2009Q2,2009,Q2,2009-08-05,2009-06-30,4545000.0,76316000.0,6253000.0,0.07,57978000.0,0.759709628387232,307794000.0,237778000.0,213748000.0,69811000.0,70016000.0,2111000.0,-214049000.0,702621000.0,580439000.0,3.5872067586935206,3.0618097434501728,0.0,0.0,0.01755106742108648,3.5872067586935206,0.019114468117319518,9.206732533151632,38.6480198019802,2.954945369209935,0.0,8.686878256750354,0.0,0.24794505415960025,2.8120640013751417,0.014766369714809255,40.49221991701245,0.759709628387232,0.7500000000000001,0.08508328419864367,0.5547297136845022,1.811216450786194,0.10000569184358814,0.7242033383915023,0.18338380015140046,2.6541855571422253,0.36214522793601217,1.3354398052824918,Medical Devices,Healthcare,ALGN
2009Q1,2009,Q1,2009-05-07,2009-03-31,2636000.0,70132000.0,5284000.0,0.04,52707000.0,0.75153995323105,289277000.0,227699000.0,193005000.0,61374000.0,61578000.0,2068000.0,-218594000.0,523245190.0,426194190.0,3.450873709894973,3.1447355557728027,0.0,0.0,0.011261268938353306,3.450873709894973,0.011576686766301126,7.4608622312211255,49.62492317905918,2.2979687657828975,0.0,8.426015473887814,0.0,0.24243890803624207,2.873350278619611,0.0091123732616143,60.025833428931975,0.75153995323105,-0.9595959595959596,3.238180929634479,0.602005667469472,1.96509594589955,-0.021988421287018483,-0.9597532673751069,2.9879245283018867,1.524259938057729,0.35865546290482797,1.243173758749118,Medical Devices,Healthcare,ALGN
2008Q4,2008,Q4,2009-02-27,2008-12-31,65496000.0,74125000.0,1325000.0,0.99,53892000.0,0.7270421585160203,279341000.0,218540000.0,177907000.0,60572000.0,60801000.0,1965000.0,-221230000.0,577351250.0,490251250.0,3.3120652289226014,2.937116159281516,0.0,0.0,0.3271003660807857,3.3120652289226014,0.29969799579024436,7.788887015177066,2.203765306278246,2.6418561819346573,0.0,10.296692111959288,0.0,0.26535667875464036,2.683219969622928,0.23446611847168872,85.12993954585669,0.7270421585160203,11.375,128.7674064344007,0.8186005907932844,2.1077433695735746,-0.04458666477564841,11.700407213496218,-0.7671762431910033,116.53139031678957,0.37269241790297125,1.2160544316207882,Medical Devices,Healthcare,ALGN
2008Q3,2008,Q3,2008-11-05,2008-09-30,5157000.0,75173000.0,5691000.0,0.08,56407000.0,0.7503624971731871,216520000.0,159654000.0,173554000.0,56742000.0,56866000.0,3015000.0,-286726000.0,729584610.0,649828610.0,2.369914052874553,3.0586514398505518,0.0,0.0,0.030869112768704896,2.369914052874553,0.03230110113119621,9.70540765966504,35.368654741128566,4.569785974670224,0.0,6.224212271973466,0.0,0.3471873268058378,2.8748898523139825,0.023817661186033623,49.86226148168398,0.7503624971731871,0.3333333333333334,3.069014785129971,0.8997178008322414,1.3642429379374832,-0.054509797348262626,0.27965260545905707,0.4697830578512397,4.120001912886655,0.3554741062875225,0.5862237935223188,Medical Devices,Healthcare,ALGN
2008Q2,2008,Q2,2008-08-08,2008-06-30,4030000.0,79902000.0,3872000.0,0.06,59659000.0,0.746652148882381,217169000.0,159219000.0,174384000.0,57817000.0,57950000.0,3017000.0,-288430000.0,719414690.0,655075690.0,2.321619690584856,3.0161371222996696,0.0,0.0,0.02271248757796212,2.321619690584856,0.02531104956066801,9.003713173637706,44.62870285359802,4.51839723902298,0.0,6.709645343056016,0.0,0.3679254405555121,2.7887126623657403,0.018556976364029858,119.34550265428003,0.746652148882381,-0.14285714285714296,1.4353917897151536,1.2918388190550598,1.3934365252139875,0.08140588747099768,-0.24019607843137256,-0.16299178555987895,5.715542021268205,0.32802120156415965,0.553744041100678,Medical Devices,Healthcare,ALGN
2008Q1,2008,Q1,2008-05-08,2008-03-31,5304000.0,74776000.0,4626000.0,0.07,55168000.0,0.7377768267893442,231050000.0,176933000.0,191150000.0,53958000.0,54117000.0,3010000.0,-284346000.0,767178830.0,653498830.0,2.5622782500398245,3.5425701471514883,0.0,0.0,0.024798941254380886,2.5622782500398245,0.029977449090898816,10.259693350807746,36.16038980015083,4.335984977364313,0.0,6.514285714285714,0.0,0.32363557671499676,3.3329256088068497,0.022956070114693788,-377.92060591133003,0.7377768267893442,-0.12499999999999993,1.5001957922319513,1.5036883376868826,1.2063741205397585,0.033302116501217456,-0.06422018348623854,-0.07701516360734238,1.5251421968977923,0.2964904422805745,0.730087245628063,Medical Devices,Healthcare,ALGN
2007Q4,2007,Q4,2008-02-26,2007-12-31,5668000.0,72517000.0,5012000.0,0.08,53390000.0,0.7362411572458871,222761000.0,161154000.0,184517000.0,61459000.0,61607000.0,2910000.0,-289650000.0,1151804040.0,1062685040.0,2.333772609444919,3.002277941391822,0.0,0.0,0.030061168135870512,2.333772609444919,0.03517132680541594,15.883227932760594,50.80293048694425,7.147225883316579,0.0,6.572852233676976,0.0,0.325537234973806,2.8106542573097513,0.02544431026975099,72.57744423440454,0.7362411572458871,-0.38461538461538464,1.3373952839737477,1.6780455701342651,0.889919594471049,0.001331607869614959,-0.40084566596194504,-0.4029779630732579,3.4845555482451243,0.4733333361751453,0.6670854248132532,Medical Devices,Healthcare,ALGN
2007Q3,2007,Q3,2007-11-05,2007-09-30,9460000.0,71451000.0,8395000.0,0.13,53319000.0,0.746231683251459,206894000.0,150707000.0,167147000.0,55992000.0,56187000.0,3542000.0,-295318000.0,1839268200.0,1751299200.0,2.217257613653082,2.9851943134733534,0.0,0.0,0.05545205978926416,2.217257613653082,0.06277080693000325,25.741671915018685,48.60645348837209,12.20426522988315,0.0,5.11914172783738,0.0,0.3453507593260317,2.7859872838976996,0.045723897261399554,95.81018909204563,0.746231683251459,-0.3157894736842105,1.3867513033167822,1.6564188401360096,0.6706228642852701,-0.053889559230605434,-0.3053311793214863,-0.3757436049970256,1.530181160837277,0.3854862439311461,0.6037456171659863,Medical Devices,Healthcare,ALGN
2007Q2,2007,Q2,2007-08-03,2007-06-30,13618000.0,76603000.0,13448000.0,0.19,56356000.0,0.7356892027727373,182355000.0,128330000.0,138425000.0,53836000.0,54025000.0,3388000.0,-304778000.0,1611375360.0,1545781360.0,1.9241033945064172,2.5712348614310128,0.0,0.0,0.10100948335437931,1.9241033945064172,0.10611704200109094,21.035408012741016,29.581718313996184,12.556497779163095,0.0,5.9760920897284535,0.0,0.4200762249458474,2.3475369641132326,0.07467851169422281,142.52391296656643,0.7356892027727373,0.8999999999999999,1.5054153468392275,2.100225000970595,0.21315590289194522,0.21898252292784218,0.9515620521639439,0.9211428571428572,2.2311564565885806,0.5509598304119274,0.5078782683884133,Medical Devices,Healthcare,ALGN
2007Q1,2007,Q1,2007-05-07,2007-03-31,6978000.0,63761000.0,7000000.0,0.1,46232000.0,0.7250827308229169,157039000.0,98988000.0,115240000.0,57818000.0,58051000.0,3725000.0,-318396000.0,1037767380.0,989558380.0,1.512814634817294,1.9931509218582448,0.05094275944192207,0.08081787691437346,0.06124156612009139,1.512814634817294,0.07049339313856225,16.275895610169226,37.17997205503009,10.483769547823979,0.0,4.7057718120805365,0.0,0.40602016059704915,1.79521948182227,0.04443482192321652,-1012.4559804878048,0.7250827308229169,1.4014774369680425,1.2660149116365151,1.6236908353470447,-0.19668383659608635,0.21682370900668527,1.40407666917598,1.3874467260751646,10.313585859654268,0.468717158785083,0.29985647626924794,Medical Devices,Healthcare,ALGN
