Quarters,Year,Quarter,FillingDate,Date,NetIncome,Revenue,OperatingIncome,EPSDiluted,GrossProfit,GrossProfitRatio,TotalAssets,CommonStockEquity,CurrentAssets,CurrentLiability,TotalLiability,Inventory,RetainedEarnings,MarketCap,EnterpriseValue,bookValuePerShare,currentRatio,debtToAssets,debtToEquity,roic,shareholdersEquityPerShare,roe,priceToSalesRatio,peRatio,pbRatio,payoutRatio,inventoryTurnover,dividendYield,assetTurnover,quickRatio,returnOnAssets,priceToFreeCashFlowsRatio,grossProfitMargin,epsdilutedGrowth,fiveYNetIncomeGrowthPerShare,fiveYRevenueGrowthPerShare,fiveYShareholdersEquityGrowthPerShare,grossProfitGrowth,netIncomeGrowth,operatingIncomeGrowth,threeYNetIncomeGrowthPerShare,threeYRevenueGrowthPerShare,threeYShareholdersEquityGrowthPerShare,Industry,Sector,Symbol
2023Q1,2023,Q1,2023-05-03,2023-03-31,9900000.0,370600000.0,38400000.0,0.06,160300000.0,0.4325418241,10061500000.0,2194200000.0,7041700000.0,6591400000.0,7867300000.0,6286200000.0,-362700000.0,11294036509.84,12115436509.84,14.225146506302202,1.068316290924538,0.1242359489141778,0.5696837116033179,0.003853059927163221,14.225146506302202,0.004511894995898278,30.475004074042094,285.2029421676768,5.147222910327226,0.0,0.03345423308198912,0.0,0.036833474134075436,0.09606456898382741,0.0009839487154002882,-660.4699713356725,0.43254182406907715,2.775147928994083,5.123037654681681,0.5515592909141999,0.7995233056365746,0.18652849740932642,2.9038461538461537,3.0869565217391304,0.07949760265484786,0.5605228664178495,0.09121814784508732,Software—Application,Technology,CDAY
2022Q4,2022,Q4,2023-03-01,2022-12-31,-5200000.0,336100000.0,-18400000.0,-0.0338,135100000.0,0.4019637013,7917200000.0,2109400000.0,4894000000.0,4533500000.0,5807800000.0,4184000000.0,-372600000.0,9858574822.6,10681574822.6,13.725920068060367,1.079519135325907,0.15850300611327237,0.5949085047880914,-0.011263095938787522,13.725920068060367,-0.0024651559685218544,29.332266654567093,-473.9699433942308,4.673639339433015,0.0,0.048040152963671125,0.0,0.04245187692618602,0.13499503694717105,-0.0006567978578285252,808.0799034918033,0.40196370127938114,0.7585714285714286,-1.049111444438565,-0.4554194834078153,-0.178426425311248,0.13529411764705881,0.7523809523809524,-0.9166666666666666,-2.249801982964901,0.4205344989524131,0.05054561464281074,Software—Application,Technology,CDAY
2022Q3,2022,Q3,2022-11-02,2022-09-30,-21000000.0,315600000.0,-9600000.0,-0.14,119000000.0,0.3770595691,8006400000.0,2051200000.0,5007200000.0,4675700000.0,5955200000.0,0.0,-367400000.0,8559969194.4800005,9411669194.48,13.390358469270518,1.0708984750946382,0.15738659072741806,0.6143233229329174,-0.0035407928846923936,13.390358469270518,-0.010237909516380655,27.122842821546264,-101.90439517238094,4.173151908385336,0.0,0.0,0.0,0.039418465227817744,0.12058087559082063,-0.0026229016786570745,291.1554147782313,0.3770595690747782,-0.07692307692307698,0.5545317181749575,-0.17697545540874715,0.0,0.02586206896551724,-0.06060606060606061,0.21951219512195122,-1.312180533430827,0.45410301937085684,0.031723246962404014,Software—Application,Technology,CDAY
2022Q2,2022,Q2,2022-08-03,2022-06-30,-19800000.0,301200000.0,-12300000.0,-0.13,116000000.0,0.385126162,9082300000.0,2094300000.0,6037500000.0,5699200000.0,6988000000.0,0.0,-346400000.0,7191581532.5199995,8085881532.5199995,13.710425662858295,1.0593592083099381,0.13933695209363267,0.6042591796781741,-0.003767420491091939,13.710425662858295,-0.009454232917920068,23.876432710889773,-90.80279712777777,3.433883174578618,0.0,0.0,0.0,0.033163405745240744,0.09171462661426165,-0.002180064521101483,659.7781222495412,0.3851261620185923,0.27777777777777773,0.6302985895378005,-0.1822965898236935,0.0,0.1251212415130941,0.2773722627737226,0.3387096774193548,-3.9041197465347146,0.4178312586471985,0.10136759164567558,Software—Application,Technology,CDAY
2022Q1,2022,Q1,2022-05-04,2022-03-31,-27400000.0,293300000.0,-18600000.0,-0.18,103100000.0,0.3515172179,11059500000.0,2140800000.0,7978000000.0,7628900000.0,8918700000.0,0.0,-326600000.0,10399206962.36,11310706962.36,14.072716172463634,1.0457602013396428,0.11449884714498847,0.5915078475336323,-0.006055222718705178,14.072716172463634,-0.012798953662182361,35.455870993385616,-94.88327520401461,4.857626570609118,0.0,0.0,0.0,0.02652018626520186,0.0654484919188874,-0.0024775080247750802,-722.1671501638889,0.35151721786566653,-1.8708133971291863,-0.04587290702916912,-0.32947213695410843,0.0,-0.007699711260827719,-1.8842105263157896,-185.0,-3.2538510722027674,0.32651971701321236,0.16924407906135203,Software—Application,Technology,CDAY
2021Q4,2021,Q4,2022-02-28,2021-12-31,-9500000.0,282100000.0,-100000.0,-0.0627,103900000.0,0.3683091102,7166200000.0,2227500000.0,4144100000.0,3741900000.0,4938700000.0,0.0,-309200000.0,15822064402.32,16631264402.32,14.706339456302636,1.1074855020176915,0.16420138985794425,0.5282603815937149,-2.6238672488889992e-05,14.706339456302636,-0.004264870931537598,56.0867224470755,-416.37011585052625,7.103059215407407,0.0,0.0,0.0,0.03936535402305266,0.137309922766509,-0.0013256677178979097,-874.1472045480663,0.3683091102445941,0.5521428571428572,-1.0910347741213509,-0.53623173943717,-0.11974280647197658,0.11600429645542427,0.5454545454545454,-1.00625,-42.951259622567534,0.30316633886289496,0.3453542779891324,Software—Application,Technology,CDAY
2021Q3,2021,Q3,2021-11-03,2021-09-30,-20900000.0,257200000.0,16000000.0,-0.14,93100000.0,0.3619751166407465,9001500000.0,2221800000.0,5963600000.0,5554800000.0,6779700000.0,0.0,-299700000.0,16943746008.900002,17741246008.9,14.767638506182045,1.0735940087851947,0.13067822029661724,0.5294355927626249,0.0033023109659042317,14.767638506182045,-0.00940678728958502,65.87770609992225,-202.67638766626794,7.626134669592223,0.0,0.0,0.0,0.028573015608509694,0.08918412904154965,-0.0023218352496806086,1486.2935095526318,0.3619751166407465,0.1764705882352941,0.5485957195641903,-0.31708185574100806,0.0,0.010857763300760043,0.18992248062015504,1.8121827411167513,-5.349611438891285,0.31135864738347047,0.3224044876148891,Software—Application,Technology,CDAY
2021Q2,2021,Q2,2021-08-04,2021-06-30,-25800000.0,250400000.0,-19700000.0,-0.17,92100000.0,0.3678115015974441,6807000000.0,2199800000.0,3755700000.0,3374000000.0,4607200000.0,0.0,-278800000.0,14320264461.36,15163264461.36,14.73470106430987,1.1131298162418495,0.17308652857352724,0.5355941449222656,-0.003920811729757901,14.73470106430987,-0.011728338939903627,57.189554558146966,-138.76225253255814,6.509802919065369,0.0,0.0,0.0,0.03678566181871603,0.13438055720213396,-0.0037902159541648305,1234.5055570137931,0.3678115015974441,-0.30769230769230776,0.5071080682433488,-0.30446137580860855,0.0,-0.011802575107296138,-0.34375,-7.208333333333333,0.7010427981037516,0.059948218035847906,0.1029232982633305,Software—Application,Technology,CDAY
2021Q1,2021,Q1,2021-05-05,2021-03-31,-19200000.0,234500000.0,-2400000.0,-0.13,93200000.0,0.3974413646055437,7798800000.0,2159300000.0,4832200000.0,4420500000.0,5639500000.0,0.0,-253000000.0,12532301533.5,13372001533.5,14.5196164099302,1.0931342608302228,0.15121557162640406,0.5461492150233872,-0.0010774365427754934,14.5196164099302,-0.008891770481174455,53.442650462686565,-163.18100955078123,5.803872335247534,0.0,0.0,0.0,0.03006872852233677,0.1045356860083701,-0.0024619172180335436,-632.9445218939394,0.3974413646055437,-0.08333333333333341,0.25033039233396215,-0.4516120049091796,0.0,0.09005847953216374,-0.10982658959537572,0.8904109589041096,-7.293635724878769,0.01828050520497985,0.8367746235159631,Software—Application,Technology,CDAY
2020Q4,2020,Q4,2021-02-26,2020-12-31,-17300000.0,222800000.0,-21900000.0,-0.12,85500000.0,0.38375224416517056,6701300000.0,2098200000.0,4122600000.0,3863900000.0,4603100000.0,0.0,-233800000.0,15780127063.68,16303827063.68,14.168719370746253,1.0669530784958203,0.10623311894706997,0.3392908207034601,-0.004809464618121883,14.168719370746253,-0.008245162520255457,70.82642308653502,-228.03651826127168,7.520792614469546,0.0,0.0,0.0,0.03324728037843404,0.07487253810916432,-0.0025815886469789445,-169.49653129624062,0.38375224416517056,-21.07121045,-1.1695612693915036,-0.6253636049885044,-0.1519223946762555,0.11473272490221642,-20.625,-35.5,-1.1695612693915036,-0.6253636049885044,-0.1519223946762555,Software—Application,Technology,CDAY
2020Q3,2020,Q3,2020-11-05,2020-09-30,-800000.0,204400000.0,-600000.0,-0.005436946934643541,76700000.0,0.3752446183953033,5918000000.0,2036300000.0,3371300000.0,2741400000.0,3881700000.0,0.0,-216500000.0,12161236957.95,12615936957.95,13.839068803768305,1.2297731086306267,0.17054748225751942,0.4956538820409566,-2.465711203575281e-05,13.839068803768305,-0.0003928694200265187,59.497245391144816,-3800.3865493593753,5.972222638093601,0.0,0.0,0.0,0.034538695505238255,0.23564602028160794,-0.00013518080432578573,1366.4311188707866,0.3752446183953033,-1.1359236733660885,0.9823327729373735,-0.44507077711638304,0.0,-0.024173027989821884,-1.1454545454545455,-1.15,0.9823327729373735,-0.44507077711638304,0.0,Software—Application,Technology,CDAY
2020Q2,2020,Q2,2020-08-05,2020-06-30,5500000.0,192600000.0,4000000.0,0.04,78600000.0,0.40809968847352024,5853900000.0,1985700000.0,3350000000.0,2744500000.0,3868200000.0,0.0,-215700000.0,11541158616.13,12025858616.13,13.638703377666754,1.220623064310439,0.1728078716752934,0.5094425139749207,-0.0024940680857914077,13.638703377666754,0.002769804099310067,59.922941932139146,524.598118915,5.812136081044468,0.0,0.0,0.0,0.03290114282785835,0.22583348515212243,0.0009395445771195271,1373.9474543011904,0.40809968847352024,-0.3333333333333333,1.1077447231151287,-0.4514142440540269,0.0,-0.21791044776119403,-0.36046511627906974,-0.8479087452471483,1.1077447231151287,-0.4514142440540269,0.0,Software—Application,Technology,CDAY
2020Q1,2020,Q1,2020-05-06,2020-03-31,8600000.0,222700000.0,26300000.0,0.06,100500000.0,0.4512797485406376,6470100000.0,1885600000.0,4056500000.0,3752700000.0,4584500000.0,0.0,-221200000.0,7242391422.75,7702991422.75,13.036024496470937,1.080955045700429,0.1106474397613638,0.3796669495120916,0.00509444705721241,13.036024496470937,0.004560882477725923,32.520841592950156,210.53463438226746,3.8408948996340686,0.0,0.0,0.0,0.034419869862907834,1.0625949316492125,0.0013291912026089242,-510.0275649823944,0.4512797485406376,6.999999999999999,1.3452395701100508,-0.464550214307118,0.0,0.027607361963190184,6.733333333333333,-0.789431545236189,1.3452395701100508,-0.464550214307118,0.0,Software—Application,Technology,CDAY
2019Q4,2019,Q4,2020-02-28,2019-12-31,-1500000.0,221800000.0,124900000.0,-0.01,97800000.0,0.4409377817853922,6085700000.0,1882300000.0,3623700000.0,3371700000.0,4203400000.0,0.0,-229800000.0,9779217932.439999,10213917932.439999,13.065515553769865,1.0747397455289616,0.11765285834004305,0.38038569834776603,-0.006124246196331537,13.065515553769865,-0.0007968974127397333,44.09025217511271,-1629.8696554066664,5.195355645986293,0.0,0.0,0.0,0.036446094943884844,1.0575673992348074,-0.0002464794518296991,1062.9584709173912,0.4409377817853922,-1.0238095238095237,-1.0151121344303442,-0.6166368947788379,-0.21795535268776506,0.10135135135135136,-1.0239234449760766,20.215384615384615,-1.0151121344303442,-0.6166368947788379,-0.21795535268776506,Software—Application,Technology,CDAY
2019Q3,2019,Q3,2019-11-07,2019-09-30,62700000.0,202300000.0,-6500000.0,0.42,88800000.0,0.43895205140879884,5436200000.0,1853100000.0,3004300000.0,2743200000.0,3583100000.0,0.0,-228300000.0,7049089034.03,7489389034.03,12.978634055881134,1.0951808107319918,0.13082668040175122,0.38378932599427984,0.053857010331348466,12.978634055881134,0.03383519507851708,34.84473076633712,28.10641560618022,3.8039442199719384,0.0,0.0,0.0,0.037213494720576876,1.0733449985418488,0.011533791987049777,2937.120430845833,0.43895205140879884,9.5,2.4269572702993343,-0.43399846253854224,0.0,0.00909090909090909,8.952380952380953,-1.3475935828877006,2.4269572702993343,-0.43399846253854224,0.0,Software—Application,Technology,CDAY
2019Q2,2019,Q2,2019-07-30,2019-06-30,6300000.0,196300000.0,18700000.0,0.04,88000000.0,0.44829342842587877,6729300000.0,1757100000.0,4351800000.0,4093300000.0,4972200000.0,0.0,-291000000.0,7243767141.88,7721867141.88,12.448546486075577,1.0631519800649842,0.10640036853758934,0.4074896135678106,0.0053701535970593385,12.448546486075577,0.0035854533037391156,36.90151371309221,287.45107705873016,4.122569655614365,0.0,0.0,0.0,0.029170939027833503,1.048640461241541,0.0009362043600374481,1114.4257141353846,0.44829342842587877,-0.5,1.127302398912214,-0.423271700924054,0.0,-0.05982905982905983,-0.4375,-0.3175182481751825,1.127302398912214,-0.423271700924054,0.0,Software—Application,Technology,CDAY
2019Q1,2019,Q1,2019-05-01,2019-03-31,11200000.0,203700000.0,27400000.0,0.08,93600000.0,0.45949926362297494,7259100000.0,1686800000.0,4890100000.0,4683700000.0,5572300000.0,0.0,-297300000.0,7207877007.53,7717077007.53,12.03573866609695,1.0440677242351133,0.0985659379261892,0.4241759544700024,0.007414994438995797,12.03573866609695,0.006639791320844202,35.3847668509082,160.89011177522323,4.273107071099123,0.0,0.0,0.0,0.02806132991693185,1.0322608194376242,0.001542890991996253,-317.5276214770925,0.45949926362297494,57.059708400000005,1.464038161140346,-0.4945209977310778,0.0,0.022950819672131147,57.0,0.2744186046511628,1.464038161140346,-0.4945209977310778,0.0,Software—Application,Technology,CDAY
2018Q4,2018,Q4,2019-02-28,2018-12-31,-200000.0,200300000.0,21500000.0,-0.001427049877412491,91500000.0,0.45681477783325014,5154400000.0,1532000000.0,2933500000.0,2763600000.0,3622400000.0,0.0,-419300000.0,4833748356.79,5286248356.79,10.931202060979682,1.0614777826024027,0.13004423405246004,0.437532637075718,0.008301986362861162,10.931202060979682,-0.00013054830287206266,24.132542969495756,-6042.1854459875,3.155188222447781,0.0,0.0,0.0,0.03886000310414403,1.046171660153423,-3.8801800403538726e-05,300.23281719192545,0.45681477783325014,-1.047568329247083,-1.0020712665553413,-0.6441219768095754,-0.3457060285683842,0.22,-1.0454545454545454,0.40522875816993464,-1.0020712665553413,-0.6441219768095754,-0.3457060285683842,Software—Application,Technology,CDAY
2018Q3,2018,Q3,2018-10-29,2018-09-30,4400000.0,179600000.0,15300000.0,0.03,75000000.0,0.41759465478841873,5962800000.0,1538500000.0,3718300000.0,3596300000.0,4424300000.0,0.0,-419100000.0,5924056852.0,6407856852.0,11.167262849218854,1.0339237549703861,0.11266519084993627,0.43665908352291194,0.007880587041786877,11.167262849218854,0.002859928501787455,32.98472634743875,336.5941393181818,3.850540690282743,0.0,0.0,0.0,0.03012007781579124,1.0224953424352807,0.0007379083651975582,822.7856738888889,0.41759465478841873,1.05,1.1037803690692134,-0.47922855000681486,0.0,0.03021978021978022,1.067175572519084,2.353982300884956,1.1037803690692134,-0.47922855000681486,0.0,Software—Application,Technology,CDAY
2018Q2,2018,Q2,2018-08-09,2018-06-30,-65500000.0,179300000.0,-11300000.0,-0.6,72800000.0,0.4060234244283324,6225400000.0,1513800000.0,3984300000.0,3863600000.0,4711600000.0,0.0,-423500000.0,3760795641.33,4260495641.33,13.359678853018353,1.0312402940262968,0.10786455488803932,0.4435856784251552,-0.005274900237091933,13.359678853018353,-0.04326859558726384,20.97487808884551,-14.354181837137403,2.484341155588585,0.0,0.0,0.0,0.028801362161467538,1.0196707733719848,-0.010521412278729077,-185.26086903103447,0.4060234244283324,-37.54307188282906,-0.6487039905053261,-0.3437994306172153,0.0,-0.18385650224215247,-30.19047619047619,-1.428030303030303,-0.6487039905053261,-0.3437994306172153,0.0,Software—Application,Technology,CDAY
2018Q1,2018,Q1,2018-05-24,2018-03-31,-2100000.0,208900000.0,26400000.0,-0.015567,89200000.0,0.4269985639061752,6879500000.0,1066400000.0,4488200000.0,4454400000.0,5776000000.0,0.0,-355600000.0,4210315420.4900002,5268615420.49,7.904952640371674,1.0075880028735633,0.16287520895413912,1.0507314328582145,-0.007473070164551257,7.904952640371674,-0.0019692423105776443,20.154693252704643,-501.22802624880956,3.948157746145912,0.0,0.0,0.0,0.030365578893814957,0.9961386494252874,-0.0003052547423504615,-124.93517568219585,0.4269985639061752,-1.0225944495545334,0.9096090505377247,-0.46145684584187346,0.0,-0.1756007393715342,-1.0466666666666666,0.14285714285714285,0.9096090505377247,-0.46145684584187346,0.0,Software—Application,Technology,CDAY
2017Q4,2017,Q4,2017-12-31,2017-12-31,45000000.0,262300000.0,23100000.0,0.6889745183846113,108200000.0,0.4125047655356462,6729900000.0,1091200000.0,4322400000.0,4272500000.0,5600900000.0,0.0,-348200000.0,2038464359.02,3058664359.02,16.706866543584177,1.0116793446459917,0.16639177402338817,1.0262096774193548,-0.0726205040371911,16.706866543584177,0.04123900293255132,7.771499653145254,11.324801994555557,1.8680941706561582,0.0,0.0,0.0,0.03897531909835213,1.001568168519602,0.0066865778094771094,328.78457403548384,0.4125047655356462,3.2388056176427376,0.0,0.0,0.0,0.765089722675367,3.2388059701492535,3.5294117647058822,0.0,0.0,0.0,Software—Application,Technology,CDAY
2017Q3,2017,Q3,2017-09-30,2017-09-30,-20100000.0,163500000.0,5100000.0,-0.307742,61300000.0,0.3749235474006116,,,,,,,,2038464359.02,,,0.0,0.0,0.0,0.0,,0.0,12.46767192061162,-25.354034316169155,0.0,0.0,0.0,0.0,0.0,0.0,0.0,-52.268316897948715,0.3749235474006116,0.12226940968765951,0.0,0.0,0.0,0.06239168110918544,0.1222707423580786,4.666666666666667,0.0,0.0,0.0,Software—Application,Technology,CDAY
2017Q2,2017,Q2,2017-06-30,2017-06-30,-22900000.0,157500000.0,900000.0,-0.350611,57700000.0,0.36634920634920637,,,,,,,,2038464359.02,,,0.0,0.0,0.0,0.0,,0.0,12.942630850920635,-22.253977718558954,0.0,0.0,0.0,0.0,0.0,0.0,0.0,-474.06147884186043,0.36634920634920637,-1.0358794327419645,0.0,0.0,0.0,-0.2181571815718157,-1.0446428571428572,-0.9262295081967213,0.0,0.0,0.0,Software—Application,Technology,CDAY
2017Q1,2017,Q1,2017-03-31,2017-03-31,-11200000.0,187000000.0,12200000.0,-0.17221599391462483,73800000.0,0.3946524064171123,,,,,,,,2029730178.1000001,,,0.0,0.0,0.0,0.0,,0.0,10.85417207540107,-45.30647718973215,0.0,0.0,0.0,0.0,0.0,0.0,0.0,-37.938881833644864,0.3946524064171123,0.0,0.0,0.0,0.0,0.0,0.0,0.0,0.0,0.0,0.0,Software—Application,Technology,CDAY
