Quarters,Year,Quarter,FillingDate,Date,NetIncome,Revenue,OperatingIncome,EPSDiluted,GrossProfit,GrossProfitRatio,TotalAssets,CommonStockEquity,CurrentAssets,CurrentLiability,TotalLiability,Inventory,RetainedEarnings,MarketCap,EnterpriseValue,bookValuePerShare,currentRatio,debtToAssets,debtToEquity,roic,shareholdersEquityPerShare,roe,priceToSalesRatio,peRatio,pbRatio,payoutRatio,inventoryTurnover,dividendYield,assetTurnover,quickRatio,returnOnAssets,priceToFreeCashFlowsRatio,grossProfitMargin,epsdilutedGrowth,fiveYNetIncomeGrowthPerShare,fiveYRevenueGrowthPerShare,fiveYShareholdersEquityGrowthPerShare,grossProfitGrowth,netIncomeGrowth,operatingIncomeGrowth,threeYNetIncomeGrowthPerShare,threeYRevenueGrowthPerShare,threeYShareholdersEquityGrowthPerShare,Industry,Sector,Symbol
2023Q1,2023,Q1,2023-04-13,2023-03-31,5457000.0,295219000.0,34964000.0,0.02,66513000.0,0.2253005396,4367982000.0,1574521000.0,572156000.0,471169000.0,2793461000.0,187438000.0,-231954000.0,1375661726.25,2401786726.25,6.008915631122074,1.2143328614573539,0.29342794910784886,0.8140177234854282,0.0037579931068356864,6.008915631122074,0.003465815952915204,4.659800779252013,63.022802192138535,0.8737017329397321,0.34964266080263884,1.2201688024840214,0.0013869688772988787,0.06758704591731376,0.7722579371732861,0.0012493183351030292,217.42717342342343,0.22530053959941604,1.3003003003003004,-0.8687132254413645,-0.23869493366781747,-0.2681950507476345,-0.04539583213732132,1.312883435582822,0.5580410855131233,1.0714687317995095,0.20097205972547666,-0.11714411639987095,Copper,Basic Materials,HBM
2022Q4,2022,Q4,2022-12-31,2022-12-31,-17441000.0,321196000.0,22441000.0,-0.0666,69676000.0,0.2169267363,4325943000.0,1571809000.0,524181000.0,447647000.0,2754134000.0,155012000.0,-235503000.0,1327813445.01,2347329445.01,6.001650051028052,1.1709695362640653,0.2878403622054197,0.7921961256106818,0.00951876040449138,6.001650051028052,-0.011096131909156901,4.133966316548151,-19.032931669772378,0.8447676817030568,0.0,1.6225840580084123,0.0,0.0742487822886247,0.7773982624702053,-0.004031722100822872,-545.3032628377823,0.2169267363229928,-1.1414790996784567,-1.1746454443094,-0.22590139691364614,-0.2683559915501036,1.148504471168671,-1.1439459127228027,10.799563318777292,-10.958381528087347,-0.012497552034290534,-0.15153698515753075,Copper,Basic Materials,HBM
2022Q3,2022,Q3,2022-09-30,2022-09-30,-8135000.0,346171000.0,-2290000.0,-0.0311,32430000.0,0.0936820242,4287794000.0,1570889000.0,519385000.0,419578000.0,2716905000.0,134059000.0,-218062000.0,1055441456.2900001,2018348456.29,5.998137208152775,1.2378747217442287,0.29129757632945985,0.7951064651926393,-0.024546304176448413,5.998137208152775,-0.0051785963234830725,3.0489020059161516,-32.43520148401967,0.6718752606263079,-0.24240934234787953,2.3403203067306184,0.0018684124905722485,0.080734055787195,0.8488814952166224,-0.0018972459964261342,12.7176943763104,0.09368202420191177,-1.2591666666666665,-1.1806069729535176,-0.15039451374665008,-0.30266220098614854,-0.6377103022990817,-1.253087764054382,-1.0165505478303605,0.9704667549623428,0.18560781403910973,-0.15630565784133985,Copper,Basic Materials,HBM
2022Q2,2022,Q2,2022-06-30,2022-06-30,32143000.0,415454000.0,138364000.0,0.12,89514000.0,0.2154606768,4382727000.0,1601123000.0,619737000.0,439366000.0,2781604000.0,192671000.0,-207955000.0,1068499788.24,2063139788.24,6.1137886145586124,1.4105256210084531,0.28593978132792663,0.7826981437403623,0.07069833164085423,6.1137886145586124,0.020075284659579556,2.571884705021495,8.310516972902343,0.6673439755971278,0.0,1.691692055368997,0.0,0.09479349272724494,0.8232225524960967,0.007334018295002176,12.319414620040815,0.21546067675362374,-0.5,0.1381899332166424,0.15852826583887916,-0.19153884776713204,0.04979593751465966,-0.49630964506777403,0.10158035110067275,1.592252487744987,0.25822912981788804,-0.25031752094713633,Copper,Basic Materials,HBM
2022Q1,2022,Q1,2022-03-31,2022-03-31,63815000.0,378619000.0,125605000.0,0.24,85268000.0,0.2252079267,4538214000.0,1561978000.0,620232000.0,458386000.0,2976236000.0,199239000.0,-240098000.0,2054260714.55,3099045714.55,5.96882723461222,1.3530779735855807,0.2772332904530284,0.8054812551777297,0.031134935722493342,5.96882723461222,0.040855248921559714,5.425667265905831,8.047718853521898,1.3151662280454652,0.03251586617566403,1.4723573196010822,0.0010100957416471566,0.08342907584349261,0.8695509897771747,0.01406169916182886,277.1159739039525,0.22520792670204084,6.999999999999999,26.102151392849954,0.3560370770820162,-0.19660933101779923,0.04311019769035036,7.104945948531522,8.209252877776963,5.750468530737792,0.29343084275513587,-0.2783146957725369,Copper,Basic Materials,HBM
2021Q4,2021,Q4,2021-12-31,2021-12-31,-10453000.0,425170000.0,13639000.0,-0.04,81744000.0,0.1922619188,4616231000.0,1476828000.0,656728000.0,509216000.0,3139403000.0,158453000.0,-301838000.0,1896001592.25,2883288592.25,5.647148738569315,1.2896845346571986,0.27257648068305074,0.8520125566416672,0.3401348363670934,5.647148738569315,-0.007078007730080957,4.4593964584754335,-45.34587181311585,1.283833724881977,0.0,2.1673682416868094,0.0,0.09210327646081835,0.932943976622887,-0.0022644014131875116,-210.97158031044842,0.192261918761907,0.9384615384615385,0.8005403575837786,0.21116938462962248,-0.24446839777150944,1.9569879884801797,0.9386600630241005,1.1159581703791872,-1.9752692823551867,0.20751505774117324,-0.3228360438839097,Copper,Basic Materials,HBM
2021Q3,2021,Q3,2021-09-30,2021-09-30,-170411000.0,358961000.0,-117620000.0,-0.65,-85418000.0,-0.23795899833129505,4504661000.0,1490180000.0,583620000.0,423703000.0,3014481000.0,133257000.0,-291385000.0,1629253782.0300002,2582691782.03,5.698204602865887,1.3774271128597153,0.27768771057355923,0.8394214121783946,-0.048262630926052374,5.698204602865887,-0.11435598384087828,4.538804444020381,-2.3901828256832016,1.093326834362292,-0.012064948858935163,3.334751645316944,0.0012619274066918457,0.07968657352906246,0.9984918681246061,-0.03782992771265141,32.131380547272514,-0.23795899833129505,-64.0,-5.585332241413124,0.04119638094768267,-0.25111601756670315,-2.039376019079604,-49.19469808541974,-3.0095677430377585,-8.464530602325796,-0.01109889006158061,-0.3218229827396511,Copper,Basic Materials,HBM
2021Q2,2021,Q2,2021-06-30,2021-06-30,-3395000.0,404242000.0,58530000.0,-0.01,82182000.0,0.20329901395698616,4587827000.0,1658924000.0,656075000.0,436276000.0,2928903000.0,154750000.0,-118921000.0,1741272284.7,2696020284.7,6.345035143026761,1.5038072229506092,0.272249803665221,0.7529187593886157,-0.004506047974413467,6.345035143026761,-0.0020465072540996453,4.307499677668328,-128.22329047864508,1.0496395764362925,0.0,2.081163166397415,0.0,0.08811186646750194,1.082042101788776,-0.0007400017481042768,-416.8715069906632,0.20329901395698616,0.9565217391304347,0.4642258340232383,0.4731053327674805,-0.15707192734883413,0.5650137111517367,0.9435126950850221,0.5061372584339054,-1.1375044905989056,0.08800172135937426,-0.23540858630063147,Copper,Basic Materials,HBM
2021Q1,2021,Q1,2021-03-31,2021-03-31,-60102000.0,313624000.0,38861000.0,-0.23,52512000.0,0.16743616559957147,4549196000.0,1660250000.0,681661000.0,445380000.0,2888946000.0,182366000.0,-115526000.0,1795275778.38,2720835778.38,6.353295486608937,1.5305155148412593,0.2717236188548482,0.7445408823972294,0.011370285326367458,6.353295486608937,-0.03620057220298148,5.7242933524857795,-7.467620787910552,1.0813285820689655,-0.03477421716415427,1.4318019806323548,0.0011641665448669674,0.06894053366792725,1.073112847456105,-0.013211565296373249,-57.62770129297339,0.16743616559957147,-9.114041925465838,-2.4267561198406833,0.11311137312410208,-0.15604749090663605,0.5279774201996101,-9.11531190926276,4.4131494637136095,-2.449886031429479,-0.18903591458541835,-0.2262542251246526,Copper,Basic Materials,HBM
2020Q4,2020,Q4,2020-12-31,2020-12-31,7406000.0,322290000.0,7179000.0,0.028345922058665648,34367000.0,0.10663377703310684,4666645000.0,1699806000.0,755675000.0,448787000.0,2966839000.0,143105000.0,-53334000.0,1828905050.0,2588959050.0,6.505882850506646,1.6838165989656564,0.2569702645047995,0.7054858024974615,0.01970015329876034,6.505882850506646,0.004356967795148388,5.67471857643737,61.73727551984877,1.0759492848007361,0.0,2.0119702316480907,0.0,0.06906246350429485,1.3208493115887938,0.0015870073682484954,571.1758432229857,0.10663377703310684,1.3149546895407294,1.0260970488209802,-0.13816521174097823,-0.14385262244002756,-0.12503182443097918,1.3091630139845545,-0.655319761859036,-0.9256629075591396,-0.22140973465375482,-0.20688641177358236,Copper,Basic Materials,HBM
2020Q3,2020,Q3,2020-09-30,2020-09-30,-23955000.0,316108000.0,20828000.0,-0.09,39278000.0,0.12425500145519885,4590688000.0,1684464000.0,735499000.0,332058000.0,2906224000.0,135228000.0,-60740000.0,1105181198.73,1904641198.73,6.447162445568108,2.214971480885869,0.2719579287461923,0.7411698914313396,0.006931281988788469,6.447162445568108,-0.014221140968284272,3.49621394817594,-11.53393027269881,0.656102593305645,-0.08261323314548111,2.0471352086845918,0.0017906565930312004,0.06885852403822695,1.7716844647621801,-0.005218172090980698,-16.61277092760725,0.12425500145519885,0.55,-0.8226530848947613,0.054832175648359724,-0.25036755342006145,4.103998735577683,0.5384481994566579,1.776150549655301,-1.5331005289487762,-0.22232507796886503,-0.25045894856049894,Copper,Basic Materials,HBM
2020Q2,2020,Q2,2020-08-12,2020-06-30,-51901000.0,208913000.0,-26835000.0,-0.2,-12654000.0,-0.06057066817287579,4498892000.0,1706303000.0,661703000.0,401031000.0,2792589000.0,143002000.0,-34806000.0,791654617.53,1460210617.53,6.530749616709054,1.6500046131097097,0.23554510755092586,0.6210456173376007,-0.006579830390995837,6.530749616709054,-0.030417223670121896,3.7893985416417357,-3.8132917358528737,0.4639589905954569,0.0,1.549397910518734,0.0,0.0464365448203691,1.262919824153245,-0.011536396072632994,-48.32171260025636,-0.06057066817287579,0.3103448275862068,-0.04758360271463158,0.25332148181519065,-0.25962722487945633,0.4245827838661271,0.3182940604723251,0.30042493287103417,-2.8421509489125762,-0.4160571950138817,-0.1364017153788782,Copper,Basic Materials,HBM
2020Q1,2020,Q1,2020-04-20,2020-03-31,-76134000.0,245105000.0,-38359000.0,-0.29,-21991000.0,-0.08972073193121316,4366226000.0,1778277000.0,566949000.0,373904000.0,2587949000.0,137289000.0,17095000.0,496417086.9,1251960086.9,6.8062248241681145,1.5162956266849246,0.2431252985988357,0.5969486193658243,-0.012307263454533987,6.8062248241681145,-0.042813352475457984,2.025324195344852,-1.6300768608637402,0.2791562208249896,-0.02369506396616492,1.9455018246181413,0.0036340409055327385,0.05613658111146789,1.0703041422397193,-0.017437026851106655,-11.819735872282672,-0.08972073193121316,-51.06463195691202,-2.640493558022536,0.7295876350546642,-0.2323053673437176,-1.8578840602325037,-51.32577319587629,-7.128614794695638,-28.995741486426923,-0.12074648289903286,-0.08389750619295162,Copper,Basic Materials,HBM
2019Q4,2019,Q4,2020-01-24,2019-12-31,-1455000.0,324486000.0,6259000.0,-0.00557,25634000.0,0.07899878577195935,4455961000.0,1848123000.0,663035000.0,391751000.0,2607838000.0,138820000.0,95033000.0,1084279422.5,1755335422.5,7.07355529473769,1.6924908934501763,0.23949985199601165,0.5774518254466829,7.173768471223948e-05,7.07355529473769,-0.0007872852618575712,3.341529133768483,-186.30230627147768,0.586692239910439,0.0,2.1528021898861835,0.0,0.07282065529747679,1.3003897884115165,-0.00032652889017655224,109.2803288147551,0.07899878577195935,0.9946952380952381,-1.0312152639978678,2.0496791316845226,-0.21098373348380453,-0.17189468583427556,0.9947051631028108,1.0201442507297824,0.9722102492779726,-0.07477830616113998,-0.05362957260464367,Copper,Basic Materials,HBM
2019Q3,2019,Q3,2019-11-12,2019-09-30,-274796000.0,291282000.0,-310709000.0,-1.05,30955000.0,0.10627158561119465,4386546000.0,1857481000.0,703870000.0,336014000.0,2529065000.0,161487000.0,96488000.0,943192465.11,1608114465.1100001,7.1093723264826645,2.0947639086466636,0.24241396305886226,0.5724742271926334,-0.08148161917097692,7.1093723264826645,-0.1479401404375065,3.2380732936123757,-0.8580842380438579,0.5077804107336764,-0.00717623255069215,1.612061652021525,0.002090771579446423,0.06640349833331281,1.5677680096662638,-0.06264518826429724,-27.20956799878837,0.10627158561119465,-4.000000000000001,-6.309656183503988,0.4947752523077079,-0.2405564187771718,-0.28250237581994764,-4.075186997876074,-74.35993208828523,-8.401012899905618,-0.15431894463548476,-0.06565393285813563,Copper,Basic Materials,HBM
2019Q2,2019,Q2,2019-07-11,2019-06-30,-54145000.0,329414000.0,-4123000.0,-0.21,43143000.0,0.13096893271081375,4737938000.0,2130719000.0,754365000.0,326287000.0,2607219000.0,147840000.0,373253000.0,1408256893.8899999,1977467893.8899999,8.155170736126408,2.311967684890909,0.223459656922484,0.4968923635636609,-0.0015535319603271617,8.155170736126408,-0.02541160988379979,4.275036561560832,-6.502248101809954,0.660930368523489,0.0,1.9363568722943723,0.0,0.06952687012789108,1.7830437620867519,-0.011427967187413596,24.71449946280339,0.13096893271081375,-3.1999999999999993,-170.34621679362093,0.8634520162745033,-0.06366273286773663,-0.16731645178723076,-3.0370563674321502,-1.2081377151799686,-7.55066094614278,0.20125098841625938,0.08340177726187094,Copper,Basic Materials,HBM
2019Q1,2019,Q1,2019-04-01,2019-03-31,-13412000.0,292258000.0,19809000.0,-0.05,51812000.0,0.17728171683923108,4713899000.0,2160898000.0,809624000.0,307053000.0,2553001000.0,151809000.0,427403000.0,1920350309.85,2497151309.85,8.270678645731362,2.6367565208612196,0.22543291657288372,0.4917714764880156,0.004434169981238348,8.270678645731362,-0.006206678889979999,6.570736506271856,-35.79537559368476,0.8886816082249139,-0.14576498657918283,1.5838718389555297,0.0010180434215425551,0.06199920702586118,2.0902840877633504,-0.0028452030898413394,98.90046401864345,0.17728171683923108,-2.72300819061802,0.6108964288623011,1.1541999733313144,-0.08454001924874364,-0.31124877037194587,-2.821082621082621,-0.6378610603290676,0.23516257383525505,0.03747359510178245,0.09865187439841328,Copper,Basic Materials,HBM
2018Q4,2018,Q4,2019-02-21,2018-12-31,-3510000.0,351773000.0,54700000.0,-0.01343,75226000.0,0.21384813501889002,4685635000.0,2178856000.0,772392000.0,327164000.0,2506779000.0,118474000.0,442770000.0,1233204595.2,1772972595.2,8.339411286682822,2.360871000476825,0.22521280466788388,0.4843206710310365,-0.0032880430634330588,8.339411286682822,-0.001610937115623979,3.5056829125600886,-87.83508512820512,0.5659871947480696,0.0,2.3342421121933925,0.0,0.07507477641771072,1.9398772481079825,-0.0007490980411406352,15.436089111414303,0.21384813501889002,-1.1492222222222221,0.9544363890731218,0.9923887723997299,-0.06568774122965028,-0.11791468305152318,-1.1538933707471062,-0.16614582539367978,0.9876315638866198,-0.0593248398441659,0.09743216524895212,Copper,Basic Materials,HBM
2018Q3,2018,Q3,2018-11-01,2018-09-30,22808000.0,362649000.0,65599000.0,0.09,85282000.0,0.2351640291300955,4682172000.0,2195269000.0,769671000.0,315381000.0,2486903000.0,146573000.0,446280000.0,1350775940.1399999,1945938940.1399999,8.402237849175554,2.4404482197722754,0.22532833052694348,0.48059076131444484,0.014839025087560059,8.402237849175554,0.010389615122338082,3.724747455914672,14.805944626227639,0.6153122647566197,0.0885215713784637,1.8923471580714046,0.0014946964481694445,0.07745315635564007,1.9582061062651206,0.004871243516897713,20.181920516061556,0.2351640291300955,0.0,2.2739801647438758,0.892652563187739,-0.09270995169640399,-0.0776435470090092,-0.07558870019859766,-0.1663828597570274,2.735383210784555,0.21013748360708473,-0.023044607794272018,Copper,Basic Materials,HBM
2018Q2,2018,Q2,2018-07-17,2018-06-30,24673000.0,371288000.0,78692000.0,0.09,92461000.0,0.24902770894830967,4691762000.0,2168184000.0,749941000.0,349015000.0,2523578000.0,157332000.0,425491000.0,1463118652.8,2080583652.8,8.298595863543898,2.148735727690787,0.22529723374715085,0.4875236603535493,0.011791998157653067,8.298595863543898,0.01137956926164938,3.940656990799595,14.825098820573096,0.6748129553580322,0.0,1.7722205272926042,0.0,0.07913615396518409,1.6531209260346977,0.005258791899503854,25.70889024617385,0.24902770894830967,-0.43750000000000006,1.3250069354570888,0.9686202121331032,-0.10211832760423457,-0.23441057869852863,-0.4046809024007721,-0.2120162218995644,1.4980082367858136,1.227458040017211,-0.05921145202440865,Copper,Basic Materials,HBM
2018Q1,2018,Q1,2018-04-03,2018-03-31,41445000.0,386656000.0,99865000.0,0.16,120771000.0,0.31234740958371265,4690748000.0,2145321000.0,692273000.0,356473000.0,2545427000.0,159229000.0,400818000.0,1855025434.8,2523040434.8,8.211089084954901,1.9420068280066092,0.22614964606924098,0.4944765841568698,0.017215474331639502,8.211089084954901,0.01931878725841028,4.797611920673674,11.1896817155266,0.8646843222063272,0.04888406321631077,1.6698277323854323,0.0010921683131630126,0.08242949738506523,1.4751411747874312,0.008835477838502515,21.844645306704034,0.31234740958371265,-0.5564795564795565,12.84645355734402,1.1605045393966085,-0.13395530611606044,-0.11101051143891882,-0.5842028171274931,-0.08998542008383452,2.981779646813948,1.7284547501500156,-0.07384648882019314,Copper,Basic Materials,HBM
2017Q4,2017,Q4,2018-02-22,2017-12-31,99676000.0,414143000.0,109740000.0,0.36075,135852000.0,0.32803162192769164,4648729000.0,2144255000.0,665542000.0,356867000.0,2504474000.0,141682000.0,377146000.0,2300320000.0,3007969000.0,8.20296480489671,1.864958093631521,0.2289116014291218,0.49627866088688144,0.03883271414608521,8.20296480489671,0.04648514285847532,5.5544099501862885,5.769493157831374,1.0727828546511493,0.0,1.964194463658051,0.0,0.08908736129810965,1.3859421016793372,0.021441559617693354,55.55389185403434,0.32803162192769164,1.1220588235294118,7.249819417251577,0.5456835384419905,-0.20193751345727481,0.22427792547199568,1.434565971374139,0.13248436564776786,1.1373820420140277,2.8904160219915203,-0.08500430193309645,Copper,Basic Materials,HBM
2017Q3,2017,Q3,2017-11-02,2017-09-30,40942000.0,370356000.0,96902000.0,0.17,110965000.0,0.2996171251444556,4591631000.0,2047615000.0,613848000.0,353543000.0,2544016000.0,142306000.0,277470000.0,1773500787.65,2509863787.65,8.60148010997699,1.7362753611300463,0.2320068838284261,0.52025893539557,0.021129775922987742,8.60148010997699,0.019994969757498357,4.788637925806522,10.829348759525672,0.8661300037604726,0.04670021005324605,1.822769243742358,0.0010780936852774225,0.08065892054479117,1.2934155109845196,0.008916657283653673,17.703142220503096,0.2996171251444556,0.5454545454545455,6.147651685342313,0.820315362882923,-0.1685809271809888,0.4230113235614717,0.6001719690455718,0.4146277372262774,-0.1317534723673517,1.0859295850166275,-0.08116517766207618,Copper,Basic Materials,HBM
2017Q2,2017,Q2,2017-08-04,2017-06-30,25586000.0,324898000.0,68500000.0,0.11,77979000.0,0.24001071105393076,4359827000.0,1794305000.0,403891000.0,317779000.0,2565522000.0,136948000.0,238439000.0,1364309331.0,2333314331.0,7.562254039879464,1.2709807759480645,0.25727557538406914,0.6251317362432808,0.014280356753798734,7.562254039879464,0.01425956010823132,4.199192765113974,13.330623495270851,0.7603553080440617,0.0,1.803012822385139,0.0,0.07452084681341714,0.8014563580349866,0.0058685814827056215,17.402570646835976,0.24001071105393076,12.0,1.6370743100614353,0.26140988168487633,-0.2534567715835157,0.5865513733468972,12.100216919739696,0.6246086709040888,87.11861294782132,1.0238173534736497,-0.13173856070315132,Copper,Basic Materials,HBM
2017Q1,2017,Q1,2017-04-03,2017-03-31,-2305000.0,253157000.0,42164000.0,-0.01,49150000.0,0.1941482953266155,4357812000.0,1762817000.0,391176000.0,304217000.0,2594995000.0,139259000.0,212853000.0,1554126281.3999999,2608872281.3999996,7.429545132972487,1.2858453012159083,0.27245989501153334,0.6735407021829265,-0.0025785549228421116,7.429545132972487,-0.0013075662419865476,6.138982060144495,-168.56033420824295,0.881615210994675,-0.7700650759219089,1.4649466102729447,0.0011421208310054643,0.058092685044696744,0.8041562437339136,-0.0005289351628753145,22.25776640410174,0.1941482953266155,0.9501271757019599,-1.182621824404393,-0.021575960648266033,-0.28833568623382094,-0.3715235598746883,0.9512406659192351,-0.2935815169132307,0.9263639103692987,1.0547437338252743,-0.17764290746178024,Copper,Basic Materials,HBM
2016Q4,2016,Q4,2017-02-23,2016-12-31,-47273000.0,316654000.0,59687000.0,-0.20051,78205000.0,0.2469730368162095,4456556000.0,1763212000.0,436603000.0,315064000.0,2693344000.0,112464000.0,216933000.0,1344630000.0,2429930000.0,7.474404408647732,1.3857597186603356,0.2764834549369513,0.6988178392615295,0.03613964147819832,7.474404408647732,-0.026810729509554154,4.2463698547941915,-7.1109830135595375,0.7626025684943161,0.0,2.1202251387110542,0.0,0.07105352204706954,0.9655562044536983,-0.010607518451467905,13.91726008114598,0.2469730368162095,-2.432214285714285,-2.51839175577461,-0.11622470971166923,-0.2819668207713678,0.14236258198337692,-2.4081498912752077,-0.015082259368657282,0.32034365277244276,0.9863773590040295,-0.1625994418624567,Copper,Basic Materials,HBM
2016Q3,2016,Q3,2016-11-03,2016-09-30,33571000.0,311424000.0,60601000.0,0.14,68459000.0,0.21982570386354294,4484805000.0,1797470000.0,457284000.0,319073000.0,2687335000.0,118905000.0,264206000.0,935477484.48,2040646484.48,7.608928400833338,1.4331641975347333,0.2727938003993485,0.6806383416691238,0.016034245183252877,7.608928400833338,0.018676806845176832,3.003870878545006,6.966410625837777,0.5204412226518385,0.05343898007208603,2.0433539380177455,0.0019177372301987829,0.06943980841976408,0.8868315401177786,0.007485498254662131,20.648893794808405,0.21982570386354294,8.0,1.6417068690227823,0.1075286468252405,-0.2426831794354418,0.4176347559586672,6.8865509381027525,0.7153330125392737,4.329761038996533,0.7975919381899914,-0.17837305486322677,Copper,Basic Materials,HBM
2016Q2,2016,Q2,2016-06-30,2016-06-30,-5703000.0,246975000.0,35329000.0,-0.02,48291000.0,0.1955299119344063,4551578000.0,1771256000.0,429318000.0,316453000.0,2780322000.0,129564000.0,232429000.0,1124775160.5800002,2307590160.58,7.527374338204734,1.356656438712858,0.29104587463952064,0.747897537114906,-0.009877127009046863,7.527374338204734,-0.0032197491497558796,4.554206541471809,-49.3062932044538,0.6350155824906168,0.0,1.5334815226451792,0.0,0.054261401210744936,0.908751062559053,-0.0012529720461782704,13.209958900946612,0.1955299119344063,0.7142857142857143,0.9758991057856674,-0.294165427723921,-0.3061938462658358,0.7294345163485298,0.6387762857866734,1.4951620877180591,0.9165881523614249,0.4539776157620841,-0.1855620431852252,Copper,Basic Materials,HBM
2016Q1,2016,Q1,2016-04-07,2016-03-31,-15788000.0,253625000.0,14159000.0,-0.07,27923000.0,0.11009561360275998,4566736000.0,1770830000.0,463702000.0,346379000.0,2795906000.0,111949000.0,238132000.0,865652611.84,2107729611.8400002,7.528024880729505,1.338712797253875,0.29075339586085114,0.7498144937684589,0.004251821419014827,7.528024880729505,-0.008915593252881417,3.4131202043962543,-13.707445715733467,0.48884004214972643,-0.11230048137826197,2.0161144807010336,0.002048165714224988,0.055537477971137374,0.8295566417132678,-0.0034571737888943,15.685238214861657,0.11009561360275998,0.9355616720825547,-1.6058635160828003,-0.07816643588733015,-0.4259194478047129,-0.5251432750029761,0.9381996962437565,1.047845774338526,-6.858537606861697,0.5740487700779964,-0.20599984533989832,Copper,Basic Materials,HBM
2015Q4,2015,Q4,2016-02-25,2015-12-31,-255468000.0,336641000.0,-295930000.0,-1.08631,58803000.0,0.17467569309739456,4479585000.0,1787290000.0,435178000.0,377565000.0,2692295000.0,120186000.0,255693000.0,898464000.0,2122717000.0,7.5990221088435375,1.1525909446055647,0.2853177247445913,0.715107788887086,-0.0756631915968954,7.5990221088435375,-0.14293595331479503,2.6689084217311616,-0.8792334069237634,0.5026962608194528,0.0,2.3117334797730185,0.0,0.07515004180074716,0.8029187027399256,-0.05702938999929681,-33.09503462501842,0.17467569309739456,-20.7262,-7.288938636168258,0.06827054813592197,-0.3427875642504189,0.39910537961883463,-20.58945322403448,-956.7022653721683,-24.499499611910608,0.3963861435298411,-0.2606948068512188,Copper,Basic Materials,HBM
2015Q3,2015,Q3,2015-11-06,2015-09-30,-11833000.0,269808000.0,-309000.0,-0.05,42029000.0,0.15577373539702308,4967802000.0,2023094000.0,525083000.0,446441000.0,2944708000.0,142201000.0,511161000.0,865652611.84,2044075611.8400002,8.60043141806643,1.176153175895583,0.26015348437800057,0.6388190563562544,-6.834252522547499e-05,8.60043141806643,-0.005848962035377496,3.2084023151277945,-18.288950643116706,0.4278855119139299,-0.14890560297473168,1.6018101138529266,0.0020354585383330114,0.05431134332648523,0.7556429628999128,-0.002381938732662856,-32.84585892012901,0.15577373539702308,0.7413935782853359,-1.663030871605736,0.0790161000454312,-0.2239232385994044,9.0833045979915,0.7339921541888526,0.9896176702576871,-0.5056161038229036,0.3420273296384212,-0.1686822937417205,Copper,Basic Materials,HBM
2015Q2,2015,Q2,2015-07-30,2015-06-30,-44483650.337144,149663661.776671,-29762106.162038,-0.193344,4168177.1676689982,0.02785029524326872,4987884573.555357,2069279229.201408,499687426.992452,385433131.127599,2918605344.353949,142922396.500471,444219413.36169,1954121247.05,3079575001.5512934,8.820893793191884,1.2964309153460623,0.24877739860269973,0.599664332985416,-0.008694508854658637,8.820893793191884,-0.021497171435056386,13.056751544446048,-10.982244219165969,0.9443487468842711,0.0,1.0180033932507038,0.0,0.030005438090960262,0.9109547238745755,-0.008918339965801598,-17.963004548202598,0.02785029524326872,-1.451208844149752,-3.27088963070399,-0.47141236114686824,-0.1675919940510565,-0.676892998277547,-1.3787907835933797,-16.789909567299166,-0.12028008243576001,-0.41228867833537314,-0.12920426963157683,Copper,Basic Materials,HBM
2015Q1,2015,Q1,2015-04-01,2015-03-31,-18700110.427512,126717147.815113,-1672976.810222,-0.078877,12900299.731818989,0.10180389911112273,4907045275.280013,2071269916.390598,431467108.376716,406608297.838776,2835775358.889415,76556239.154441,478487931.85045,1911050724.9399998,2916296031.77073,8.865797069100319,1.061136997621718,0.22455230156729813,0.5319868268927583,-0.0009559126291401645,8.865797069100319,-0.009028331015447217,15.081232160688494,-25.548655612862337,0.9226468794903386,-0.09853214104945517,1.486708978136781,0.0009641617013289114,0.025823513072819992,0.7336517309475502,-0.0038108697553121532,-14.813911923980534,0.10180389911112273,-1.4253275815583715,-1.5321657001478035,-0.6464872888232328,-0.18613414229221273,1.744597269803357,-1.4458499066226511,0.9401948506917036,-2.5047072456816335,-0.5026081590893441,-0.15075939721129022,Copper,Basic Materials,HBM
2014Q4,2014,Q4,2015-04-01,2014-12-31,41942613.757995,95741742.174131,-27973792.049206,0.18545,4700252.337110013,0.04909303121475891,4847706011.060765,2107678789.862688,460706717.433627,373595437.865031,2740027221.198077,75555191.840532,545001981.289733,2040668000.0,2848537165.963166,8.96503100749761,1.2331700838383008,0.20348189642733522,0.4680126863719593,0.014499642476102657,8.96503100749761,0.019899907879571865,21.314297752055943,12.163452734338788,0.9682063556434737,0.0034948995270963116,1.204966695461175,7.183197903235608e-05,0.01974990685402166,0.9967073406933935,0.008652053912159001,-12.23714093049461,0.04909303121475891,-0.05911182591666199,2.0316509384768437,-0.6310188798028399,-0.1507959113763304,-0.8314216235456608,-0.04939273423491527,-4.362096178473495,0.3517658666683117,-0.7318773432397655,-0.13876887518300726,Copper,Basic Materials,HBM
2014Q3,2014,Q3,2014-10-30,2014-09-30,44121915.820029,166130014.872153,8320342.597072,0.197101,27881703.667867005,0.16783062163284368,4948497554.157932,2085159203.712663,654584386.030927,400800050.171119,2863338350.445269,62718378.756115,522394237.488577,1906677494.88,2522602345.710511,9.361290953352208,1.633194371486372,0.2000896546954473,0.47485255087945255,0.002313796028681438,9.361290953352208,0.02115997461559249,11.477019949389053,10.80346047674606,0.9144037977940135,0.04716942820012914,2.2042711234911647,0.0010915351683300715,0.03357180902970513,1.3127021559576646,0.008916224639326323,-15.78276429799964,0.16783062163284368,160.2937806873977,0.6264819230604125,-0.37140766397527414,-0.09573337778285629,1.1082006255287207,185.7985347983636,4.345982025402048,1.8944610821225485,-0.3734068091857898,-0.06827049385876585,Copper,Basic Materials,HBM
2014Q2,2014,Q2,2014-07-30,2014-06-30,236200.545511,130593594.466159,-2486666.854127,0.001222,13225355.941100001,0.10127109216315443,4105663189.269747,1681093646.017865,781492937.416228,441889979.285587,2424569543.251882,93532604.111014,502545716.990505,1793109749.4699998,2092359906.4683776,8.709650915746836,1.7685237820501936,0.19782932229845002,0.48315010186547064,-3.6727772841285776e-05,8.709650915746836,0.0001405040974787492,13.730457123872581,1897.8679172721193,1.0666328754007701,0.0,1.2548377075629633,0.0,0.03180816069069392,1.4696170097232382,5.7530424348572e-05,-7.57499905210911,0.10127109216315443,1.0090051584377302,-0.9975653682127381,-0.3910628802000205,-0.0743916889472752,0.45188637900210493,1.0096240686717883,0.8288792998060845,1.0012169068717771,-0.5449925889156318,-0.19722214802688373,Copper,Basic Materials,HBM
2014Q1,2014,Q1,2014-04-01,2014-03-31,-24542691.201216,96599359.496282,-14531654.272739,-0.1357,9109084.658669993,0.09429756787383867,3981647035.408638,1680694421.827788,977406864.607646,379789755.559174,2301923320.487072,73474280.337983,484818795.346397,1449187013.11,1541007925.3754659,9.034451335539728,2.5735472068449696,0.1966489845004799,0.4658710328204347,-0.006650946069297416,9.034451335539728,-0.014602708786601044,15.002035424114561,-14.761900001396322,0.8622549074292641,-0.07106786096060164,1.1907605550562073,0.0012035690011766669,0.024261155907901306,2.197926690995018,-0.006163954510020293,-17.454479826441972,0.09429756787383867,0.5585269048083805,-5.440587592700164,-0.3798199726702023,0.07542477447511195,-0.20543310762860817,0.5163341029128474,-0.006581867489817076,-2.190909378942463,-0.5560402963117246,-0.31104069212567526,Copper,Basic Materials,HBM
2013Q4,2013,Q4,2014-04-01,2013-12-31,-50743067.371553,116299045.793031,-14436634.259047,-0.30738,11464213.707022011,0.09857530325247932,3610156183.964612,1536116720.042826,868880603.322783,321228058.641772,2081462663.298177,49025611.164853,530599096.518497,1409499000.0,1548405993.998704,8.925721789906019,2.7048714455288096,0.20274033256104484,0.47647698627607704,-0.011570768210329568,8.925721789906019,-0.03303334096261794,12.119609326016167,-6.944293442487955,0.917572852120706,-0.011268983824272492,2.1383686933242405,0.00040569223916015547,0.03221440842631727,2.444382722185519,-0.014055643242511415,-6.867299317036444,0.09857530325247932,-11.569424386218278,-8.644279938343416,1.1552909426507998,0.0704406781633926,-0.5579301145376063,-12.059694367027568,-2.757439599828549,-2.7071591596909546,-0.49563278870158756,-0.2280460203503762,Copper,Basic Materials,HBM
2013Q3,2013,Q3,2013-11-06,2013-09-30,4588107.563156,126193799.802245,8214583.454507,0.029082,25933034.762209013,0.2055016554129283,3572835844.045057,1593543884.138894,1037771185.947769,299763469.629113,1981312161.926365,54634638.12792,601477345.43128,1416168855.4,1282723073.2018192,9.260806800301209,3.461966820812981,0.1776685679060448,0.39834524426535484,0.0011403131447854712,9.260806800301209,0.0028791849467234994,11.22217460461006,77.16519479470674,0.8886914690556247,0.3636171561377746,1.835113555713287,0.0011780478138659395,0.03532034644484875,3.078734275458392,0.001284164110367154,-7.331142698690892,0.2055016554129283,1.0987061826278204,0.39568264928842,-0.5687151130459648,-0.13312854385106465,0.9157271540690594,1.0917900679504529,3.7551980004763776,-0.648558456399061,-0.3100911104987706,-0.16433297352539145,Copper,Basic Materials,HBM
2013Q2,2013,Q2,2013-08-01,2013-06-30,-49984793.187348,124181683.394161,-2981485.705596,-0.294632,13536914.537713006,0.10900894695352076,3590809382.603406,1589957801.094891,1248361465.93674,325750836.374696,2001074931.569343,46234413.017032,586849908.759124,1135387281.6,747407316.5756689,9.24241592035311,3.832258666868956,0.17699609275123573,0.3997333955011985,-0.0017697389865355619,9.24241592035311,-0.03143781121293095,9.14295289423807,-5.678663495437777,0.7140990036453416,0.0,2.3931258479628212,0.0,0.03458320121245948,3.5829545255615005,-0.013920202344772772,-11.130140241013862,0.10900894695352076,-26.844912280701756,-2.1262826984539913,-0.6729158930537233,-0.03195122612173552,-0.44206701383796515,-26.365101161331822,-2.049295271933065,-4.479684946819849,-0.40191268038371897,-0.12781389428474393,Copper,Basic Materials,HBM
2013Q1,2013,Q1,2013-04-10,2013-03-31,1970612.806526,117824954.543221,2841417.268662,0.0114,24262617.327632993,0.20592087153093608,3448570445.722149,1630871295.886776,1290377905.548184,364676396.874539,1818002850.262912,58583714.187429,658560125.804708,1627235336.3200002,1074830795.556327,9.481137801480816,3.5384190383786134,0.13920406937175323,0.29435495049206634,0.0003239426746466994,9.481137801480816,0.0012083190203274082,13.810617136483524,206.43772979287834,0.9977705416877799,8.580049875312184,1.5970707646881286,0.01039060287564761,0.03416631801428891,3.2202646614920227,0.0005714288971450438,-7.565449769187589,0.20592087153093608,-0.7665847665847666,-0.9308063561130492,-0.6717529474354467,0.03406694015121843,-0.39347448620922487,-0.7521252563855986,-0.827760976420035,-0.9238335542803274,-0.5535563946012161,-0.12964685648608587,Copper,Basic Materials,HBM
2012Q4,2012,Q4,2013-02-21,2012-12-31,7950034.67393,176300119.675619,16496942.502364,0.04884,40002632.66089502,0.226900768612621,3505949760.260547,1767919141.963954,1535676447.23219,315103082.938794,1738343234.522481,58712543.851713,688601067.519074,1732040000.0,870035436.40622,10.278599662581128,4.873568461818197,0.13748973572060982,0.2726550635412409,0.0024664708363239243,10.278599662581128,0.004496831605713839,9.824383574933718,54.46642911130185,0.9797054395122978,0.04674334418937806,2.3214372614983767,0.0002145511691883559,0.05028598004282786,4.6059737011681925,0.002267583741228279,-12.549858951748442,0.226900768612621,2.6023622047244097,-0.7967361108099272,-0.4675951304555903,0.09886662459555466,-0.17922469884332118,2.3836996689329046,-0.3606427918588794,-0.21455295615256986,-0.07129109799904577,-0.026369362081418102,Copper,Basic Materials,HBM
2012Q3,2012,Q3,2012-10-11,2012-09-30,-5745491.490983,146973837.947676,25802387.604775,-0.03048,48737617.475235,0.33160743541708443,3504157480.314961,1779080518.161036,1755559055.11811,312179832.359665,1725520955.04191,87143510.287021,688252984.505969,1676667759.0,636871975.4084331,10.34554100474601,5.6235505088474635,0.1378853436405742,0.2715852112434756,-0.0141144522958998,10.34554100474601,-0.0032294724338400847,11.407933428239852,-72.95580202456873,0.9424350061081574,-3.0410256410256506,1.127292441501202,0.010420780652927196,0.04194270342395277,5.284420838174459,-0.0016396213706886778,4.756574543356545,0.33160743541708443,0.8176400904620024,-1.063513135972105,-0.6623364628252645,0.13728888426031197,-0.0539879630904277,0.80260304703828,-0.15408688651313163,-1.2743362154777509,-0.2796856097769356,-0.000658406411283581,Copper,Basic Materials,HBM
2012Q2,2012,Q2,2012-08-09,2012-06-30,-29106282.568086,186666011.208337,30502408.80936,-0.167142,51519024.67800602,0.2759957441877616,2472534657.359158,1741870022.613312,892123684.986727,239008947.006194,730458165.372136,64979844.656376,688491790.384426,1324067629.5,685444534.425769,10.129693435060677,3.7325953532760736,0.0,0.0,0.7352330716338368,10.129693435060677,-0.016709790162424465,7.093244350854075,-11.37269613873495,0.7601414642371037,0.0,2.0798293262320073,0.0,0.0754958118191595,3.3909813407049083,-0.011771840075711443,-21.65440636047746,0.2759957441877616,-4.335169111044597,-1.3300787001057917,-0.5915163141502352,0.2587789343241334,-0.07800814149787956,-4.182773912867687,-0.0402851373955645,-1.3367525149640929,-0.023015811023008873,0.07652172545246053,Copper,Basic Materials,HBM
2012Q1,2012,Q1,2012-04-02,2012-03-31,9144941.91699,187467300.117269,31782782.57209,0.050115,55877960.529613,0.2980677723243408,2493104208.637781,1794711890.228624,963881288.149863,235639614.717704,697441140.211083,74191899.44974,731544236.30113,1884162074.0800002,1175789110.994534,10.439676388513563,4.090489153551672,0.0,0.0,0.005742371540460604,10.439676388513563,0.005095493024133833,10.050617216449877,51.50831167608334,1.049840971321576,1.8845900920648617,1.7736348653103147,0.009147019338919269,0.07519432981090676,3.7050233943002935,0.003668094532633575,-17.09060888356854,0.2980677723243408,-0.7550227306056607,-0.8772810966887515,-0.5455165343656038,0.4881992295180547,-0.40910016311621267,-0.5938368313300609,-0.5700849676892324,3.596949662490853,0.3024118109810533,0.24269711670760039,Copper,Basic Materials,HBM
2011Q4,2011,Q4,2012-02-02,2011-12-31,22515438.676867,259115987.317315,73928055.972501,0.20457,94564183.37208402,0.3649492428125639,2398452497.55142,1775869735.553379,1016615083.251714,192222331.047992,620432908.912831,75563173.359452,722761998.041136,1697469999.9999998,816885279.1380998,10.409552963384403,5.2887459938143015,0.0,0.0,0.020189293675001142,10.409552963384403,0.01267854180185742,6.55100450409981,18.84784507601032,0.9558527666845175,0.02404443990514917,2.177671961478675,0.00031892823567073353,0.10803465467081232,4.808635527542692,0.009387485764197127,138.3863874584844,0.3649492428125639,1.9229665589864826,-0.866510047371771,-0.1783553782053919,0.6195316301268556,0.6773944562522223,1.5914256604223438,1.268135401432856,2.421701520915397,3.844241717995144,0.24839303708795954,Copper,Basic Materials,HBM
2011Q3,2011,Q3,2011-11-03,2011-09-30,-38069769.682953,204620795.991134,32594198.708683,-0.221644,56375638.431145996,0.2755127510773084,2315472679.965308,1727176447.913655,1007874144.743182,178326105.810928,584642960.393177,92424592.849571,676692685.747326,1641701459.6000001,802259424.3296912,10.04721959715763,5.651859777680507,0.0,0.0,-0.00808377635029402,10.04721959715763,-0.022041621589351468,8.023140813464206,-10.780873336456816,0.9505117219396405,-0.4042236968195739,1.6039579184435226,0.009373630600330009,0.08837106900963294,4.952228869110341,-0.016441467874940933,93.36915555755307,0.2755127510773084,0.7786941553306548,-1.1800318089452326,-0.5265734265087015,0.7463473266527155,-0.4175962567510341,0.7791064328606465,1.2221387188328305,-12.591982829027174,-0.2999962230556301,-0.05951521608755815,Copper,Basic Materials,HBM
2011Q2,2011,Q2,2011-07-05,2011-06-30,-172344401.767645,254845537.521166,-146729029.859993,-1.001528,96798207.57444298,0.37983089096234807,2424550861.107669,1859388551.60451,953286457.688019,170737826.787263,552519307.809854,117120968.075001,784707595.093545,2563872236.6400003,1791859268.3997984,10.849391141446823,5.583334845158834,0.0,0.0,-0.09310866549767906,10.849391141446823,-0.09268875062123243,10.060494924016709,-3.719111573024311,1.3788792204983593,0.0,1.3494366768341082,0.0,0.10511041100813966,4.815478674189513,-0.07108302182157918,82.28928746787534,0.37983089096234807,-9.84906210516085,-1.654932012798833,-0.43447317856058315,0.944387062770776,0.6213833228263635,-10.972212152288865,-5.236576792466869,-4.898001460275254,-0.32622601860113615,0.13636303346560924,Copper,Basic Materials,HBM
2011Q1,2011,Q1,2011-04-21,2011-03-31,17282464.425718,182470599.129549,34633865.275591,0.113179,59701001.121502995,0.3271814824212692,2597515202.024879,2045772756.736735,954431994.732023,173613811.978475,535387021.432026,129055159.428342,954102746.139046,2544504017.2999997,1822903251.7970207,13.113185687866098,5.497442765961244,0.0,0.0,0.007603901087134125,13.113185687866098,0.008447890592347952,13.944734271922204,36.807598074866114,1.243786246014344,1.021134726439272,0.9512955433309425,0.00693562457106206,0.07024813521295468,4.68048501514192,0.006653460357901099,-46.723514509135576,0.3271814824212692,0.6058314415437004,-0.854865998383105,-0.44010845954254874,2.8253876286247346,-0.37364610995448055,-0.334671692091015,-0.3681707550967595,-0.33091603289065297,-0.43951176276782605,0.4301987887749701,Copper,Basic Materials,HBM
2010Q4,2010,Q4,2010-12-31,2010-12-31,25975844.136309,201509846.348601,54815229.834597,0.07048,95315127.86990802,0.4730048163751664,2172738361.862102,1739000759.878419,1130709086.546153,228331466.965286,424037154.055351,121674532.074868,1043349064.149736,2744800000.0,1843251247.800352,11.562505052383104,4.95205107545715,0.0,0.0,0.016145255713989157,11.562505052383104,0.014937224143665748,13.621170626330816,26.416850840309383,1.5783776886859446,0.017588030688573317,0.8727768799912042,0.0001664470795070679,0.09274464421749383,4.291144118265249,0.011955348417582558,244.190906712113,0.4730048163751664,-0.09097944127737514,-0.5722419773233561,-0.1590531764630888,3.8219221589856245,0.3907395734451171,1.2986171509299065,0.8729172178070329,-0.2404760228273024,-0.30406882050909634,0.2361266433048982,Copper,Basic Materials,HBM
2010Q3,2010,Q3,2010-11-04,2010-09-30,11300639.658849,158332041.093235,29267299.864315,0.077534,68535568.90870298,0.4328597574785593,2001934483.427021,1650643535.568909,1003497770.885831,163594688.893196,339138398.914518,95519480.519481,991362667.183563,1948253574.0,1122765107.242877,11.081933960430824,6.134048590910992,0.0,0.0,0.006997123194485307,11.081933960430824,0.006846202354013482,12.304859841052366,43.10051538707399,1.1802993996087212,0.0,0.9400854327952317,0.0,0.07908952186197099,5.4232065735765556,0.005644859885476345,-213.69243685637647,0.4328597574785593,-0.09190569330413081,-0.6842400366829947,-0.38825998117737176,4.021717325801307,-0.01924569057353175,-0.10253866764159814,-0.22319877157310486,-0.8557738343430287,-0.5800306454261486,0.21824081539312912,Copper,Basic Materials,HBM
2010Q2,2010,Q2,2010-06-30,2010-06-30,12591784.460677,182004553.647662,37676691.016033,0.085381,69880466.74888602,0.3839490020901666,1918303766.246087,1597959396.641685,1020957214.685514,144749075.040319,319223982.544351,81039749.549379,973464566.929134,1467243639.96,602261190.4770291,10.59683920643709,7.053290077336469,0.0,0.0,0.009023176490841167,10.59683920643709,0.007879915151248671,8.061576540554032,29.130971161038943,0.9181983240898356,0.0,1.3835690204157989,0.0,0.09487785868440703,6.302385633765881,0.006564020090164218,37.50792610441118,0.3839490020901666,-0.41974922695300554,-0.042048856836269244,-0.23926298596932188,4.563327002364471,-0.2538998742766475,-0.4551523800155397,-0.2547997900321251,-0.837164876546567,-0.5458265210096841,0.31682938373180647,Copper,Basic Materials,HBM
2010Q1,2010,Q1,2010-03-31,2010-03-31,23110653.325486,235746517.559349,50559152.442613,0.147145,93660977.04532099,0.39729527296937445,1999217186.580341,1673781636.256622,1087240533.647243,154488915.048067,324145575.828919,90121640.180498,1016507749.656661,1808465820.04,915790717.038234,10.893437763896861,7.037660490456314,0.0,0.0,0.013589914691835943,10.893437763896861,0.013807448250640685,7.671230263601752,19.563118733273296,1.0804669981232418,0.0,1.5765973658430465,0.0,0.11791941322923158,6.258994450300365,0.01155985126609318,43.05649758153912,0.39729527296937445,2.433154456369575,0.556686527360139,-0.03785633519669146,5.066562854143589,0.5332711961744955,1.5501623854063031,2.085342434385374,-0.6530102880676957,-0.3605424628640522,0.5528839289378062,Copper,Basic Materials,HBM
2009Q4,2009,Q4,2009-12-31,2009-12-31,9062424.203941,169967259.720812,16386885.254338,0.04286,61085721.351189986,0.35939698887614774,1940852831.630217,1625774997.612453,1055554388.310572,148679209.24458,313831534.714927,125229681.978799,978951389.552096,1834140000.0,991040000.0,10.556980503976968,7.099542657468442,0.0,0.0,0.007744103995921742,10.556980503976968,0.005574217968199602,10.791137087299965,50.597388698776165,1.1281634929147903,0.0,0.869454722308209,0.0,0.08757349189533768,6.024402371500892,0.004669300039781495,1241.5321916142784,0.35939698887614774,-0.647590856766979,1.1084168305776343,-0.3213216437536441,-0.4344551317098076,-0.13290934554682676,-0.5150525541130204,-0.4013690482446392,-0.9404789122600408,-0.40294631120797375,0.6424685963905674,Copper,Basic Materials,HBM
2009Q3,2009,Q3,2009-09-30,2009-09-30,18687435.681542,182063803.910562,27373935.821873,0.12162,70449059.781083,0.3869470936446586,1871808401.160071,1588500327.439424,1016223220.132847,134673963.888109,283308073.720647,106419683.787071,952119936.383198,1718565497.6,1336965497.6,10.352357063008192,7.545803144081765,0.0,0.0,0.010491008941665724,10.352357063008192,0.011764200081510294,9.439358404508768,22.99092190719171,1.081879221498326,0.0,1.0488167241015534,0.0,0.09726626069085183,3.305934853736988,0.009983626352975169,49.07528221377971,0.3869470936446586,-0.7565608667890334,1.3650395525021044,1769.7640512411072,7.074034128508191,0.5694023861697286,-0.7573653363027889,2.940943798661223,-0.9009940139127808,-0.52807908989765,0.799384487092651,Copper,Basic Materials,HBM
2009Q2,2009,Q2,2009-06-30,2009-06-30,77018820.793316,170254532.925621,6946035.574314,0.499591,44889099.44442001,0.2636587624015314,1698779447.865972,1441829536.155735,913395064.386925,117110125.328395,256949911.710237,100528877.212628,859422025.065679,911711389.75,184275828.356314,9.409650725630438,7.7994542472362935,0.0001556638836466918,0.0001834049030643782,0.00411250814252994,9.409650725630438,0.05341742478009345,5.354990402213248,2.9593785660411003,0.6323295277892852,0.0,1.2470589243331678,0.0,0.10022168159586395,6.73971061128722,0.04533773992266507,325.441448134285,0.2636587624015314,22.02744223241719,4.123832412358941,1282.2226725290582,5.39831662196361,1.1241742568007163,25.570910817515344,2.600211479599913,-0.6726440231777279,-0.5774294478772397,0.6863622020422062,Copper,Basic Materials,HBM
2009Q1,2009,Q1,2009-03-31,2009-03-31,-3134552.942108,128125445.473984,-4340698.503207,-0.023759,21132493.862358004,0.16493596400138158,1536847232.121644,1285546052.110557,670097410.311238,112124019.957234,251301180.011087,108122277.658985,719356141.60133,664133859.9,180758560.93745896,8.40082128473302,5.976394804314228,0.00021127736750434502,0.0002525783008130429,-0.0025298485256173143,8.40082128473302,-0.002438304669803014,5.183465762348144,-52.96878631226493,0.5166161560759742,0.0,0.9895551030572916,0.0,0.08336901859601531,4.782474731422057,-0.0020395995623980765,-18.86193938137029,0.16493596400138158,-1.2785672411771603,0.9206799227952279,991.607532705646,3.737142808909641,2.455451042257798,-1.5290846118250276,-7.222184551409152,-1.0268362849260697,-0.5991981820677392,1.4506934148459072,Copper,Basic Materials,HBM
2008Q4,2008,Q4,2008-12-31,2008-12-31,5924483.29067,48159347.371398,-527925.209665,0.08529,-14519549.781334996,-0.3014897537826313,1576296631.059984,1280772391.125719,786884963.023829,159377156.943303,295524239.934265,120497124.075596,749621199.671323,588288000.0,12416184.059162997,8.3383619213914,4.937250595477471,0.0019975468539945,0.0024584589722210248,-0.0010177922827980896,8.3383619213914,0.004625711275258478,12.215447926717259,24.824443379157145,0.4593228305639315,0.0,0.5201692375115134,0.0,0.030552211063861214,3.988136851548246,0.003758482492401236,-38.71573528523612,-0.3014897537826313,3.5143704017360933,1.0611362708680458,14.785853861251518,3.7680294114083632,-1.1659798215900101,1.2559920904691273,-1.008251194090614,-0.9044709204223654,-0.8032070771308901,2.4773547718461097,Copper,Basic Materials,HBM
2008Q3,2008,Q3,2008-09-30,2008-09-30,2626109.956546,233743623.653882,63981673.908936,0.018893,87477800.86907199,0.3742467901439123,1806849612.696014,1468504628.754959,1039630644.247119,175712261.477423,338344983.941054,147298318.533913,846844889.476667,526477690.54,-265749779.70371893,10.683021957421712,5.916665322645679,0.0029967622211378663,0.003687219333585444,0.0035597042494843844,10.683021957421712,0.0017882885114039392,2.2523724168817827,50.11953985662995,0.3585127892898527,0.0,0.9929904444301904,0.0,0.1293652897349389,4.898929621684973,0.0014534192209984546,34.66740352762823,0.3742467901439123,-0.926041189573033,1.0943782063294512,272.48709665903766,9.143005978448961,-0.06816567877358289,-0.9194971774660414,0.025455840648062635,-0.9204896836884214,-0.02142437674993072,3.8409525491717327,Copper,Basic Materials,HBM
2008Q2,2008,Q2,2008-06-30,2008-06-30,32621340.145412,279067596.777363,62393397.524072,0.255453,93876989.58537999,0.33639516256799246,1535593436.824523,1207256828.453527,971920809.58931,152878758.105718,328336608.370996,161572018.078208,900300648.457457,484295211.88,-225564289.00425994,9.547469269885545,6.357461439588697,0.004153105039455033,0.0052826214693682295,0.026378304972546448,9.547469269885545,0.027021044219065895,1.7354046742530458,3.7114907735336655,0.401153425241233,0.0,1.1461799474605967,0.0,0.18173273607788473,5.049550128534715,0.021243474583266107,9.652362506860266,0.33639516256799246,0.54669080472993,6.059450773000162,211.6889664139624,9.739375817793368,0.13767849601139956,0.5579596052186906,0.3742515636293623,1.9596194429971237,0.39104026148611615,4.012409130557905,Copper,Basic Materials,HBM
2008Q1,2008,Q1,2008-03-31,2008-03-31,20938501.894491,263904595.356067,45401729.330613,0.165161,82516273.195375,0.31267463563505543,1531340716.992131,1159528805.98465,1071005537.744098,201059943.651025,371811911.007481,185013115.709706,857985038.375595,484360268.26,-260107816.84638298,9.168785340042229,5.326797164546196,0.009368681437550205,0.012372821852981997,0.017830827607150438,9.168785340042229,0.018057767764303553,1.835361250934219,5.7831294557352875,0.417721634650284,0.0,0.9804079103521425,0.0,0.17233564838165477,4.172171190281757,0.013673313627824469,14.399030271488355,0.31267463563505543,-0.2676111924083189,4.600569008192726,159.7228377837252,10.149517572284202,-0.023316949335975595,-0.2839814198444595,-0.048741658098792155,0.7135573909424093,0.3085963248425936,4.106102753518528,Copper,Basic Materials,HBM
2007Q4,2007,Q4,2007-12-31,2007-12-31,29242958.876769,247584304.762644,47728074.835982,0.22551,84486234.443481,0.3412422872462651,1566825204.48349,1202901141.068363,1082413410.077754,192878925.578108,363924063.415127,185538725.638695,877367464.404726,492538000.0,-256821789.96263805,9.353819137390069,5.611880130675143,0.009978557991063225,0.012997457256472464,0.034691137374562926,9.353819137390069,0.024310359245978196,1.9893748938253177,4.210740114189324,0.4094584194695749,0.0,0.8790513665420374,0.0,0.1580165445731779,4.340577358016411,0.018663829757837636,8.720872419676283,0.3412422872462651,-0.5694492440398571,2.967678809315309,18268.505269109144,12.70775454708419,-0.35965177302128387,-0.5631925137612854,-0.49855090007764546,1.4189415022010192,0.1838633849850441,-0.49890933206964566,Copper,Basic Materials,HBM
2007Q3,2007,Q3,2007-09-30,2007-09-30,66947018.533441,322124294.923449,95180298.146656,0.523771,131937953.26349697,0.40958709213426847,1513000604.35133,1157690370.668815,1040871273.166801,174138799.355359,355310233.682514,167466760.676873,846492747.784045,487426102.83,-204091826.25944307,9.096669410846047,5.97725077363564,0.010880716220615783,0.014220149562146183,0.05651564475350412,9.096669410846047,0.05782808618747059,1.5131615668598795,1.8201934660709487,0.4210332185352865,0.0,1.13566621155894,0.0,0.2129042737967402,4.579159556930897,0.044247846524914806,3.2174125270229075,0.40958709213426847,0.03250867371077124,16.762983628916327,9478.375348131587,0.0,-0.12740316333242976,0.030751113392563572,-0.13272478170669372,2.576737910990604,3776.4491094624977,6.09469532705485,Copper,Basic Materials,HBM
2007Q2,2007,Q2,2007-06-30,2007-06-30,64949741.662752,336588069.516205,109746359.79333,0.50728,151201503.053077,0.44921824849706216,1340147487.083138,1019235321.747299,899182714.88962,156463128.229216,320912165.335838,177356505.401597,727038985.439173,485094559.69,-28835924.10521002,8.047237810266928,5.746930443397064,0.012341343360061059,0.016227087050772953,0.059689721937059424,8.047237810266928,0.0637239902080779,1.4412113904906103,1.867192029064669,0.4759397063068723,0.0,1.0452763829742142,0.0,0.2511574828594401,4.054336405391602,0.04846462220670698,7.745266196445278,0.44921824849706216,0.19428284878177396,13.998027785650267,0.0,0.0,0.05947771372881976,0.18786895145778562,-0.030935736862601107,4.1869927409768195,3068.1268841977203,4.471911438973759,Copper,Basic Materials,HBM
2007Q1,2007,Q1,2007-03-31,2007-03-31,54677531.206657,302654299.583911,113249826.629681,0.424757,142713245.492371,0.47153880083175126,1206519590.846047,884856969.486824,801535194.174757,170046809.98613,321662621.359223,151230929.26491,610951803.051318,483109846.03000003,53921219.12292604,7.014972311129603,4.713614999541214,0.016280595269143414,0.022198906512822004,0.06669200411955012,7.014972311129603,0.06179250782006885,1.5962431285270993,2.2089048068211854,0.5459750701971431,0.0,1.0575948641522432,0.0,0.2508490553159447,3.1565510842857645,0.04531839484538789,4.224327434095411,0.47153880083175126,-0.6245441125774545,6.796709325128661,0.0,0.0,0.25377851123728856,-0.5702879393800863,-0.00023722560929400046,2.6785535249058907,2843.5122254558764,2.9556758216912757,Copper,Basic Materials,HBM
