Quarters,Year,Quarter,FillingDate,Date,NetIncome,Revenue,OperatingIncome,EPSDiluted,GrossProfit,GrossProfitRatio,TotalAssets,CommonStockEquity,CurrentAssets,CurrentLiability,TotalLiability,Inventory,RetainedEarnings,MarketCap,EnterpriseValue,bookValuePerShare,currentRatio,debtToAssets,debtToEquity,roic,shareholdersEquityPerShare,roe,priceToSalesRatio,peRatio,pbRatio,payoutRatio,inventoryTurnover,dividendYield,assetTurnover,quickRatio,returnOnAssets,priceToFreeCashFlowsRatio,grossProfitMargin,epsdilutedGrowth,fiveYNetIncomeGrowthPerShare,fiveYRevenueGrowthPerShare,fiveYShareholdersEquityGrowthPerShare,grossProfitGrowth,netIncomeGrowth,operatingIncomeGrowth,threeYNetIncomeGrowthPerShare,threeYRevenueGrowthPerShare,threeYShareholdersEquityGrowthPerShare,Industry,Sector,Symbol
2023Q1,2023,Q1,2023-05-22,2023-03-31,-20039000.0,2078000.0,-13687000.0,-1.47,-1917000.0,-0.9225216554,32732000.0,-49886000.0,18925000.0,17829000.0,82618000.0,4936000.0,-552184000.0,6271341.92,55509341.92,-3.659114794366052,1.0614728812608671,1.8133630697788097,-1.1898127731227197,-0.8157255294499106,-3.659114794366052,0.4016958665757928,3.017970125120308,-0.0782392075452867,-0.12571346510042897,0.0,0.8093598055105349,0.0,0.06348527434926066,0.6416512423579561,-0.6122143468165709,-0.4801946339969372,-0.9225216554379211,0.9993452961532809,0.9180937805264774,-0.9525415462551616,0.7389734711883809,-2.1177842565597667,-0.749978167845603,-0.3918039454952207,0.8650255885675824,-0.9177860914600876,0.3474035081841211,Diagnostics & Research,Healthcare,TTOO
2022Q4,2022,Q4,2023-03-31,2022-12-31,-11451000.0,5483000.0,-9834000.0,-2245.29,1715000.0,0.3127849717,34391000.0,-39969000.0,19423000.0,10506000.0,74360000.0,4349000.0,-534533000.0,7242.0,48895242.0,-7837.058823529412,1.848753093470398,1.7218749091332035,-1.481573219244915,-0.3753135105084025,-7837.058823529412,0.28649703520228176,0.0013208097756702536,-0.00015810846214304425,-0.00018119042257749756,0.0,0.8664060703610025,0.0,0.15943124654706173,1.1890348372358652,-0.3329650199180018,-0.0006986975397973951,0.31278497173080433,-711.7904761904762,-87.80055551603955,464.7459335859569,-4209.418708516242,1.7122093023255813,0.39572559366754617,0.37759493670886074,-218.51559852029982,479.88515247350165,-315.3738024338981,Diagnostics & Research,Healthcare,TTOO
2022Q3,2022,Q3,2022-11-14,2022-09-30,-18950000.0,3677000.0,-15800000.0,-3.15,-2408000.0,-0.654881697,43952000.0,-31669000.0,28876000.0,10943000.0,75621000.0,4242000.0,-524120000.0,33949827.35,72635827.35,-5.270420027629389,2.6387645069907704,1.343556607207863,-1.8646626038081404,-0.46264746733501594,-5.270420027629389,0.5983769616975592,9.23302348381833,-0.44788690435356204,-1.072020820044839,0.0,1.4344648750589344,0.0,0.08365944666909356,2.0053001919035,-0.4311521659992719,-2.1180252885395223,-0.6548816970356268,0.4705882352941177,0.8592049530915153,-0.6529346235960279,-1.1827114802042658,-3.9012048192771083,0.09971970164853437,-0.0520007989879486,0.7978695723422305,-0.6685763119034415,0.8152619336224615,Diagnostics & Research,Healthcare,TTOO
2022Q2,2022,Q2,2022-08-16,2022-06-30,-21049000.0,5911000.0,-15019000.0,-5.95,830000.0,0.1404161732,39605000.0,-37519000.0,24702000.0,13192000.0,77124000.0,5673000.0,-506745000.0,28551286.224999998,74016286.225,-10.611288143464368,1.8724984839296543,1.4815553591718218,-1.5639276100109278,-0.5632471038801635,-10.611288143464368,0.5610224153095765,4.830195605650482,-0.33910501953774524,-0.7609820684186678,0.0,0.8956460426582056,0.0,0.14924883221815427,1.2077774408732564,-0.5314732988259058,-2.8257409169635785,0.14041617323633904,-0.11423220973782777,0.7638051870459692,0.0723561922222543,-1.5279591529807541,-0.1933916423712342,-0.16081177962830198,-0.010903950999528842,0.6619442269193123,-0.17659709000935564,0.3963875395943593,Diagnostics & Research,Healthcare,TTOO
2022Q1,2022,Q1,2022-05-12,2022-03-31,-18133000.0,7234000.0,-14857000.0,-5.34,1029000.0,0.1422449544,49039000.0,-25651000.0,33503000.0,12673000.0,74690000.0,5172000.0,-488711000.0,89021084.115,138136084.115,-7.550845529264199,2.6436518582813857,1.1931727808478965,-2.2810806596234063,-0.378800027424133,-7.550845529264199,0.7069120112276325,12.30592813312137,-1.227335301866762,-3.470472266773225,0.0,1.1997293116782677,0.0,0.1475152429698811,1.8738262447723506,-0.36976692020636637,-6.152113622322045,0.1422449543820846,-0.25943396226415083,0.7783188022462261,0.3818281508845655,-1.1771312908360132,-0.36402966625463534,-0.28621081004397786,-0.4579980372914622,0.6878991315460953,0.05655528069813905,-3.232521323073576,Diagnostics & Research,Healthcare,TTOO
2021Q4,2021,Q4,2022-03-23,2021-12-31,-14098000.0,6980000.0,-10190000.0,-4.24,1618000.0,0.2318051576,60539000.0,-12903000.0,44394000.0,11688000.0,73442000.0,3909000.0,-472216000.0,85778296.11999999,168472296.12,-3.882409013278964,3.7982546201232035,1.7334115198467104,-8.132914826009456,-0.11666844034285616,-3.882409013278964,1.0926141207471132,12.289154171919769,-1.5211075351113634,-6.647934288150043,0.0,1.371706318751599,0.0,0.11529757676869457,3.1977241615331966,-0.23287467582880458,-8.578687480748075,0.2318051575931232,-0.007507658157857239,0.8223959833039475,0.4074078227199681,-1.060118320930341,-0.40251107828655835,-0.009740724824523707,0.1655748444153292,0.7520039373230779,0.03797922781042123,-1.3019622284520485,Diagnostics & Research,Healthcare,TTOO
2021Q3,2021,Q3,2021-11-04,2021-09-30,-13962000.0,7428000.0,-12212000.0,-4.208404735853306,2708000.0,0.36456650511577815,70037000.0,-2463000.0,54460000.0,11398000.0,72500000.0,4822000.0,-460072000.0,151815526.72,187736526.72,-0.7423936301842842,4.778031233549745,0.8276767994060282,-23.535525781567195,-0.1840792270240123,-0.7423936301842842,5.668696711327649,20.438277695207322,-2.718369981378026,-61.63845989443768,0.0,0.9788469514724181,0.0,0.10605822636606366,4.063081242323214,-0.1993517712066479,-15.675325422818792,0.36456650511577815,-0.04500029120709244,0.8352078675294345,0.03386597283358716,-1.0073466617286169,0.45356951154052605,-0.11919839679358718,-0.13283858998144712,0.6578981983671376,-0.20534016356037021,-1.0273453735886047,Diagnostics & Research,Healthcare,TTOO
2021Q2,2021,Q2,2021-08-09,2021-06-30,-12475000.0,6694000.0,-10780000.0,-4.027180443167271,1863000.0,0.27830893337317,78898000.0,9009000.0,63859000.0,9345000.0,69889000.0,4784000.0,-446110000.0,184313209.5,209224209.5,2.908285854574086,6.833493846976993,0.730297345940328,6.395715395715396,-0.13863168724279834,2.908285854574086,-1.3847263847263847,27.534091649238125,-3.693651492985972,20.458786713286713,0.0,1.0098244147157192,0.0,0.08484372227432888,6.074585339753879,-0.15811554158533803,-17.22070536298234,0.27830893337317,-0.11998995022414716,0.8605350181457779,0.06176351527481276,-0.937567154106666,0.597770154373928,-0.1702626641651032,-0.1111111111111111,0.7499285817213401,-0.5793141962694074,-0.9304122841531466,Diagnostics & Research,Healthcare,TTOO
2021Q1,2021,Q1,2021-05-13,2021-03-31,-10660000.0,6956000.0,-9702000.0,-3.595729088784501,1166000.0,0.16762507188039102,70052000.0,-566000.0,44587000.0,10401000.0,70618000.0,4525000.0,-433635000.0,240134868.0,276466868.0,-0.1909177137907353,4.28679934621671,0.6712584936904015,-83.07950530035336,-0.16762266758811334,-0.1909177137907353,18.833922261484098,34.52197642323174,-5.631680769230769,-424.26655123674914,0.0,1.2795580110497238,0.0,0.09929766459201736,3.5902317084895685,-0.15217267172957233,-26.9662962380685,0.16762507188039102,-0.07578968614390956,0.8702754790423848,0.0369564873657934,-1.0026354631826895,2.7371794871794872,-0.07578968614390957,-0.16610576923076922,0.7996310224611539,-0.26943299133000287,0.9863806983601126,Diagnostics & Research,Healthcare,TTOO
2020Q4,2020,Q4,2021-03-31,2020-12-31,-9909000.0,7788000.0,-8320000.0,-3.3424089625483697,312000.0,0.040061633281972264,79078000.0,8726000.0,53584000.0,9800000.0,70352000.0,3636000.0,-422975000.0,183806936.0,213399936.0,2.9433709726819015,5.467755102040816,0.5865853966969321,5.315837726335091,-0.1245583567878316,2.9433709726819015,-1.1355718542287416,23.60130148947098,-4.637373498839439,21.064283291313316,0.0,2.056105610561056,0.0,0.0984850400870027,4.825306122448979,-0.12530665924783124,-22.073608262279333,0.040061633281972264,0.12218991401457695,0.8815333716818233,0.10809963100879369,-0.9732585225180334,1.1964735516372795,0.11959129275877388,0.21775103422339226,0.8678089456827823,0.13803793454956728,0.5805594606931531,Diagnostics & Research,Healthcare,TTOO
2020Q3,2020,Q3,2020-11-05,2020-09-30,-11255000.0,5245000.0,-10636000.0,-3.8076675307235806,-1588000.0,-0.30276453765490946,77631000.0,17574000.0,51447000.0,10351000.0,60057000.0,3569000.0,-413066000.0,200999704.0,228493704.0,5.94544159129707,4.970244420828905,0.5996702348288699,2.648970069420735,-0.1598268892662329,5.94544159129707,-0.6404347331284853,38.322155195424216,-4.464675788538427,11.43733378855127,0.0,1.9145418884841692,0.0,0.0675632157256766,4.338614626606125,-0.14498074222926408,-30.77154072259645,-0.30276453765490946,0.14265978442813265,0.8670308557715358,-0.31217560399989447,-0.8984642928575737,-7.301587301587301,-0.05334581188582124,-0.20330354112456162,0.8300088629149674,0.006388742044753426,-0.7938873129809153,Diagnostics & Research,Healthcare,TTOO
2020Q2,2020,Q2,2020-08-12,2020-06-30,-10685000.0,2552000.0,-8839000.0,-4.441256179944587,252000.0,0.0987460815047022,53714000.0,-4388000.0,47372000.0,7949000.0,58102000.0,4111000.0,-401811000.0,152771538.5,172232538.5,-1.8238868491855895,5.959491759969808,0.8565737051792829,-10.485414767547859,-0.19837956728611186,-1.8238868491855895,2.4350501367365545,59.86345552507837,-3.574439365933552,-34.81575626709207,0.0,0.5594745803940647,0.0,0.04751089101537774,4.666750534658448,-0.19892393044643855,-11.273820271566674,0.0987460815047022,0.5921654552045668,0.8363210373384798,-0.237894427418527,-1.0217038892849815,1.118532455315146,0.28523647066693425,0.3482044097042991,0.8237911024063951,-0.31958607278810996,-1.0907465467914794,Diagnostics & Research,Healthcare,TTOO
2020Q1,2020,Q1,2020-05-11,2020-03-31,-14949000.0,2545000.0,-13561000.0,-10.889847945990667,-2126000.0,-0.8353634577603143,51352000.0,-7697000.0,43768000.0,57667000.0,59049000.0,3275000.0,-391126000.0,44579926.35,55039926.35,-5.607009599736586,0.7589782718018971,0.884736719115127,-5.902689359490711,-0.3297988764318198,-5.607009599736586,1.9421852669871378,17.51667047151277,-0.7455335866947622,-5.791857392490581,0.0,1.4262595419847328,0.0,0.04955990029599626,0.672429639135034,-0.29110842810406606,-3.0107331903829273,-0.8353634577603143,-0.06466775870664473,0.5881464134665934,2.960447572842891,-1.0517900442812835,-2.9297597042513863,-0.06466775870664483,-0.09645860284605433,0.5477382409345508,0.20304492716308917,-1.1315318720641396,Diagnostics & Research,Healthcare,TTOO
2019Q4,2019,Q4,2020-03-16,2019-12-31,-14041000.0,3069000.0,-12368000.0,-10.228400228085823,-541000.0,-0.17627891821440209,28486000.0,-34005000.0,18895000.0,60572000.0,62491000.0,3599000.0,-376177000.0,80305641.0,116030641.0,-24.771516362094662,0.31194281186026546,1.5756863020431089,-1.3199529480958683,-0.8393051031487514,-24.771516362094662,0.4129098661961476,26.166712609970673,-1.4298419094081618,-2.3615833259814734,0.0,1.0030564045568213,0.0,0.10773713403075195,0.22878557749455194,-0.4929087973039388,-7.915785214391326,-0.17627891821440209,0.34442941406518873,0.5482235334064217,6.530470747420612,-1.1873401718165908,0.7613586237318042,0.009173664526144943,-0.0017819536692046008,0.5717547638750244,0.4981684611546764,-1.383581937269884,Diagnostics & Research,Healthcare,TTOO
2019Q3,2019,Q3,2019-11-18,2019-09-30,-14171000.0,1677000.0,-12346000.0,-15.602286691219724,-2267000.0,-1.3518187239117472,34253000.0,-25912000.0,23813000.0,57698000.0,60165000.0,4110000.0,-362136000.0,113533000.0,143881000.0,-28.529150114944553,0.41271794516274396,1.2895512801798383,-1.7046542142636616,-0.5472032621221523,-28.529150114944553,0.5468894720592775,67.70005963029219,-2.002910874320796,-4.3814834825563445,0.0,0.9596107055961071,0.0,0.04895921525121887,0.30826025165517,-0.41371558695588706,-8.211557934326631,-1.3518187239117472,0.11401104280261096,0.5225652415097878,0.0,-1.1149836674183424,0.248342175066313,0.09433118169617179,0.10445379370375743,0.3890475479695894,-0.1474036217845597,-1.2823219472497345,Diagnostics & Research,Healthcare,TTOO
2019Q2,2019,Q2,2019-08-02,2019-06-30,-15647000.0,1804000.0,-13786000.0,-17.610023877243087,-3016000.0,-1.671840354767184,45170000.0,-15620000.0,33414000.0,57799000.0,60790000.0,3100000.0,-347965000.0,75080616.0,94280616.0,-17.5796373327571,0.5781068876624164,0.9902368828868718,-2.863572343149808,-0.4073154877976718,-17.5796373327571,1.001728553137004,41.6189667405765,-1.199600818048188,-4.806697567221511,0.0,1.5548387096774194,0.0,0.03993801195483728,0.5121368881814564,-0.34640247952180653,-8.259693729372938,-1.671840354767184,-0.029660200422943123,0.13087547420741935,0.0,0.9407709565137055,-0.15866308106031501,-0.03300983693140556,-0.016741647614130835,0.3901485219893766,-0.0024216832033807233,-1.3773861454267047,Diagnostics & Research,Healthcare,TTOO
2019Q1,2019,Q1,2019-05-10,2019-03-31,-15147000.0,1785000.0,-13559000.0,-17.10275280137039,-2603000.0,-1.4582633053221288,55555000.0,-1580000.0,43578000.0,53735000.0,57135000.0,2664000.0,-332318000.0,116905404.0,127114404.0,-1.7840064946869352,0.8109798083186005,0.7983079830798308,-28.069620253164558,-0.2828976193953556,-1.7840064946869352,9.586708860759494,65.49322352941176,-1.9295141612200435,-73.99076202531646,0.0,1.647147147147147,0.0,0.032130321303213034,0.7290034428212524,-0.27264872648726485,-8.950723834315902,-1.4582633053221288,0.00013202191563780862,0.3081319399029079,0.0,-1.028207455188713,0.3219588434488148,0.00013202191563799591,0.0025746652935118436,0.3829774353652666,-0.10926456367965698,-1.0246267532806288,Diagnostics & Research,Healthcare,TTOO
2018Q4,2018,Q4,2019-03-14,2018-12-31,-15149000.0,1792000.0,-13594000.0,-17.10501103769459,-3839000.0,-2.142299107142857,64309000.0,11387000.0,56608000.0,52297000.0,52922000.0,2677000.0,-317171000.0,133289873.5,125617873.5,12.857267060126665,1.0824330267510565,0.6630642678318742,3.74470887854571,-0.24812002628312768,12.857267060126665,-1.3303767454114341,74.380509765625,-2.1996480543270183,11.705442478264688,0.0,2.1034740381023536,0.0,0.027865462065962774,1.0056217373845535,-0.23556578394936944,-14.284629032258065,-2.142299107142857,-0.39046887321012813,0.24853120774970816,9.298597070841994,1.040195777263938,-5.664930555555555,-0.4069843038915204,-0.4817963810769566,0.3937388826918193,-0.14650609719215518,-0.8831875693688963,Diagnostics & Research,Healthcare,TTOO
2018Q3,2018,Q3,2018-11-01,2018-09-30,-10767000.0,2466000.0,-9174000.0,-12.301613770184467,-576000.0,-0.23357664233576642,75896000.0,23762000.0,67320000.0,9401000.0,52134000.0,3337000.0,-302022000.0,294084336.0,276389336.0,27.148783606074144,7.160940325497288,0.560372088120586,1.78983250568134,-0.13670704993517815,27.148783606074144,-0.4531184243750526,119.25561070559611,-6.828372248537197,12.376245097214039,0.0,0.9115972430326641,0.0,0.032491830926531046,6.5906818423571965,-0.1418651839359123,-28.15551325993298,-0.23357664233576642,0.2361203728126249,0.2581427109215268,7.667272901973576,0.0,-2.2177589852008457,0.12633885102239534,0.15734362083218517,0.5704101843350066,0.09214183864472457,-0.5363555592683789,Diagnostics & Research,Healthcare,TTOO
2018Q2,2018,Q2,2018-08-02,2018-06-30,-12324000.0,3931000.0,-10887000.0,-16.10412600671042,473000.0,0.12032561689137625,84214000.0,31983000.0,75325000.0,10315000.0,52231000.0,2158000.0,-291255000.0,296159490.0,267821490.0,41.79309263397232,7.3024721279689775,0.5031467451967606,1.3248288153081325,-0.14472389865206178,41.79309263397232,-0.38532970640652847,75.3394785041974,-6.007779333008763,9.259903386173905,0.0,1.6024096385542168,0.0,0.04667869950364548,7.009500727096461,-0.14634146341463414,-32.34241454624877,0.12032561689137625,0.1026110534624246,0.10088327069715793,10.983136768722149,0.0,1.4916839916839917,0.04561294819174475,0.04792304328815042,0.4064954324852773,2.690553873953725,-0.5026705435100085,Diagnostics & Research,Healthcare,TTOO
2018Q1,2018,Q1,2018-05-08,2018-03-31,-12913000.0,2311000.0,-11435000.0,-17.945536401852827,-962000.0,-0.4162700129813933,42119000.0,-10087000.0,33023000.0,50922000.0,52206000.0,2082000.0,-278930000.0,233499167.0,245929167.0,-14.018172064827965,0.6485016299438356,1.0010446591799425,-4.179934569247546,-0.34649415186958366,-14.018172064827965,1.280162585506097,101.03815101687582,-4.520621989467978,-23.14852453653217,0.0,1.5720461095100864,0.0,0.05486834920107315,0.5953222575704018,-0.30658372705904696,-19.791419477877607,-0.4162700129813933,0.29026052544794995,-0.09686819925309892,0.0,0.0,0.7928955866523143,0.2902605254479499,0.20402338855631352,0.3213006802658371,5.860819281669843,-1.1294810966641113,Diagnostics & Research,Healthcare,TTOO
2017Q4,2017,Q4,2018-03-19,2017-12-31,-18194000.0,1661000.0,-14366000.0,-25.284681274321255,-4645000.0,-2.7965081276339556,54861000.0,1340000.0,44318000.0,51782000.0,53521000.0,1344000.0,-266117000.0,148230596.0,148381596.0,1.8622336241567834,0.8558572476922482,0.7646597765261297,31.30597014925373,-0.3245306887749339,1.8622336241567834,-13.577611940298507,89.24177965081276,-2.0368060349565793,110.61984776119402,0.0,4.691964285714286,0.0,0.030276517015730666,0.8162295778455834,-0.33163814002661274,-13.534568663257852,-2.7965081276339556,-0.12881932696473286,-0.11082384991501433,10.748967850065178,1.005821915934387,-3.6543086172344688,-0.2925547030406365,-0.15510171263166359,-0.1167946065806164,6.775251080967878,-0.9859164387834568,Diagnostics & Research,Healthcare,TTOO
2017Q3,2017,Q3,2017-11-03,2017-09-30,-14076000.0,1108000.0,-12437000.0,-22.399227821788713,-998000.0,-0.9007220216606499,69679000.0,18127000.0,55347000.0,10245000.0,51552000.0,1254000.0,-247923000.0,131967150.0,120822150.0,28.84558770875934,5.402342606149341,0.599204925443821,2.3033044629558117,-0.2042971894147215,28.84558770875934,-0.7765212114525294,119.10392599277978,-2.343832587382779,7.280142880785569,0.0,1.6794258373205742,0.0,0.015901491123580993,5.206344558321132,-0.20201208398513182,-11.18839762611276,-0.9007220216606499,0.11130020174763441,-0.35079979484985035,4.423944437920872,0.0,0.03388189738625363,0.08928571428571429,0.10550920598388953,0.31457750800681805,0.0,-0.8837409649349081,Diagnostics & Research,Healthcare,TTOO
2017Q2,2017,Q2,2017-08-04,2017-06-30,-15456000.0,956000.0,-13904000.0,-25.204492974834643,-1033000.0,-1.0805439330543933,63777000.0,12325000.0,48789000.0,10468000.0,51452000.0,1014000.0,-233848000.0,98422452.0,93809452.0,20.098691505877134,4.660775697363393,0.6510340718440817,3.368843813387424,-0.2534220359063155,20.098691505877134,-1.2540365111561866,102.95235564853556,-1.5919780667701864,7.9855944827586205,0.0,1.9615384615384615,0.0,0.01498972983991094,4.5008597630875045,-0.24234441883437602,-7.516032989690721,-1.0805439330543933,-0.04675632431940684,-0.40720394074236843,2.6368124861388336,0.0,-0.5058309037900874,-0.05121403795143848,-0.05774058577405858,-0.24394164205197857,0.0,1.0677162020288684,Diagnostics & Research,Healthcare,TTOO
2017Q1,2017,Q1,2017-05-08,2017-03-31,-14703000.0,941000.0,-13145000.0,-24.078663189565553,-686000.0,-0.7290116896918172,75659000.0,26030000.0,60651000.0,8913000.0,49629000.0,489000.0,-218392000.0,160594112.0,143087112.0,42.628524263704016,6.80477953550993,0.5460685443899602,1.5872070687668076,-0.19222051619507202,42.628524263704016,-0.5648482520169036,170.66324335812965,-2.730635108481262,6.169577871686515,0.0,3.32719836400818,0.0,0.0124373835234407,6.645461685178952,-0.19433246540398366,-11.189667781493869,-0.7290116896918172,-0.008131640278203251,-0.4717363491492017,0.0,0.0,0.45641838351822506,-0.010584919925768094,-0.018518518518518517,0.025931722672927135,0.0,-0.325987774422082,Diagnostics & Research,Healthcare,TTOO
2016Q4,2016,Q4,2017-03-15,2016-12-31,-14549000.0,909000.0,-12906000.0,-23.88444348688513,-1262000.0,-1.3883388338833884,89568000.0,39338000.0,75438000.0,9885000.0,50230000.0,803000.0,-203689000.0,160204083.0,127790083.0,64.57946518129629,7.631562974203338,0.4585789567702751,1.0441303574152219,-0.15834611373535365,64.57946518129629,-0.3698459504804515,176.24211551155116,-2.752836672623548,4.072501982815598,0.0,2.7036114570361147,0.0,0.010148713826366559,7.467374810318665,-0.1624352447302608,-14.314160382416011,-1.3883388338833884,0.06473612710109868,-0.04930792202514713,6.595332115224554,1.2018953006196678,-0.5580246913580247,-0.1381522334350309,-0.08045207199665132,-0.04930792202514713,6.595332115224554,1.2018953006196678,Diagnostics & Research,Healthcare,TTOO
2016Q3,2016,Q3,2016-11-08,2016-09-30,-12783000.0,1084000.0,-11945000.0,-25.53765218456904,-810000.0,-0.7472324723247232,92002000.0,50582000.0,77783000.0,18536000.0,41420000.0,1338000.0,-189140000.0,181200910.0,139123910.0,101.05183246596278,4.196320673284419,0.35905741179539574,0.6530781701000355,-0.1409057129038727,101.05183246596278,-0.25271835830927997,167.1595110701107,-3.543786865368067,3.5823199952552294,0.0,1.4155455904334828,0.0,0.011782352557553097,4.072615451014243,-0.13894263168191995,-14.181804022853566,-0.7472324723247232,0.11560706898322534,-0.540065726096166,5.661921223485887,0.0,-0.02402022756005057,0.08991883810337463,0.10208223708937833,-0.540065726096166,5.661921223485887,0.0,Diagnostics & Research,Healthcare,TTOO
2016Q2,2016,Q2,2016-08-08,2016-06-30,-14046000.0,990000.0,-13303000.0,-28.87591170047995,-791000.0,-0.798989898989899,65909000.0,22659000.0,52503000.0,17482000.0,43250000.0,1435000.0,-176357000.0,191895057.0,176760057.0,46.58262510638823,3.0032604965106966,0.5322945273027962,1.54830310251997,-0.22562371737250048,46.58262510638823,-0.6198861379584271,193.83339090909092,-3.4154751708671505,8.468822851846948,0.0,1.2411149825783971,0.0,0.015020710373393618,2.8890287152499714,-0.2131120180855422,-13.740158742660748,-0.798989898989899,-0.041768177247873926,-0.6121853149477525,3.7478891958900227,0.0,-12.3,-0.046179055563831374,-0.045586732688831254,-0.6121853149477525,3.7478891958900227,0.0,Diagnostics & Research,Healthcare,TTOO
2016Q1,2016,Q1,2016-05-09,2016-03-31,-13426000.0,1096000.0,-12723000.0,-27.71817409201715,70000.0,0.06386861313868614,74937000.0,35089000.0,62032000.0,14723000.0,39848000.0,1259000.0,-162311000.0,238796875.0,210068875.0,72.4418064516129,4.213271751681043,0.4108918157919319,0.8775114708313146,-0.18943465896401293,72.4418064516129,-0.3826270341132549,217.88036040145985,-4.446537967376732,6.805462538117358,0.0,0.8149324861000794,0.0,0.014625618853169996,4.067037967805474,-0.17916383095133245,-17.064232885522365,0.06386861313868614,0.017571384954971396,-0.694192878546274,0.0,0.0,-0.32038834951456313,-0.11585771276595745,-0.10222645759334661,-0.694192878546274,0.0,0.0,Diagnostics & Research,Healthcare,TTOO
2015Q4,2015,Q4,2016-03-09,2015-12-31,-12032000.0,1011000.0,-11543000.0,-28.21393195142908,103000.0,0.10187932739861523,86948000.0,46939000.0,75574000.0,12275000.0,40009000.0,683000.0,-148885000.0,233271432.0,190570432.0,110.06762714090083,6.156741344195519,0.35608639646685375,0.6596007584311553,-0.14566402503659584,110.06762714090083,-0.25633268710453994,230.7333649851632,-4.8468964428191486,4.969671957221074,0.0,1.329428989751098,0.0,0.01162763950867185,6.031038696537678,-0.13838156139301652,-21.813300168318683,0.10187932739861523,0.014728304496978222,-0.23951342218158073,11.06639794023299,1.3441053066593327,-0.5318181818181819,-0.03332188251459979,-0.03385579937304075,-0.23951342218158073,11.06639794023299,1.3441053066593327,Diagnostics & Research,Healthcare,TTOO
2015Q3,2015,Q3,2015-11-04,2015-09-30,-11644000.0,1049000.0,-11165000.0,-28.63568707007736,220000.0,0.20972354623450906,53124000.0,23810000.0,42656000.0,8454000.0,29314000.0,1057000.0,-136853000.0,178101750.0,158986750.0,58.55517983399938,5.045658859711379,0.39533920638506137,0.8820663586728266,-0.24172422005239344,58.55517983399938,-0.4890382192356153,169.7824118207817,-3.823895353830299,7.48012389752205,0.0,0.7842951750236519,0.0,0.019746254047135006,4.790040217648451,-0.21918530231157293,-13.524318475206925,0.20972354623450906,-0.055345054535381064,-0.7268968258246489,6.936032294787906,0.0,-0.6099290780141844,-0.05902683037744429,-0.06090839984796655,-0.7268968258246489,6.936032294787906,0.0,Diagnostics & Research,Healthcare,TTOO
2015Q2,2015,Q2,2015-08-05,2015-06-30,-10995000.0,564000.0,-10524000.0,-27.1339567537788,564000.0,1.0,63713000.0,34052000.0,54875000.0,7690000.0,29661000.0,569000.0,-125209000.0,328829538.0,296626538.0,84.03502364194546,7.135890767230169,0.33095286676188534,0.6192294138376601,-0.18615675799975237,84.03502364194546,-0.32288852343474683,583.0310957446809,-7.476797135061392,9.656687947844473,0.0,0.0,0.0,0.00885219656898906,6.980234070221067,-0.17257074694332397,-25.847314730388305,1.0,-0.02620552896432154,-0.5149280705081317,2.246975163618057,0.0,2.0486486486486486,-0.03540823053018175,-0.03674514826125505,-0.5149280705081317,2.246975163618057,0.0,Diagnostics & Research,Healthcare,TTOO
2015Q1,2015,Q1,2015-05-06,2015-03-31,-10619000.0,188000.0,-10151000.0,-26.441054923143156,185000.0,0.9840425531914894,72774000.0,43480000.0,66401000.0,7455000.0,29294000.0,252000.0,-114213000.0,311649360.0,267460360.0,108.2642364482956,8.906908115358819,0.2900211614037981,0.48541858325666976,-0.15428224029181548,108.2642364482956,-0.24422723091076357,1657.7093617021276,-7.3370694038986715,7.167648574057038,0.0,0.011904761904761904,0.0,0.002583340203918982,8.770355466130114,-0.14591749800753015,-35.19870792861983,0.9840425531914894,-0.1678687343325677,-0.6161327518093387,0.0,0.0,0.0,-0.17013774104683196,-0.14856302330844082,-0.6161327518093387,0.0,0.0,Diagnostics & Research,Healthcare,TTOO
2014Q4,2014,Q4,2015-03-04,2014-12-31,-9075000.0,119000.0,-8838000.0,-22.64043393391648,0.0,0.0,79134000.0,53001000.0,75321000.0,5172000.0,26133000.0,115000.0,-103595000.0,385600384.0,332706384.0,132.22746686891267,14.56322505800464,0.2648040033361134,0.39536989868115696,-0.11950348856076586,132.22746686891267,-0.17122318446821758,3240.339361344538,-10.622600110192838,7.275341672798626,0.0,0.0,0.0,0.0015037784011929132,14.317478731631864,-0.11467889908256881,-40.46174018887723,0.0,0.3071967334218569,0.0053463337219036445,0.5110724692639309,1.4133837915617808,0.0,-0.12161661104931405,-0.13496853730576602,0.0053463337219036445,0.5110724692639309,1.4133837915617808,Diagnostics & Research,Healthcare,TTOO
2014Q3,2014,Q3,2014-11-05,2014-09-30,-8091000.0,0.0,-7787000.0,-32.679456096881445,0.0,0.0,78867000.0,61430000.0,76676000.0,6662000.0,17437000.0,0.0,-94519000.0,223942441.5,159376441.5,248.1148040890677,11.509456619633744,0.13976694942117743,0.17944001302295295,-0.10747657101845334,248.1148040890677,-0.13171089044440826,0.0,-6.919492074527252,3.645489850236041,0.0,0.0,0.0,0.0,11.346292404683279,-0.1025904370649321,-27.857002301281256,0.0,-0.6128610617920939,-0.9707549878058087,-1.0,0.0,0.0,-0.10790086265918115,-0.0892432508043083,-0.9707549878058087,-1.0,0.0,Diagnostics & Research,Healthcare,TTOO
2014Q2,2014,Q2,2014-06-30,2014-06-30,-7303000.0,0.0,-7149000.0,-20.261792457541514,0.0,0.0,20052000.0,-106979000.0,16078000.0,6746000.0,127031000.0,0.0,-106980000.0,258069312.0,246373312.0,-296.8077196253385,2.3833382745330565,0.20845800917614202,-0.03907308911094701,0.06954347804939737,-296.8077196253385,0.06826573439647034,0.0,-8.83435957825551,-2.4123361781284176,0.0,0.0,0.0,0.0,2.3533946042099023,-0.3642030720127668,-38.836615801354405,0.0,0.18033676793434156,-0.13124594689271432,-1.0,0.0,0.0,-0.055346820809248555,-0.03503691906761257,-0.13124594689271432,-1.0,0.0,Diagnostics & Research,Healthcare,TTOO
2014Q1,2014,Q1,2014-03-31,2014-03-31,-6920000.0,0.0,-6907000.0,-24.719655176527986,0.0,0.0,32457000.0,17705000.0,30570000.0,3717000.0,14752000.0,0.0,-79165000.0,200436324.0,181393324.0,63.24592143288359,8.224374495560935,0.34753674091875403,0.6371081615362891,-0.23829567017422804,63.24592143288359,-0.390850042360915,0.0,-7.241196676300579,11.32088811070319,0.0,0.0,0.0,0.0,8.15792305622814,-0.21320516375512216,-33.10808126858276,0.0,-0.08600125549278081,-0.5109170305676854,0.0,0.0,-1.0,-0.08600125549278091,-0.2248625642844476,-0.5109170305676854,0.0,0.0,Diagnostics & Research,Healthcare,TTOO
2013Q4,2013,Q4,2013-12-31,2013-12-31,-6372000.0,55000.0,-5639000.0,-22.76208710763531,55000.0,1.0,31885000.0,-89543000.0,30393000.0,4046000.0,121428000.0,0.0,-89544000.0,200436324.0,175296324.0,-319.8661136890537,7.511863568956994,0.1586325858554179,-0.0564868275577097,0.06674557613777593,-319.8661136890537,0.07116134147839585,3644.2968,-7.86394868173258,-2.238436550037412,0.0,0.0,0.0,0.0017249490355966755,7.463667820069205,-0.19984318645130938,-43.18817582417582,1.0,-0.37268418785006474,0.0,0.0,0.0,0.0,-0.37268418785006463,-0.24152355790400704,0.0,0.0,0.0,Diagnostics & Research,Healthcare,TTOO
2013Q3,2013,Q3,2013-09-30,2013-09-30,-4642000.0,91000.0,-4542000.0,-16.58217331350331,0.0,0.0,,,,,,,,200436324.0,,,0.0,0.0,0.0,0.0,,0.0,2202.596967032967,-10.794718009478673,0.0,0.0,0.0,0.0,0.0,0.0,0.0,-40.175651232711964,0.0,0.07419226166733146,0.0,0.0,0.0,0.0,0.07419226166733148,0.07494908350305499,0.0,0.0,0.0,Diagnostics & Research,Healthcare,TTOO
2013Q2,2013,Q2,2013-06-30,2013-06-30,-5014000.0,120000.0,-4910000.0,-17.911033389466954,0.0,0.0,,,,,,,,200436324.0,,,0.0,0.0,0.0,0.0,,0.0,1670.3027,-9.993833466294376,0.0,0.0,0.0,0.0,0.0,0.0,0.0,-40.459492127573675,0.0,-0.09475982532751094,0.0,0.0,0.0,0.0,-0.09475982532751091,-0.06739130434782609,0.0,0.0,0.0,Diagnostics & Research,Healthcare,TTOO
2013Q1,2013,Q1,2013-03-31,2013-03-31,-4580000.0,0.0,-4600000.0,-16.360696634176037,0.0,0.0,,,,,,,,200436324.0,,,0.0,0.0,0.0,0.0,,0.0,0.0,-10.940847379912663,0.0,0.0,0.0,0.0,0.0,0.0,0.0,-50.33559116022099,0.0,0.0,0.0,0.0,0.0,0.0,0.0,0.0,0.0,0.0,0.0,Diagnostics & Research,Healthcare,TTOO
