Quarters,Year,Quarter,FillingDate,Date,NetIncome,Revenue,OperatingIncome,EPSDiluted,GrossProfit,GrossProfitRatio,TotalAssets,CommonStockEquity,CurrentAssets,CurrentLiability,TotalLiability,Inventory,RetainedEarnings,MarketCap,EnterpriseValue,bookValuePerShare,currentRatio,debtToAssets,debtToEquity,roic,shareholdersEquityPerShare,roe,priceToSalesRatio,peRatio,pbRatio,payoutRatio,inventoryTurnover,dividendYield,assetTurnover,quickRatio,returnOnAssets,priceToFreeCashFlowsRatio,grossProfitMargin,epsdilutedGrowth,fiveYNetIncomeGrowthPerShare,fiveYRevenueGrowthPerShare,fiveYShareholdersEquityGrowthPerShare,grossProfitGrowth,netIncomeGrowth,operatingIncomeGrowth,threeYNetIncomeGrowthPerShare,threeYRevenueGrowthPerShare,threeYShareholdersEquityGrowthPerShare,Industry,Sector,Symbol
2023Q1,2023,Q1,2023-05-15,2023-03-31,-20257000.0,80186000.0,-3361000.0,-187.25,14117000.0,0.1760531764,268213000.0,-155116000.0,104544000.0,407101000.0,427716000.0,1857000.0,-507286000.0,631355.988,260045355.988,-1433.829714465304,0.25680113780118446,1.056649006573134,-1.8270649062636994,-0.022171517235308802,-1433.829714465304,0.13059258877227364,0.00787364362856359,-0.007791824900034557,-0.004070218339823101,0.0,35.578352180936996,0.0,0.2989638831823961,0.23137501504540642,-0.07552579479741847,4.676711022222222,0.1760531763649515,-6.2859922178988334,-1634.7907844903152,960.282416277707,-720.4537523247634,1.6520253106092098,0.7089678754094593,0.9319249777201652,-770.8218440422678,3702.524057753471,-1127.9493136281942,Engineering & Construction,Industrials,OIG
2022Q4,2022,Q4,2023-04-07,2022-12-31,-69604000.0,58228000.0,-49372000.0,-25.7,-21651000.0,-0.3718314213,271571000.0,-140710000.0,102352000.0,292873000.0,416307000.0,1691000.0,-487121000.0,21337731.919999998,278963731.92,-51.96404210893282,0.34947571131514343,1.0277791074893858,-1.9836187904200129,-0.2934524484934495,-51.96404210893282,0.49466278160756166,0.3664513965789654,-0.07663974742830872,-0.15164332257835264,0.0,47.23772915434654,0.0,0.21441170080752364,0.305593209343299,-0.25630129873955615,-3.0121021908526253,-0.3718314213093357,0.47518889115785173,-129.04020327188252,26.10141628338404,-25.0771284308567,-2.701658403145837,0.5083317439798823,0.6164089814311242,-215.13817322862988,107.31634861026313,-35.59690286085026,Engineering & Construction,Industrials,OIG
2022Q3,2022,Q3,2022-11-14,2022-09-30,-141567000.0,99822000.0,-128710000.0,-48.97,-5849000.0,-0.0585942979,302109000.0,-83834000.0,115532000.0,234214000.0,386206000.0,1408000.0,-421424000.0,54927727.0,299530727.0,-28.998942555915338,0.4932753806348041,0.9022008612785452,-3.2512226542930076,-0.5845205696475408,-28.998942555915338,1.6886585394947158,0.5502567269740137,-0.09699952495991297,-0.6551963046019516,0.0,75.05042613636364,0.0,0.3304171673137841,0.44369252051542607,-0.46859577172477485,-7.994138698879348,-0.05859429785017331,-2.8803486529318545,-539.4526695348975,32.25489782872418,-14.936497827938911,-1.5958638956805216,-3.7041602977337673,-15.70256942642097,-4502.168646772247,162.12997248167778,-22.207010288632873,Engineering & Construction,Industrials,OIG
2022Q2,2022,Q2,2022-08-12,2022-06-30,-30094000.0,93913000.0,-7706000.0,-12.62,9816000.0,0.1045222706,419007000.0,49260000.0,119914000.0,218779000.0,369843000.0,1077000.0,-279358000.0,60073977.6,286871977.6,20.663722456759714,0.5481056225688937,0.6166531824050672,5.2452699959399105,-0.022928249446357758,20.663722456759714,-0.6109216402760861,0.6396769094800507,-0.49905278128530606,1.219528574908648,0.0,78.0844939647168,0.0,0.22413229373256294,0.48666919585517804,-0.07182218912810526,-8.214683112265828,0.10452227061216232,0.284985835694051,-167.81231597707148,35.71245826129415,8.679983108428777,-0.15255115255115256,0.17932915189528226,-4.527977044476327,-158.59508090806347,48.452605773208745,14.00445942026777,Engineering & Construction,Industrials,OIG
2022Q1,2022,Q1,2022-05-16,2022-03-31,-36670000.0,70254000.0,-1394000.0,-17.65,11583000.0,0.1648731745,411415000.0,61634000.0,104215000.0,169284000.0,349764000.0,1299000.0,-248535000.0,152953091.2,392541091.2,29.65786676431682,0.6156222679048227,0.6332705419102366,4.22716357854431,-0.0039335582222197905,29.65786676431682,-0.5949638186715125,2.177144236627096,-1.0427671884374146,2.4816349936723237,0.0,45.1662817551963,0.0,0.1707618827704386,0.5249639658798233,-0.08913141232089253,-51.551429457364335,0.16487317448116834,-83.04761904761904,-94.91516001106608,38.68870218951607,12.716665819724279,1.8571780957079427,-1.3331424572119361,0.8402109124254928,-166.95466044539867,40.99618051183125,19.40015883635005,Engineering & Construction,Industrials,OIG
2021Q4,2021,Q4,2022-03-31,2021-12-31,-15717000.0,41047000.0,-8724000.0,-0.21,4054000.0,0.0987648306,412339000.0,96227000.0,101714000.0,134994000.0,316073000.0,1335000.0,-210934000.0,6464575677.599999,6531213677.599999,1.3039502699625725,0.7534705246159089,0.22676244546356275,0.9716919367745019,-0.040507947009496184,1.3039502699625725,-0.16333253660615005,157.4920378492947,-102.82776098492077,67.18047614079208,0.0,27.71011235955056,0.0,0.09954673217910506,0.5601508215179934,-0.03811669524347685,915.0142501910827,0.09876483056008965,-0.31249999999999994,-0.7068032770938638,-0.4003927713724568,-0.43920730431298294,0.07022175290390707,-0.5489307184389475,0.25645614932242394,0.21691131187162857,-0.4108617132273922,-0.10385520137676874,Engineering & Construction,Industrials,OIG
2021Q3,2021,Q3,2021-11-15,2021-09-30,-10147000.0,30919000.0,-11733000.0,-0.16,3788000.0,0.1225136647,168031000.0,90867000.0,51090000.0,55063000.0,77164000.0,1790000.0,-185993000.0,7739834256.0,7753830256.0,1.4463894225282232,0.9278462851642664,0.27665728347745355,0.5115938679608659,-0.060198150244582325,1.4463894225282232,-0.11166870260930811,250.32615078107312,-190.6926740908643,85.17761405130575,0.0,15.156983240223465,0.0,0.1840077128625075,0.6198717832301183,-0.06038766656152734,-480.58579670909654,0.12251366473689317,0.0,-5.660332614986584,-0.5575767277043097,-0.4233534153792137,4.254295532646048,-0.23548033605259955,0.35751834410250793,-2.003661669808703,-0.4325935817960198,-0.17003943454515752,Engineering & Construction,Industrials,OIG
2021Q2,2021,Q2,2021-08-16,2021-06-30,-8213000.0,16308000.0,-18262000.0,-0.16,-1164000.0,-0.0713760118,128114000.0,58331000.0,35043000.0,46947000.0,69783000.0,1722000.0,-175846000.0,9061427484.0,9103023484.0,1.1252375873452392,0.7464374720429421,0.3998157890628659,0.878126553633574,-0.06858084593928561,1.1252375873452392,-0.14079991771099415,555.6430883002207,-275.8257483258249,155.34497066739812,0.0,10.146341463414634,0.0,0.12729287977894688,0.6197201099111764,-0.06410696723230873,-797.8013280507132,-0.07137601177336277,0.6,-1.2346540779079578,-0.716011412128544,-0.5617818249299146,0.10872894333843798,0.5425022281639929,-0.05786943173260731,0.05218767042053673,-0.6122383645405846,-0.3741107933530052,Engineering & Construction,Industrials,OIG
2021Q1,2021,Q1,2021-05-17,2021-03-31,-17952000.0,9491000.0,-17263000.0,-0.4,-1306000.0,-0.1376040459,94946000.0,44100000.0,50436000.0,32014000.0,50846000.0,974000.0,-167633000.0,10873827792.0,10873632792.0,0.9895687338286293,1.5754357468607485,0.36376466623133147,0.7831746031746032,-0.1971924818330526,0.9895687338286293,-0.4070748299319728,1145.6988507006638,-151.42919719251336,246.57205877551021,0.0,11.085215605749486,0.0,0.09996208371074085,1.4460236146685825,-0.18907589577233375,-635.1534925233644,-0.13760404593825729,-0.5384615384615385,-2.1523519780896345,-0.7847870877714304,-0.6352138264396873,-1.4156588160407384,-1.309830159547092,-1.1129742962056304,-2.5191020800549198,-0.723795456629695,-0.5034633948831444,Engineering & Construction,Industrials,OIG
2020Q4,2020,Q4,2021-03-30,2020-12-31,-7772000.0,11336000.0,-8170000.0,-0.26,3142000.0,0.2771700776,66045000.0,17147000.0,24798000.0,37076000.0,48898000.0,1123000.0,-149681000.0,2668664533.2,2683361533.2,0.5628572573709205,0.668842377818535,0.26865016276780984,1.0347582667522015,-0.18699765295964846,0.5628572573709205,-0.45325712952703096,235.4150082215949,-85.84227139732371,155.63448610252522,0.0,7.296527159394479,0.0,0.17164054811113635,0.5242761624770741,-0.11767734120675297,-500.78148493150684,0.2771700776287932,-0.368421052631579,-2.9379189027429438,-0.6466850224164192,-0.8032212121134735,0.33474936278674594,-0.3551874455100262,-0.2921081764984976,-0.29064972319823734,-0.5310223886115771,-0.7392045359837437,Engineering & Construction,Industrials,OIG
2020Q3,2020,Q3,2020-11-16,2020-09-30,-5735000.0,13615000.0,-6323000.0,-0.19,2354000.0,0.1728975395,64785000.0,24629000.0,37116000.0,40072000.0,53744000.0,1117000.0,-142142000.0,754674465.6,754593465.6,0.8093545334336802,0.9262327809942105,0.26387281006405805,0.6941004506882131,-0.1284428985563919,0.8093545334336802,-0.23285557675910512,55.429633903782594,-32.897753513513514,30.641701473872267,0.0,10.081468218442255,0.0,0.2101566720691518,0.43169794370133757,-0.08852357798873196,-726.3469351299326,0.17289753947851635,0.42424242424242425,-65.44817506605168,-0.6266365017357517,-0.7244637235791246,1.2547892720306513,0.38498659517426276,0.12143948867583715,-1.079979771310073,-0.5690994503258047,-0.6110352066982477,Engineering & Construction,Industrials,OIG
2020Q2,2020,Q2,2020-08-18,2020-06-30,-9325000.0,7775000.0,-7197000.0,-0.33,1044000.0,0.1342765273,74743000.0,28019000.0,33547000.0,32672000.0,46724000.0,1071000.0,-138940000.0,753320424.96,758850424.96,0.9209234437481726,1.0267813418217433,0.13245387527929037,0.35333166779685216,-0.13874475277466108,0.9209234437481726,-0.33280987901067133,96.89008681157557,-20.196258041823057,26.88605678146972,0.0,6.284780578898226,0.0,0.10402311922186692,0.566234084231146,-0.12476084716963462,-551.8830952087912,0.13427652733118972,-0.3750000000000001,-11.643539810904791,-0.7687714910483019,-0.6923731746290319,0.8676207513416816,-0.35242929659173317,-0.018972108169333146,-3.098545842550845,-0.7618531208783753,-0.5685906351920553,Engineering & Construction,Industrials,OIG
2020Q1,2020,Q1,2020-05-20,2020-03-31,-6895000.0,5688000.0,-7063000.0,-0.24,559000.0,0.0982770745,55029000.0,36160000.0,29905000.0,13434000.0,18869000.0,1186000.0,-129615000.0,1012914817.2,1013469817.2,1.2723107393793192,2.226068185201727,0.11290410510821566,0.1718196902654867,-0.11692543336138043,1.2723107393793192,-0.19068030973451328,178.0792575949367,-36.72642556925308,28.012024811946905,0.0,4.324620573355818,0.0,0.10336368096821676,1.2288968289414917,-0.1252975703719857,-112.47111005996003,0.09827707454289733,-1.0,-0.23642669274831302,-0.753302826816659,-0.56723216114211,-0.6230613621038436,-1.019625073227885,-0.4338205440519691,-0.31872983445468556,-0.7650363691843711,-0.4115604682697603,Engineering & Construction,Industrials,OIG
2019Q4,2019,Q4,2020-03-30,2019-12-31,-3414000.0,5699000.0,-4926000.0,-0.12,1483000.0,0.2602210914,64158000.0,43117000.0,41694000.0,15995000.0,21041000.0,1631000.0,-122234000.0,1263093524.0,1245888524.0,1.501985374758362,2.60668959049703,0.08299822313663144,0.12350117123176474,-0.06512381388894332,1.501985374758362,-0.07917990583760466,221.63423828741884,-92.4936675454013,29.294559547278332,0.0,2.584917228694053,0.0,0.08882758190716668,1.9352922788371365,-0.05321238193210512,-169.99912839838493,0.2602210914195473,-0.09090909090909087,-0.30145483436319104,-0.7777269355644845,-0.5270261443684293,0.043631245601688955,-9.942307692307692,-0.323481998925309,0.04691767105724094,-0.7859884653750587,-0.3540379210800783,Engineering & Construction,Industrials,OIG
2019Q3,2019,Q3,2019-11-12,2019-09-30,-312000.0,6073000.0,-3722000.0,-0.11,1421000.0,0.2339864976,64959000.0,39233000.0,42412000.0,18999000.0,25726000.0,1580000.0,-126685000.0,969762762.8,974034762.8,1.3674224778142823,2.2323280172640665,0.08075863236810911,0.13371396528432697,-0.05275323719620385,1.3674224778142823,-0.007952488976117044,159.68430146550304,-777.0534958333333,24.718037437871175,0.0,2.9443037974683546,0.0,0.09348973968195323,0.4676035580820043,-0.004803029603288228,-96976.27627999999,0.2339864976123827,-0.3906447534766118,0.35502944403663184,-0.7952909546318866,-0.6055408485676823,-0.8063768905845483,0.8622516556291391,-0.5148555148555148,0.5515799724621061,-0.809722273110842,-0.4548359596083036,Engineering & Construction,Industrials,OIG
2019Q2,2019,Q2,2019-08-14,2019-06-30,-2265000.0,22811000.0,-2457000.0,-0.0791,7339000.0,0.3217307439,79135000.0,39435000.0,33784000.0,24749000.0,39700000.0,12361000.0,-126373000.0,1042305482.4,1051424482.4,1.3771720711808855,1.3650652551618248,0.148530991343906,0.298060098896919,-0.03575162620896677,1.3771720711808855,-0.05743628756181057,45.693107816404364,-115.04475523178807,26.430974575884367,0.0,1.2516786667745328,0.0,0.28825424906804825,0.8018101741484505,-0.028621975105831806,-574.5895713340683,0.3217307439393275,0.2809090909090909,-23.55079670368115,-0.14475023088957412,-0.6075954084979938,-0.050213536948362884,0.24575424575424576,0.20485436893203884,-0.11567638424086311,-0.2808722257768713,-0.4636671947528764,Engineering & Construction,Industrials,OIG
2019Q1,2019,Q1,2019-05-15,2019-03-31,-3003000.0,23009000.0,-3090000.0,-0.11,7727000.0,0.3358251119,75761000.0,41555000.0,30199000.0,17804000.0,34206000.0,11342000.0,-124108000.0,1383446240.0,1397946240.0,1.4538056787808393,1.6961918669961806,0.11488760708015998,0.20945734568643967,-0.05428861494331647,1.4538056787808393,-0.07226567200096258,60.126308835673,-115.17201465201464,33.291932138130186,0.0,1.347381414212661,0.0,0.3037050725307216,0.9542799370927881,-0.03963780837106163,-470.8802722940776,0.3358251119127298,0.5925925925925927,-3.432978895329188,-0.019380444573260165,-0.5811435054721508,0.20059042883778744,0.6132148377125193,0.2749882684185828,0.177846529490506,-0.18655200351205733,-0.464081480615417,Engineering & Construction,Industrials,OIG
2018Q4,2018,Q4,2019-03-18,2018-12-31,-7764000.0,26952000.0,-4262000.0,-0.27,6436000.0,0.2387948946,70167000.0,41538000.0,35481000.0,18586000.0,28629000.0,13042000.0,-123993000.0,1404519730.8000002,1408167730.8000002,1.4550664936803321,1.9090175400839342,0.10869782091296479,0.18361500312966442,-0.08752187010725407,1.4550664936803321,-0.18691318792431028,52.11189265360642,-45.22539061051005,33.812887736530406,0.0,1.5730716147830088,0.0,0.3841121894907863,1.1006671688367589,-0.11065030569926033,-489.03890348189424,0.2387948946274859,-4.018587360594796,-2.100894970122913,0.2764534213442933,-0.5750659748014173,-0.22101186153473734,-4.061277705345502,-1.871967654986523,-3.1980406416847953,-0.10356182069249342,-0.49129869576856855,Engineering & Construction,Industrials,OIG
2018Q3,2018,Q3,2018-11-07,2018-09-30,-1534000.0,24744000.0,-1484000.0,-0.0538,8262000.0,0.3338991271,78957000.0,49715000.0,34597000.0,18447000.0,29242000.0,16052000.0,-116229000.0,2510396592.0,2518224592.0,1.7427206577405998,1.8754811080392475,0.13321174816672365,0.21156592577692848,-0.02253677160926876,1.7427206577405998,-0.030855878507492707,101.45476042677012,-409.1259113428944,50.49575765865433,0.0,1.0267879391976078,0.0,0.3133857669364338,0.9094161652301187,-0.0194282964145041,-463.17280295202954,0.33389912706110575,0.6835294117647059,-6.1596965893537705,0.036204829699744354,-0.4992407668373596,0.08212180746561885,0.6780692549842602,0.4893324156916724,-17.959343972850643,-0.27617691680622297,-0.406708999530265,Engineering & Construction,Industrials,OIG
2018Q2,2018,Q2,2018-08-06,2018-06-30,-4765000.0,23127000.0,-2906000.0,-0.17,7635000.0,0.3301336101,81517000.0,51249000.0,36976000.0,19405000.0,30268000.0,14684000.0,-114695000.0,3386531095.2,3388562095.2,1.7978223228570225,1.9054882762174696,0.11461412956806556,0.18230599621456028,-0.049669637896309266,1.7978223228570225,-0.0929774239497356,146.431923517966,-177.6773921930745,66.07994488087571,0.0,1.0550258785072189,0.0,0.2837076928738791,1.091419737181139,-0.05845406479630016,-1519.3051122476445,0.33013361006615644,-0.5454545454545455,-11.680638338896289,-0.15812824563438052,-0.5159285319724343,0.16086361563022655,-0.46120821833793313,0.23101349563376555,-5.8956184058819,-0.2659075511995871,-0.3994523893206483,Engineering & Construction,Industrials,OIG
2018Q1,2018,Q1,2018-05-07,2018-03-31,-3261000.0,21966000.0,-3779000.0,-0.11,6577000.0,0.2994172813,83925000.0,56775000.0,36423000.0,16154000.0,27150000.0,11906000.0,-109929000.0,2962755328.0,2962585328.0,1.9929421590090886,2.254735669184103,0.11280309800417039,0.16674592690444737,-0.05221297413612559,1.9929421590090886,-0.057437252311756934,134.8791463170354,-227.13548972707758,52.18415372963452,0.0,1.2925415756761296,0.0,0.26173369079535297,1.4130246378605917,-0.03885612153708668,-898.894213592233,0.2994172812528453,0.45,-1.695998853151635,-0.16578502300920456,-0.10988520954668736,0.008587639932525686,0.3806267806267806,-0.2210016155088853,0.4166117457878763,-0.04955203549637029,-0.32211428825642757,Engineering & Construction,Industrials,OIG
2017Q4,2017,Q4,2018-03-14,2017-12-31,-5265000.0,21134000.0,-3095000.0,-0.2,6521000.0,0.3085549352,87909000.0,57486000.0,41276000.0,18914000.0,30423000.0,13892000.0,-108559000.0,2929925240.0,2925933240.0,2.15823254247948,2.182298826266258,0.09844270780011148,0.15054100128726994,-0.039031146168041424,2.15823254247948,-0.09158751696065129,138.63562222011925,-139.12275593542262,50.96763107539227,0.0,1.0519003743161532,0.0,0.240407694320263,1.362905784075288,-0.05989147868818892,-722.3681558185405,0.3085549351755465,-1.207505518763797,-6.775429816990284,-0.2737804010853756,-0.05144017694399919,-0.12352150537634408,-1.7681388012618298,-0.532937097573056,-1.163131580552143,-0.11164027435607739,-0.32037449623617625,Engineering & Construction,Industrials,OIG
2017Q3,2017,Q3,2017-11-09,2017-09-30,-1902000.0,21796000.0,-2019000.0,-0.0906,7440000.0,0.3413470362,79577000.0,43679000.0,29528000.0,21318000.0,35898000.0,14221000.0,-103294000.0,3098350418.4,3109223418.4,2.080791237076814,1.3851205553991932,0.1461603227063096,0.2662835687630211,-0.03338770900182971,2.080791237076814,-0.0435449529522196,142.1522489631125,-407.2490034700315,70.93455478376336,0.0,1.0094930033049716,0.0,0.2738982369277555,0.6367389060887513,-0.023901378539025096,-1031.751721078921,0.34134703615342266,-0.21122994652406407,-1.1173894233655688,0.048731008156903,-0.09297333905882027,-0.09533073929961089,-0.21301020408163265,-0.22363636363636363,-4.374034303882671,0.004188348725172796,-0.39975599421395613,Engineering & Construction,Industrials,OIG
2017Q2,2017,Q2,2017-08-09,2017-06-30,-1568000.0,22500000.0,-1650000.0,-0.0748,8224000.0,0.3655111111,79706000.0,44760000.0,29959000.0,22090000.0,34946000.0,13822000.0,-101392000.0,3220678195.2,3228655195.2,2.134685796999679,1.3562245359891354,0.12250018819160415,0.21814119749776587,-0.027500065768652188,2.134685796999679,-0.03503127792672028,143.14125312,-513.5009877551021,71.95438327077748,0.0,1.032846187237737,0.0,0.2822874062178506,0.6831145314622001,-0.019672295686648432,-1540.9943517703348,0.3655111111111111,0.5844444444444444,-0.10374613159038323,0.13091898668280544,-0.06673814148320505,0.4468684025334272,0.593149974052932,0.5885286783042394,-22.210311188512982,0.15204297594085373,-0.39175319795839025,Engineering & Construction,Industrials,OIG
2017Q1,2017,Q1,2017-05-10,2017-03-31,-3854000.0,17844000.0,-4010000.0,-0.18,5684000.0,0.3185384443,78903000.0,45296000.0,31312000.0,20516000.0,33607000.0,13391000.0,-99824000.0,3971977989.6,3977736989.6,2.1621775403807995,1.5262234353675181,0.11052811680164253,0.19253355704697986,-0.07007450653927282,2.1621775403807995,-0.08508477569763334,222.59459704102218,-257.6529572911261,87.68937631578946,0.0,0.9080725860652678,0.0,0.22615109691646706,0.7475141353090271,-0.048844784101998655,-2268.405476641919,0.3185384442950011,-0.5,-0.4486658121106976,-0.1512577689387962,-0.2543405858988681,-0.12175525339925834,-0.47662835249042146,-0.5633528265107213,-6.762479518782349,0.03763221247409644,-0.37705422510784253,Engineering & Construction,Industrials,OIG
2016Q4,2016,Q4,2017-03-14,2016-12-31,-2610000.0,19403000.0,-2565000.0,-0.12,6472000.0,0.3335566665,79843000.0,48635000.0,32103000.0,17738000.0,31208000.0,13202000.0,-95970000.0,5798070154.8,5802196154.8,2.32519125158206,1.809843274326305,0.10950239845697181,0.1797676570371132,-0.04393178983360905,2.32519125158206,-0.053665056029608305,298.82338580631864,-555.3707044827586,119.21599989308112,0.0,0.9794728071504317,0.0,0.2430144157909898,0.9430037208253467,-0.032689152461706096,-2443.350254867257,0.3335566664948719,-3.9382716049382713,-5.629502459473524,-0.10940830855017179,0.5578111331241445,-0.24717924857508433,-4.14792899408284,-3.638336347197107,-0.42270395584896514,0.2541669711305861,-0.32095688947369616,Engineering & Construction,Industrials,OIG
2016Q3,2016,Q3,2016-11-09,2016-09-30,-507000.0,23257000.0,-553000.0,-0.0243,8597000.0,0.3696521477,84022000.0,52440000.0,34947000.0,17703000.0,31582000.0,12276000.0,-93360000.0,4875461329.2,4877174329.2,2.5082770991861443,1.9740721911540418,0.10430601509128562,0.16712433257055684,-0.006558216601844948,2.5082770991861443,-0.009668192219679635,209.63414581416347,-2404.0736337278104,92.97218400457666,0.0,1.194200065167807,0.0,0.2767965532836638,1.1700276789244761,-0.006034133917307372,4232.171292708334,0.36965214774046523,0.6572637517630465,-2.5870571207791597,-0.2420905237042562,0.4429576748788915,-0.06115540024025336,0.6576637407157326,0.46673095467695275,-3.326908244554065,0.3289293483473122,-0.27926319621625495,Engineering & Construction,Industrials,OIG
2016Q2,2016,Q2,2016-08-08,2016-06-30,-1481000.0,23140000.0,-1037000.0,-0.0709,9157000.0,0.395721694,85301000.0,53638000.0,35246000.0,17604000.0,31663000.0,12593000.0,-92853000.0,4219588504.0,4222350504.0,2.5677565453903797,2.0021586003181095,0.10298824163843331,0.16378313881949363,-0.01816865599523994,2.5677565453903797,-0.02761102203661583,182.3504107173725,-712.2870533423363,78.66789410492561,0.0,1.1103787818629398,0.0,0.2712746626651505,1.181436037264258,-0.017362047338249257,-9173.018486956522,0.39572169403630075,0.4546153846153846,-3.3406557020124636,-0.18852677770214654,0.5221821478651684,0.13963907902924705,0.44490254872563717,0.5537865748709122,-5.530115334388673,0.14950241756778437,-0.3086203988783359,Engineering & Construction,Industrials,OIG
2016Q1,2016,Q1,2016-05-09,2016-03-31,-2668000.0,20661000.0,-2324000.0,-0.13,8035000.0,0.3888969556,87360000.0,56638000.0,35691000.0,16477000.0,30722000.0,12659000.0,-91372000.0,6747947036.8,6750400036.8,2.712736407113349,2.166110335619348,0.10081272893772894,0.15549630989794838,-0.037516039787973875,2.712736407113349,-0.04710618312793531,326.6031187648226,-632.3038827586206,119.14168997492848,0.0,0.9973931590173,0.0,0.23650412087912087,1.2535048855981064,-0.03054029304029304,-8809.330335248042,0.38889695561686266,-1.006172839506173,-8.75298740958533,-0.29702391156100866,0.5740188845562276,-0.03990918867248178,-0.9792284866468842,-1.1760299625468165,-2.0096560402817523,0.07063263261684768,0.21159903595664717,Engineering & Construction,Industrials,OIG
2015Q4,2015,Q4,2016-03-14,2015-12-31,-1348000.0,21914000.0,-1068000.0,-0.0648,8369000.0,0.3819019805,90848000.0,59516000.0,38157000.0,17055000.0,31332000.0,12075000.0,-88704000.0,5859308928.0,5860869928.0,2.8603553432572997,2.2372911169744945,0.09717330045790772,0.14832986087774716,-0.015762855555880372,2.8603553432572997,-0.0226493715975536,267.3774266678835,-1086.6670860534127,98.44930653941798,0.0,1.1217391304347826,0.0,0.24121609721733003,1.3792436235708003,-0.014837971116590349,18600.980723809524,0.3819019804691065,-22.142857142857142,0.9614410536242624,-0.37496991201327845,0.6600322726623504,-0.10778251599147122,-21.847457627118644,-7.395209580838324,-1.5483908096877614,-0.036042187705244595,0.25714820107399405,Engineering & Construction,Industrials,OIG
2015Q3,2015,Q3,2015-11-09,2015-09-30,-59000.0,24928000.0,167000.0,-0.0028,9380000.0,0.376283697,91209000.0,61104000.0,37753000.0,15566000.0,30105000.0,11060000.0,-87356000.0,4301898475.6,4304510475.6,2.937379222608821,2.425350122060902,0.09700797070464537,0.144802304268133,0.0005696147171839516,2.937379222608821,-0.000965566902330453,172.5729491174583,-18228.383371186443,70.40289466483372,0.0,1.4057866184448462,0.0,0.2733063623107369,1.5062315302582552,-0.0006468659891019526,-1789.2474899617605,0.3762836970474968,0.884297520661157,-1.0082353213732347,-0.2539980905545594,0.36110224997677215,0.12873743858428888,0.8829076995133723,1.2049107411265674,0.9337208709763897,0.21034533363877717,0.28041738196849375,Engineering & Construction,Industrials,OIG
2015Q2,2015,Q2,2015-08-10,2015-06-30,-503876.0,22972197.0,-814989.0,-0.0242,8310170.0,0.3617490308,93321699.0,62226008.0,40006374.0,16301303.0,31095691.0,11242084.0,-87296776.0,4207102794.4,4210804203.4,2.9936382909313206,2.454182588962367,0.09502498448940583,0.142511038149836,-0.009334955983357481,2.9936382909313206,-0.008097514466941218,183.13889587486997,-2087.370104152609,67.6100384649454,0.0,1.304208988297899,0.0,0.24616136703640598,1.5766539030652948,-0.005399344476143753,-601.2373145027416,0.36174903079579196,0.879,-1.0428481310095985,-0.36413089393703824,0.8791468262126333,0.33324402438936346,0.876384515214825,0.7949923630480192,0.6422082591965504,0.16475614723684526,0.3087867259192835,Engineering & Construction,Industrials,OIG
2015Q1,2015,Q1,2015-05-11,2015-03-31,-4076156.0,16853120.0,-3975408.0,-0.2,6233045.0,0.3698451681,91781593.0,61074278.0,40618850.0,16002336.0,30707315.0,10004452.0,-86792900.0,4869425600.0,4868720946.0,2.9399382882449214,2.5383075321003132,0.09683759792663438,0.14552622300340579,-0.055141454678630304,2.9399382882449214,-0.06674096090010266,288.93318269851517,-298.65304468229385,79.72956471135033,0.0,1.0615349046604452,0.0,0.18362200359717007,1.6953822866861439,-0.04441147583916963,-1957.7264536526961,0.3698451681350397,-1.1881838074398252,0.04978105902779544,-0.4011186911931369,2.491182421638776,0.06697044206801446,-1.1472325675725505,-1.0656610138314937,-0.5450967192713169,-0.19162609906158182,0.01388189478654336,Engineering & Construction,Industrials,OIG
2014Q4,2014,Q4,2015-03-16,2014-12-31,-1898330.0,18554494.0,-1924521.0,-0.0914,5841816.0,0.3148464194,93053873.0,65970336.0,43125964.0,12354961.0,27083537.0,6840845.0,-82716744.0,6190652000.0,6187855564.0,3.175620294599018,3.4905787238017183,0.09572868611282842,0.13502925011629469,-0.02214448495811367,3.175620294599018,-0.028775509040911963,333.6470399031092,-815.2760584303045,93.8399343608012,0.0,1.8583490782206,0.0,0.19939518261641834,2.8112357457057127,-0.020400333041484475,-1324.2367776904791,0.31484641941731206,-4.40828402366864,-1.0503662328787235,-0.42108656810870404,2.0282750468105797,-0.2704594976127464,-4.446082256546786,-5.187991344301933,-3.8549219511704633,-0.14251015931489683,1.1275740849856442,Engineering & Construction,Industrials,OIG
2014Q3,2014,Q3,2014-11-10,2014-09-30,-348568.0,21376621.0,-311009.0,-0.0169,8007528.0,0.3745927853,98238936.0,71667506.0,46501368.0,14557454.0,26571430.0,7311343.0,-78017883.0,5987150435.200001,5978977886.200001,3.4665756209459073,3.1943338443659175,0.09087655428189897,0.12456992712987669,-0.0032489845925297313,3.4665756209459073,-0.004863682573243166,280.0793649847654,-4294.105049229993,83.54065558246161,0.0,1.8285413500638665,0.0,0.21759825452506937,2.6011399383436142,-0.003548165464658534,7358.846846173607,0.37459278526760614,-4.281249999999999,0.9252690371012823,-0.27189034593540945,1.7744751884592609,0.03894455279675241,-4.244620986428335,-0.4927524406516084,-2.1034119173719636,-0.2955206640821465,0.9942461299092451,Engineering & Construction,Industrials,OIG
2014Q2,2014,Q2,2014-08-11,2014-06-30,-66462.0,19214193.0,-208346.0,-0.0032,7707368.0,0.4011288947,100360727.0,72396664.0,46687373.0,15600699.0,27964063.0,7175904.0,-77669315.0,6931124592.0,6924889104.0,3.5095717557979804,2.9926462269414977,0.08914499991615246,0.12357830465779474,-0.0004271944879290684,3.5095717557979804,-0.0009180257256052571,360.72941455308586,-26071.75751557281,95.73817644415217,0.0,1.6035366415158285,0.0,0.19145131342063715,2.4611059414709557,-0.0006622311534271768,284307.1738791583,0.4011288946665624,0.8649789029535865,0.99838989043191,-0.14114612269497126,1.404175725576875,0.10196216248211738,0.8637844883771454,0.3783221686782938,0.8027450140496001,-0.317681274793329,1.0804960980112375,Engineering & Construction,Industrials,OIG
2014Q1,2014,Q1,2014-05-19,2014-03-31,-487918.0,16899909.0,-335135.0,-0.0237,6994222.0,0.4138615184,100141298.0,71457070.0,46089168.0,16252941.0,28684228.0,6811660.0,-77602853.0,9058510120.0,9052240422.0,3.4708920543768182,2.8357432664032927,0.08953047522911077,0.12546971209426863,-0.0039299476269605334,3.4708920543768182,-0.006828127713604826,536.0094021808046,-4641.410093499318,126.76856355851143,0.0,1.4542251081234236,0.0,0.16876063459852497,2.3444209266495215,-0.004872295543842461,-19737.122176756915,0.4138615184259276,0.7297605473204105,0.8946638480271552,-0.2558176304226753,1.3305040296252022,0.14736250336906054,0.7297865176255319,0.49959087501978433,-0.8088180963538146,-0.41686407582318613,1.0139257266277388,Engineering & Construction,Industrials,OIG
2013Q4,2013,Q4,2014-03-31,2013-12-31,-1805676.0,15227457.0,-669722.0,-0.0877,6095913.0,0.4003237704,95232405.0,70496155.0,44683646.0,15342144.0,24736250.0,7027644.0,-77930497.0,5204525814.400001,5196935045.400001,3.4242174252822934,2.9124772913094805,0.0943453964015715,0.1274500573825622,-0.00889934187821945,3.4242174252822934,-0.025613822484361025,341.78561885940644,-720.578583090211,73.82708765322025,0.0,1.2993748687326792,0.0,0.1598978519969122,2.415049813116081,-0.018960730856266834,-2157.3092459797026,0.400323770410253,-9.77,0.8202351194048157,-0.37344375406228497,1.008328778484757,-0.07628962552071203,-9.425336537339897,-2.701477597227727,0.9477982887051878,-0.5610487427757856,0.9872745699169806,Engineering & Construction,Industrials,OIG
2013Q3,2013,Q3,2013-11-13,2013-09-30,214315.0,17213757.0,393612.0,0.01,6599377.0,0.3833780737,92054774.0,71566512.0,45822221.0,15117930.0,20488262.0,6118945.0,-76124821.0,4746208820.400001,4732895017.400001,3.480156814551606,3.0309851282549927,0.0586904813866579,0.07549255718931781,0.0033075397788737545,3.480156814551606,0.0029946268724120578,275.7218438949731,5536.486970580688,66.31885064344061,0.0,1.7346748499945661,0.0,0.186994723380669,2.5772674565896256,0.0023281247749301955,4894.179441638499,0.38337807371162497,-0.5,1.2590032324199931,-0.4709647874951988,1.0576022713929476,-0.06600143651217674,-0.27296134718330406,-0.28037077326702803,-0.9697392495976822,-0.47889318145746446,0.6126107361620045,Engineering & Construction,Industrials,OIG
2013Q2,2013,Q2,2013-08-14,2013-06-30,294778.0,18151091.0,546965.0,0.02,7065725.0,0.389272744,89906805.0,69952829.0,44538190.0,14616834.0,19953976.0,6169021.0,-76339136.0,4136188618.7999997,4113508559.7999997,3.7139605236031894,3.0470476711988383,0.059973558175045814,0.07708095694028329,0.004391356920505423,3.7139605236031894,0.004213953948881753,227.87548245997993,3507.8844238715237,59.128253680776794,0.0,1.7969408760320316,0.0,0.20188784375109314,2.55173144882127,0.0032787062113930087,20726.33376494523,0.38927274399098105,1.4705882352941175,-0.9824415540955134,0.1711777719537419,13.258850017647584,0.7612553608084243,1.6379205872423672,2.4481773508573124,-0.9723364511115954,-0.44553703486817947,1.3313027334497223,Engineering & Construction,Industrials,OIG
2013Q1,2013,Q1,2013-05-07,2013-03-31,-462092.0,10059360.0,-377692.0,-0.0425,4011755.0,0.3988081747,35943885.0,24367360.0,12580288.0,4272842.0,11576525.0,5163530.0,-76633914.0,2115709632.0,2120495140.0,2.238972074595159,2.9442436673296135,0.2031968163708514,0.2997322237616221,-0.012188955206519442,2.238972074595159,-0.01896356437463886,210.32248890585484,-1144.636583191226,86.82555812365393,0.0,1.1712152345391622,0.0,0.27986290296666594,1.4875459939777786,-0.012855928066762955,-51046.14645209545,0.3988081746751284,-0.673228346456693,0.8115042176721927,80.06132411090229,6.200789523892273,-0.07923239280159965,-0.6701617421162013,-0.8245108931935655,0.7943817489220985,-0.31767525561815324,1.658783682848355,Engineering & Construction,Industrials,OIG
2012Q4,2012,Q4,2013-02-19,2012-12-31,-276675.0,11890762.0,-207010.0,-0.0254,4356968.0,0.3664162145,36723461.0,24762433.0,13228556.0,4657345.0,11961028.0,4843905.0,-76171822.0,2389968288.0,2394691579.0,2.2752729875552222,2.840364198915906,0.21139431819893012,0.31350437172308554,-0.006596244143338067,2.2752729875552222,-0.011173175107631791,200.99370317898885,-2159.544852263486,96.51589114849902,0.0,1.5553141525277643,0.0,0.32379197592514497,1.718954898123287,-0.007534012112856138,-2742.0597249184257,0.36641621453696577,0.40654205607476634,0.9263698174965392,480.71780844889935,4.842356074577732,0.10770156973422848,0.4024285149643952,0.23107210115185034,-1.0140119313655618,-0.29183489636583965,1.1697028528927607,Engineering & Construction,Industrials,OIG
2012Q3,2012,Q3,2012-11-13,2012-09-30,-462999.0,10712306.0,-269219.0,-0.0428,3933341.0,0.3671796717,36619179.0,24821208.0,13006496.0,4494288.0,11797971.0,5015782.0,-75895147.0,2237510030.8,2234058943.8,2.2940794650045597,2.8940059026034826,0.0,0.0,-0.011050124767413103,2.2940794650045597,-0.018653362882257784,208.87286367659775,-1208.1613733506983,90.14509006975004,0.0,1.3515270400507837,0.0,0.29253266437240444,1.7049365772731966,-0.012643620437257756,-4089.801644686938,0.36717967167853494,0.36873156342182895,0.7191175406718222,241.69669052299727,2.3983710708103687,0.03459884691552929,0.3523447827272918,0.16329251616111387,0.8103292886286632,-0.30281528292850135,0.8360674198338407,Engineering & Construction,Industrials,OIG
2012Q2,2012,Q2,2012-08-07,2012-06-30,-714885.0,10011758.0,-321760.0,-0.0678,3801803.0,0.379733809,35424675.0,24134921.0,11806993.0,3986071.0,11289754.0,4443124.0,-75432150.0,2409969452.0,2414082362.0,2.2873385186792814,2.9620628935109283,0.20617501783714318,0.3026188898650217,-0.010343062239709086,2.2873385186792814,-0.02962035798667002,240.71391378017728,-842.782213922519,99.85404352473333,0.0,1.3976551183356576,0.0,0.2826210261632605,1.7568242010741906,-0.020180425085057237,-1762.6966616588868,0.3797338089873926,0.4784615384615385,0.8247416990238108,61.88452902418151,2.1747056692439632,0.15746864747560116,0.33298157613350726,0.643985337188241,0.9661415401120153,-0.12510393020190896,0.5669044901848249,Engineering & Construction,Industrials,OIG
2012Q1,2012,Q1,2012-05-09,2012-03-31,-1071762.0,8469763.0,-903783.0,-0.13,3284584.0,0.3878011699,35722795.0,24472267.0,11896869.0,3946845.0,11250528.0,3521231.0,-74717263.0,1640663877.6000001,1636239403.6000001,2.8996851638857586,3.0142731726226897,0.0,0.0,-0.037207105448434884,2.8996851638857586,-0.04379496186438306,193.7083573176723,-382.7024744299574,67.04176109226006,0.0,1.4725472427114268,0.0,0.23709687329896778,2.010026996246369,-0.03000218767876366,7573.71634799147,0.3878011698792516,-5.914893617021277,0.35846488471502225,99.05104312565977,1.6664204377325074,0.019138019624537372,-5.746921662931534,-8.836879741393386,0.4355704984262634,-0.0901977415884567,0.9469715142995112,Engineering & Construction,Industrials,OIG
2011Q4,2011,Q4,2012-03-26,2011-12-31,-158852.0,8790698.0,-91877.0,-0.0188,3222904.0,0.3666266319,31978491.0,12597003.0,8117628.0,9077805.0,19381488.0,3563111.0,-73645501.0,1924235412.0,1939926220.0,1.4926015112749624,0.8942280650443581,0.49619548964958976,1.2596315964995801,-0.0034020300359142684,1.4926015112749624,-0.01261030103747693,218.89449643247897,-3028.3462153451014,152.75342968482266,0.0,1.5626215405582369,0.0,0.2748940842768347,0.4320655709171986,-0.0049674639119150436,3727.7224387635706,0.36662663192388134,-2.236842105263158,0.92590362317015,46.606934656901316,0.20440508157166606,-0.19866212619694554,-2.422283504046988,-1.2429547948646755,0.961422111491939,-0.1176583424763251,-0.12457820354201903,Engineering & Construction,Industrials,OIG
2011Q3,2011,Q3,2011-11-14,2011-09-30,111688.0,10728215.0,378165.0,0.0152,4021904.0,0.3748903243,32783612.0,12705747.0,8634554.0,9774182.0,20077865.0,4027586.0,-73486649.0,920977092.0,927292360.0,1.7382887543092114,0.8834042582796187,0.19701971826655343,0.5083540542716615,0.018673945918534225,1.7382887543092114,0.008790352900935302,85.84625606403301,2061.4951740562997,72.48508033411967,0.0,1.6650944262890972,0.0,0.32724322750037427,0.44045066891531176,0.0034068241168788843,-1246.2275199861438,0.3748903242524502,1.932515337423313,-0.9627066327305216,74.75281923664005,0.5684459281642711,0.03509072187076396,1.9449069373942471,0.7358643862403261,1.3797448428247827,-0.07238206910550624,0.027743024178720602,Engineering & Construction,Industrials,OIG
2011Q2,2011,Q2,2011-08-09,2011-06-30,-118200.0,9878862.0,217854.0,-0.0163,3885557.0,0.3933203035,35679749.0,12207415.0,12045151.0,9447123.0,23750806.0,4421424.0,-73910972.0,1302593760.0,1318762554.0,1.6868917750688441,1.2750073223350644,0.4591638803288667,1.3420410463640338,0.00816451205149474,1.6868917750688441,-0.009682639608795146,131.8566612227198,-2755.0629441624365,106.70512635148391,0.0,1.3555146486742733,0.0,0.27687588273112573,0.4590045032757592,-0.0033128035738143784,8448.800129722718,0.3933203034924468,-2.4298245614035086,0.9901962750823122,165.9445824020478,4.637397280208475,0.05579963931337483,-0.26386022689605765,6.304164152082076,-1.0183248316615092,0.6590463409873615,6.568005673498567,Engineering & Construction,Industrials,OIG
2011Q1,2011,Q1,2011-05-09,2011-03-31,-93523.0,10048033.0,29826.0,0.0114,3680203.0,0.3662610384,34061528.0,12301788.0,9474938.0,10516320.0,21931518.0,4544971.0,-73690261.0,1798751304.0,1806236595.0,1.7234459088959193,0.9009746755519041,0.224061234129015,0.6203868901008537,0.0013701729373536689,1.7234459088959193,-0.007602390806929854,179.01526637103998,-4808.312671749195,146.21868821020163,0.0,1.4010716460017016,0.0,0.2949965427270321,0.43179876610829643,-0.0027457077087087813,3712.953173992111,0.366261038354472,1.0067857142857144,0.9950896684714079,110.94123401620651,-0.4584649499320891,-0.14929608133760264,0.9922017552658768,1.274385700223549,0.9418324410741099,122.45640237775282,4.5427985844873415,Engineering & Construction,Industrials,OIG
2010Q4,2010,Q4,2011-03-31,2010-12-31,-11992827.0,12027561.0,-108701.0,-1.68,4326068.0,0.3596795726,35874849.0,12299120.0,10890041.0,11565977.0,23922073.0,4976587.0,-73596738.0,2141370600.0,2160462467.0,1.7230721295977445,0.9415582444959038,0.5492466881184642,1.6020773843982334,-0.0034184652433052053,1.7230721295977445,-0.9750963483566304,178.03863975414467,-44.63857020534024,174.1076272123534,0.0,1.5475451348484413,0.0,0.33526443553811197,0.4806728389655279,-0.33429623634095296,13047.988300886573,0.3596795726082786,-6.6000000000000005,-0.46254621255700507,100.68702099720178,2.298241292975444,0.04438645071109384,-6.3170370646233485,-1.159922143496069,-3.866276131588464,741.93326625532,3.424436530628237,Engineering & Construction,Industrials,OIG
2010Q3,2010,Q3,2010-11-15,2010-09-30,2255547.0,10520295.0,679712.0,0.3,4142210.0,0.3937351567,40133973.0,14133812.0,11263262.0,13209888.0,25940571.0,4902673.0,-50175790.0,1728995928.0,1749999885.0,2.158088580530191,0.8526387203282875,0.5381254430006219,1.5280457954301359,0.018768139495529933,2.158088580530191,0.15958518480364675,164.34861645989966,191.6382066079758,122.33047446789303,0.0,1.3009403237784776,0.0,0.2621294183857651,0.461273252278899,0.05620044145641898,2881.491792978743,0.39373515666623415,-0.6938775510204082,1.3459624810546855,102.08797242568787,4.1506643752058725,0.05600413202492675,-0.35337425247550297,0.03290905333284705,3.2605850966285903,392.7614678257973,2.1969188130566506,Engineering & Construction,Industrials,OIG
2010Q2,2010,Q2,2010-08-16,2010-06-30,3488180.0,10716227.0,658056.0,0.98,3922532.0,0.3660366657,39702912.0,9822416.0,10804519.0,28327388.0,29823565.0,4307638.0,-52431337.0,850861356.0,875616775.0,1.5930837597000937,0.38141599924426495,0.6261671184219435,2.531012532965413,0.03456893749647594,1.5930837597000937,0.35512444188883874,79.39934045816685,60.98175524198865,86.62444718285197,0.0,1.5771276509307421,0.0,0.2699103531751021,0.21805497916009764,0.08785703174618527,-4353.969133465014,0.3660366657033301,5.666666666666667,1.6438427022232749,123.38716590845677,11.474442281499105,0.3800235437660034,3.983895664849162,9.359769808300621,2.463447089033567,114.18902404382062,1.2111165453641022,Engineering & Construction,Industrials,OIG
2010Q1,2010,Q1,2010-05-07,2010-03-31,-1169002.0,7668805.0,-78717.0,-0.21,2842366.0,0.370640015,38474253.0,4767316.0,9318137.0,15320535.0,33671600.0,3787402.0,-55919517.0,883146732.0,911530718.0,0.8421038872167848,0.6082122458517277,0.7497426135862859,6.050739451716647,-0.0023507387318166227,0.8421038872167848,-0.245211771151734,115.16093211393431,-188.8676691742187,185.25030268603967,0.0,1.2743402997622117,0.0,0.19932303818868166,0.3396761927700305,-0.030384007715497426,-2177.641170552728,0.3706400149697378,-1.1160220994475138,0.5970957056261265,143.7129710266959,0.9519276687577805,0.0018967319178635066,-1.1138137863601079,-4.409876543209877,-0.04316359018269698,134.04955128016954,-0.2256390302180788,Engineering & Construction,Industrials,OIG
2009Q4,2009,Q4,2010-04-01,2009-12-31,10271181.0,8734210.0,23085.0,1.81,2836985.0,0.3248130054,38806307.0,5936651.0,9483811.0,8915030.0,32838047.0,3661994.0,-54746787.0,577442094.0,604866773.0,1.048656494377426,1.063800233986874,0.7194916537664869,4.703125381633517,0.0006032375501465958,1.048656494377426,1.730130506239966,66.11268723788413,14.054909897897819,97.26731350722822,0.0,1.6103863086613468,0.0,0.22507191936609686,0.6109605912711454,0.2646781359535191,-106953.52731987405,0.32481300541205216,8.869565217391305,3.1138438276554266,413.3284580756807,0.14514114601183178,-0.029639422090271032,9.125362217375518,1.0854661300891868,8.142327424797353,69.51566014125194,-0.1538215651594408,Engineering & Construction,Industrials,OIG
2009Q3,2009,Q3,2009-11-13,2009-09-30,-1264089.0,7956700.0,-270107.0,-0.23,2923640.0,0.3674437895,38741755.0,7000550.0,9375924.0,14408696.0,31698805.0,4273393.0,-53428252.0,874051308.0,900966801.0,1.2494527380765614,0.6507128750582287,0.700625746045836,3.8773340666090523,-0.0455643985381359,1.2494527380765614,-0.1805699552178043,109.85098193974889,-172.8619005465596,124.85466256222726,0.0,1.1777667066895088,0.0,0.20537789266387133,0.32952301859932365,-0.03262859413570707,-1695.8138905003134,0.3674437895107268,0.885,0.7981456633742533,27.322787833344336,-0.5714653800035827,0.20295096671727583,0.8864914897508762,-1.4564784415726149,-1.5506411838937806,72.29431149803057,0.12737256949502523,Engineering & Construction,Industrials,OIG
2009Q2,2009,Q2,2009-08-06,2009-06-30,-11136513.0,6035790.0,-109957.0,-2.0,2430390.0,0.4026631145,35349071.0,8124256.0,6571122.0,6937500.0,27224815.0,3090007.0,-52116988.0,1536047916.0,1558276769.0,1.4597817116533232,0.9471887567567567,0.6339537749096716,2.7583666738221937,-0.0036577087881061224,1.4597817116533232,-1.3707732745004588,254.48995342780316,-34.482245834041585,189.06936413623598,0.0,1.1667934732833938,0.0,0.1707481930713257,0.45851315315315316,-0.3150440078043352,1732.8454397465794,0.40266311452187703,-8.090909090909092,0.4568574220330724,21.146697455705553,-0.37522156379674076,-0.015596046004386578,-7.914052513325238,-3.6966085767982233,-0.20105715736730764,131.6295632525502,4.14768623935532,Engineering & Construction,Industrials,OIG
2009Q1,2009,Q1,2009-05-08,2009-03-31,-1249321.0,6125050.0,-23412.0,-0.22,2468895.0,0.4030816075,47097636.0,8269895.0,7226287.0,7298086.0,38827741.0,3629464.0,-51834801.0,466431672.0,501829949.0,1.4893310675523768,0.9901619410897597,0.7551794744007958,4.300800433379142,0.04772015089263442,1.4893310675523768,-0.15106854440110787,76.15148806948515,-93.33703507745408,56.401160111464534,0.0,1.0073539784386896,0.0,0.1300500517690527,0.44097192058301315,-0.026526193374121793,-1022.5961567552754,0.40308160749708166,0.5510204081632654,0.8309743948706337,28.683829818624186,-0.3913096186759321,-0.0015073068184299906,0.5388582790951247,0.9180435756693178,0.9156804538454782,86.71634161208242,-0.5320276835660304,Engineering & Construction,Industrials,OIG
2008Q4,2008,Q4,2009-03-31,2008-12-31,-2709191.0,6554989.0,-285664.0,-0.49,2472622.0,0.3772122272,48139752.0,9467499.0,7931439.0,7765443.0,38672253.0,4077367.0,-50548086.0,666330960.0,700609628.0,1.705008394026896,1.021376243441617,0.7245128308928555,3.6839579280652686,-0.024510883216465367,1.705008394026896,-0.2861569882394495,101.65249095002295,-61.48800139967983,70.38088517358175,0.0,1.001226281568473,0.0,0.13616582403665062,0.47229140694226973,-0.0562776268560752,617.7727836588473,0.3772122272058733,-11.189054726368159,0.7573273093122738,31.702793444747442,17.56112161249135,-0.28938781445732026,-11.468949487976067,-1.3733413491384099,0.5752929332445645,70.23964687847668,2.284631249019281,Engineering & Construction,Industrials,OIG
2008Q3,2008,Q3,2008-11-14,2008-09-30,-217275.0,8543847.0,765155.0,-0.0402,3479566.0,0.4072598678,47141653.0,9132944.0,8027397.0,7664656.0,38008709.0,3293041.0,-48265244.0,1231142316.0,1266725842.0,1.6913651695162755,1.0473264553555959,0.7611208923878846,3.9286890404671264,-0.0042713046391025635,1.6913651695162755,-0.023790247701069887,144.09695257885588,-1416.571529168105,134.80235026077025,0.0,1.5378736553841874,0.0,0.18123774743325186,0.5644687772027864,-0.004608981360920882,3520.5369013134004,0.40725986783237106,-1.0591176470588235,0.9765453601311611,6.959897289339525,1.5667635922668581,0.987261663054311,-1.0456224016858504,44.312294803577494,0.9595793296093461,100.54304301675063,3.469279543543936,Engineering & Construction,Industrials,OIG
2008Q2,2008,Q2,2008-08-14,2008-06-30,4762463.0,4396454.0,-17666.0,0.68,1750935.0,0.3982607347,47176108.0,-1618744.0,8038021.0,17112337.0,48794852.0,2926428.0,-47948442.0,1410569688.0,1445883848.0,-0.30296157618835773,0.46972082188423475,0.756153580960939,-22.037075040895903,-0.0008895138496567247,-0.30296157618835773,-2.9420729899230516,320.8425899599996,74.04622818067038,-871.3976317441177,0.0,0.9040095980492259,0.0,0.09319238458585859,0.28920310533856364,0.10095073972613425,-1084.942608179317,0.39826073467389855,3.8333333333333335,2.1929211935382824,2.2574810266313854,0.9446668350842454,82.67436328015673,4.975268421390908,0.9817239642010674,2.014382147844013,57.88779524810745,-0.9919564956800181,Engineering & Construction,Industrials,OIG
2008Q1,2008,Q1,2008-05-15,2008-03-31,-1198023.0,60645.0,-966621.0,-0.24,-21438.0,-0.3534998763,5128591.0,1653738.0,133139.0,2374853.0,3474853.0,12420.0,-49915742.0,1148819760.0,1151600954.0,0.31093424785799295,0.05606199625829472,0.5493894911877356,1.7037729071956984,-0.2635655060578955,0.31093424785799295,-0.7244333745732395,18943.35493445461,-239.73240914406483,694.6806326032298,0.0,6.608937198067633,0.0,0.01182488523651038,0.02799668021557545,-0.2335969080006575,-1742.645322864697,-0.35349987632945834,0.3142857142857143,0.8290163667756985,-0.9646235142295019,1.0559034764863175,0.9808316136208383,0.3476017746198002,0.546571141892567,0.5604969228602708,0.21810545346430793,-0.279279943043221,Engineering & Construction,Industrials,OIG
2007Q4,2007,Q4,2008-04-01,2007-12-31,-1836337.0,12063.0,-2131803.0,-0.35,-1118404.0,-92.7135870016,5305354.0,2071303.0,158149.0,2134051.0,3234051.0,88350.0,-48717719.0,1723229640.0,1725881835.0,0.3894444225088886,0.07410741355290947,0.5079461238590299,1.301033214358305,-0.4585640504881482,0.3894444225088886,-0.8865612611964546,142852.494404377,-234.60149743756185,831.9543977872866,0.0,12.795325410299943,0.0,0.0022737408286044626,0.023260456287127158,-0.3461290236240598,-2403.0032003235187,-92.71358700157506,-1.3333333333333333,0.931405494690208,-0.9904571356865672,1.0733080016039653,-110.01686324203139,-1.3950024584701142,-2.2387540886971924,0.5977324295069877,-0.390902826705707,-0.5747236252377278,Engineering & Construction,Industrials,OIG
2007Q3,2007,Q3,2007-11-14,2007-09-30,-766737.0,20531.0,-658217.0,-0.15,10259.0,0.4996834056,6578172.0,3397372.0,1410546.0,2080800.0,3180800.0,1088305.0,-46540734.0,2415720480.0,2418242631.0,0.6750526700009597,0.6778863898500577,0.4009682325120109,0.7763759753126829,-0.12439552948577448,0.6750526700009597,-0.22568532383265655,117662.09536798013,-787.6626796411286,711.0556277028244,0.0,0.00943853055898852,0.0,0.0031210798379853856,0.0813994617454825,-0.11655776103148413,-3856.11403669798,0.49968340558180313,0.6153846153846154,0.8973476419038443,-0.9810667547536827,1.4073071454223167,1.0097577724999929,0.6024171167583443,0.6099293007709949,0.8636943876354265,-0.9186383020727876,-0.7684718832488548,Engineering & Construction,Industrials,OIG
2007Q2,2007,Q2,2007-08-14,2007-06-30,-1928496.0,75271.0,-1687430.0,-0.39,-1051367.0,-13.9677565065,6615409.0,3594211.0,1369832.0,2221198.0,3021198.0,1094889.0,-45788033.0,2394516480.0,2396854026.0,0.7204883718319617,0.6167086410126428,0.35571164231871377,0.6547133710291355,-0.3084884983476786,0.7204883718319617,-0.5365561454238497,31811.93925947576,-310.4124250192896,666.2147770400792,0.0,1.0289974600164948,0.0,0.01137813247827912,0.03935128700818207,-0.29151576266864226,-2915.164937910884,-13.967756506489883,-0.7727272727272728,0.5276422214220833,-0.9808363725519479,1.6152659805775913,-572.8902838427948,-0.9784498810465442,-1.1006564279018582,0.8950693286017404,-0.6918787678992819,-0.6916349926414831,Engineering & Construction,Industrials,OIG
2007Q1,2007,Q1,2007-05-15,2007-03-31,-974751.0,49393.0,-803287.0,-0.22,-1832.0,-0.037090276,7700794.0,5355023.0,2369624.0,1837231.0,2345771.0,2182702.0,-43945803.0,1477271700.0,1478764947.0,1.0874823500646495,1.2897801093057977,0.19985978069274415,0.28740847611672254,-0.13816352458671707,1.0874823500646495,-0.1820255487231334,29908.523474986334,-378.8843766254151,275.8665462314541,0.0,0.023468618253888986,0.0,0.0064140139315504345,0.0328695738314888,-0.1265779866335861,-1836.0826420806932,-0.037090275950033405,0.12,0.9339990475912711,-0.9859556053039683,2.0334484318975963,0.9974060140262145,0.22074031792323412,0.6366307302379421,0.8512894527776732,-0.7300736247860075,-0.555545398356658,Engineering & Construction,Industrials,OIG
