Quarters,Year,Quarter,FillingDate,Date,NetIncome,Revenue,OperatingIncome,EPSDiluted,GrossProfit,GrossProfitRatio,TotalAssets,CommonStockEquity,CurrentAssets,CurrentLiability,TotalLiability,Inventory,RetainedEarnings,MarketCap,EnterpriseValue,bookValuePerShare,currentRatio,debtToAssets,debtToEquity,roic,shareholdersEquityPerShare,roe,priceToSalesRatio,peRatio,pbRatio,payoutRatio,inventoryTurnover,dividendYield,assetTurnover,quickRatio,returnOnAssets,priceToFreeCashFlowsRatio,grossProfitMargin,epsdilutedGrowth,fiveYNetIncomeGrowthPerShare,fiveYRevenueGrowthPerShare,fiveYShareholdersEquityGrowthPerShare,grossProfitGrowth,netIncomeGrowth,operatingIncomeGrowth,threeYNetIncomeGrowthPerShare,threeYRevenueGrowthPerShare,threeYShareholdersEquityGrowthPerShare,Industry,Sector,Symbol
2023Q3,2023,Q3,2023-05-11,2023-04-01,80300000.0,13771300000.0,168800000.0,0.51,1511900000.0,0.1097862947,12189500000.0,3581700000.0,5833000000.0,3456900000.0,8607800000.0,3247300000.0,716900000.0,9322530000.0,14024130000.0,23.18252427184466,1.6873499378055483,0.3863817219738299,1.314962168802524,0.012804029143443337,23.18252427184466,0.022419521456291704,0.6769535192755949,29.02406600249066,2.602822681966664,0.0,3.7752594463092417,0.0,1.1297674227819026,0.6810147820301427,0.006587636900611182,60.6935546875,0.10978629468532383,0.10869565217391301,0.5838994362978116,1.1047839322903412,1.2431178092316248,0.008202187249933315,0.12939521800281295,0.17222222222222222,2.498457550435525,0.47566719980798955,0.4737025905587955,Food Distribution,Consumer Defensive,PFGC
2023Q2,2023,Q2,2023-02-08,2022-12-31,71100000.0,13898900000.0,144000000.0,0.46,1499600000.0,0.1078934304,12189600000.0,3496500000.0,5807800000.0,3396000000.0,8693100000.0,3344300000.0,636600000.0,8997899000.0,13829199000.0,22.689811810512655,1.710188457008245,0.3968464920916191,1.3834977834977835,0.01121265454690095,22.689811810512655,0.020334620334620336,0.6473820949859341,31.638182137834036,2.573401687401687,0.0,3.707592022246808,0.0,1.1402260943755333,0.6619257950530035,0.005832841110454814,177.8240909090909,0.10789343041535661,-0.2580645161290322,-0.40019467878001297,1.121424839800903,1.265629657888708,-0.04793346454193385,-0.25705329153605017,-0.24686192468619247,0.16803015315990746,0.5501495095133698,0.7167554384015016,Food Distribution,Consumer Defensive,PFGC
2023Q1,2023,Q1,2022-11-09,2022-10-01,95700000.0,14719300000.0,191200000.0,0.62,1575100000.0,0.1070091648,12168600000.0,3400700000.0,5867700000.0,3573400000.0,8767900000.0,3335000000.0,565500000.0,6605710000.0,11347210000.0,22.111183355006503,1.6420495886270778,0.39052150617162207,1.3973887728996972,0.015243208992295695,22.111183355006503,0.028141265033669538,0.4487788142099149,17.256295715778474,1.942455964948393,0.0,3.941289355322339,0.0,1.2096132669329258,0.6489617731012481,0.00786450372269612,23.951087744742566,0.10700916483800181,0.2653061224489796,1.7780389426562482,1.212318694577422,1.3499245844956351,0.05732697858629254,0.25921052631578945,3.7209876543209877,0.7925931796159348,0.5943028623788162,0.7249741721706372,Food Distribution,Consumer Defensive,PFGC
2022Q4,2022,Q4,2022-08-19,2022-07-02,76000000.0,14590000000.0,40500000.0,0.49,1489700000.0,0.1021041809,12378000000.0,3299500000.0,6022000000.0,3633000000.0,9078500000.0,3428600000.0,469800000.0,7261956000.000001,12247556000.0,21.509126466753585,1.6575832645196806,0.4037162708030376,1.5145325049249887,0.0028224326211150497,21.509126466753585,0.023033792998939234,0.49773516106922555,23.88801315789474,2.2009262009395365,0.0,3.8208889925917284,0.0,1.1787041525286799,0.6476740985411505,0.006139925674583939,-38.463750000000005,0.10210418094585333,2.2666666666666666,0.23375559528573453,1.1605102225182513,1.338129803242477,0.107089774078478,2.247863247863248,-0.4096209912536443,-0.18629214595745383,0.6735609261501606,0.7198022856640133,Food Distribution,Consumer Defensive,PFGC
2022Q3,2022,Q3,2022-05-11,2022-04-02,23400000.0,13079000000.0,68600000.0,0.15,1345600000.0,0.1028824834,11979600000.0,3204500000.0,5568400000.0,3503900000.0,8775100000.0,3085300000.0,393800000.0,7806036000.0,12611636000.0,20.90345727332029,1.5892006050400982,0.40229223012454507,1.5039163676080511,0.005175722558262506,20.90345727332029,0.007302231237322515,0.5968373728878354,83.39782051282052,2.4359606802933373,0.0,3.8030013288821185,0.0,1.0917726802230459,0.6441393875395988,0.001953320645096664,47.453106382978724,0.10288248337028826,1.7573529411764706,-0.2641103400195695,1.0201392339780246,1.3800849479906538,0.05223647169221145,1.7857142857142858,0.18685121107266436,-0.5094666561649894,0.8886414012225807,0.7580447779700582,Food Distribution,Consumer Defensive,PFGC
2022Q2,2022,Q2,2022-02-09,2022-01-01,8400000.0,12838800000.0,57800000.0,0.0544,1278800000.0,0.0996043244,11956400000.0,3160900000.0,5511000000.0,3393500000.0,8795500000.0,3190900000.0,370400000.0,7016581000.0,11963781000.0,20.672988881621976,1.6239870340356564,0.4145729483791108,1.5681609668132495,0.004615394267716824,20.672988881621976,0.002657470973456927,0.5465137707573916,208.8268154761905,2.219804802429688,0.0,3.6228023441662227,0.0,1.073801478705965,0.6232208634153529,0.0007025526078083704,90.0716431322208,0.09960432439168769,0.8133333333333334,-0.7598265060075798,1.0747114601605738,1.4245861637795498,0.11949575418016282,0.7872340425531915,0.1991701244813278,-0.8675627732363782,0.8901441298829755,0.7823612520127153,Food Distribution,Consumer Defensive,PFGC
2022Q1,2022,Q1,2021-11-10,2021-10-02,4700000.0,10386300000.0,48200000.0,0.03,1142300000.0,0.1099814178,11581700000.0,3123500000.0,5348800000.0,3261300000.0,8458200000.0,2864000000.0,362000000.0,6822948000.0,11550348000.0,22.35862562634216,1.6400821758194586,0.411209062572852,1.5247318712982232,0.0045873714649052105,22.35862562634216,0.0015047222666880102,0.6569180555154386,362.9227659574468,2.1843918680966867,0.0,3.227653631284916,0.0,0.896785446005336,0.6969919970563886,0.00040581261818213214,922.02,0.10998141782925584,-0.8695652173913043,-0.7243699761784621,0.8365922435576366,1.7233188556272265,0.07167651749695093,-0.8503184713375797,-0.40198511166253104,-0.876521116678597,0.6950310273909129,0.9858557902054523,Food Distribution,Consumer Defensive,PFGC
2021Q4,2021,Q4,2021-08-24,2021-07-03,31400000.0,9304400000.0,80600000.0,0.23,1065900000.0,0.1145587034,7845700000.0,2106100000.0,3580400000.0,2527200000.0,5739600000.0,1839400000.0,357300000.0,6349077000.0,9337177000.0,15.91912320483749,1.4167458056346944,0.3822730922671017,1.4240539385594226,0.009831192683358867,15.91912320483749,0.014909073643226817,0.6823736081853746,50.54997611464968,3.014613266226675,0.0,4.4789061650538216,0.0,1.1859234994965395,0.6492165242165242,0.00400219228367131,-35.5889966367713,0.11455870340913976,5.006968641114982,-0.18854594135371033,0.6055948513771873,0.9796515965266689,0.2800528401585205,5.131578947368421,2.4444444444444446,-0.6200358680394172,0.578083697308021,0.4456633510250553,Food Distribution,Consumer Defensive,PFGC
2021Q3,2021,Q3,2021-05-05,2021-03-27,-7600000.0,7202500000.0,23400000.0,-0.0574,832700000.0,0.1156126345,7449800000.0,2057700000.0,3179100000.0,2312000000.0,5392100000.0,1541800000.0,325900000.0,7595343000.0,10399343000.0,15.55328798185941,1.3750432525951557,0.39001047007973366,1.4120134130339699,0.0025696763167279224,15.55328798185941,-0.003693444136657433,1.054542589378688,-249.8468092105263,3.6911809301647467,0.0,4.131404851472305,0.0,0.966804477972563,0.6636245674740484,-0.0010201616150769149,47.0008849009901,0.11561263450190906,-1.4415384615384617,-1.6092752040012224,0.3884628099245066,1.0143360066813598,0.026630501787695722,-1.4318181818181819,-0.6157635467980296,-1.1750629694673782,0.28553672202093594,0.5049205537374802,Food Distribution,Consumer Defensive,PFGC
2021Q2,2021,Q2,2021-02-03,2020-12-26,17600000.0,6845200000.0,60900000.0,0.13,811100000.0,0.1184917899,7493700000.0,2046900000.0,3221200000.0,2039500000.0,5446800000.0,1477700000.0,333500000.0,6332040000.0,9254140000.0,15.506818181818181,1.5794067173326796,0.4455475933117152,1.631149543211686,0.007047789369571217,15.506818181818181,0.008598368264204407,0.9250336001869923,89.94375,3.0934779422541405,0.0,4.083440481829871,0.0,0.9134606402711611,0.811032115714636,0.002348639523866715,96.82018348623853,0.1184917898673523,25.528301886792452,-0.24489273904761907,0.3198828163740179,1.0325976315181973,-0.00539546290619252,26.142857142857142,0.7011173184357542,-0.8266666666666667,0.21972540229133683,0.5483912985094667,Food Distribution,Consumer Defensive,PFGC
2021Q1,2021,Q1,2020-11-04,2020-09-26,-700000.0,7046800000.0,35800000.0,-0.0053,815500000.0,0.1157262871,7739900000.0,2020700000.0,3468900000.0,2287900000.0,5719200000.0,1523900000.0,315900000.0,4442241000.0,7374941000.0,15.343204252088078,1.5161938895930767,0.43280920942131035,1.657791854307913,0.002067383843717001,15.343204252088078,-0.00034641460879893105,0.6303912414145427,-1586.514642857143,2.198367397436532,0.0,4.089047837784632,0.0,0.910451039419114,0.8153328379736876,-9.044044496698923e-05,-25.707413194444445,0.1157262871090424,0.9955084745762711,-1.037852971607105,0.1832669660048672,1.6371962601752776,0.276013143483023,0.9953703703703703,1.1586879432624113,-1.0237298499539715,0.2368671023121512,0.6306396766754656,Food Distribution,Consumer Defensive,PFGC
2020Q4,2020,Q4,2020-08-18,2020-06-27,-151200000.0,5774000000.0,-225600000.0,-1.18,639100000.0,0.110685833,7719700000.0,2010600000.0,3453900000.0,2618700000.0,5709100000.0,1549400000.0,316600000.0,3557488000.0,6156488000.0,15.75705329153605,1.318936877076412,0.3911680505719134,1.501889983089625,-0.022851219753069744,15.75705329153605,-0.07520143240823635,0.6161219258746103,-5.8820899470899475,1.7693663583010046,0.0,3.3141215954563057,0.0,0.7479565268080366,0.7010348646274869,-0.01958625335181419,6.478761609907121,0.11068583304468306,-2.3714285714285714,-4.027252133720798,-0.006253807406579942,1.796637247483579,-0.20854489164086687,-2.7611940298507465,-7.91699604743083,-3.9508152509388865,0.027903863495333556,0.7128559808863801,Food Distribution,Consumer Defensive,PFGC
2020Q3,2020,Q3,2020-05-05,2020-03-28,-40200000.0,7000700000.0,-25300000.0,-0.35,807500000.0,0.1153456083,7870800000.0,1823200000.0,3585900000.0,2045300000.0,6047600000.0,1803100000.0,467800000.0,2984425000.0,6452825000.0,15.730802415875756,1.7532391336234294,0.48794277582964884,2.106461167178587,-0.002660880225855375,15.730802415875756,-0.02204914436156209,0.4263037981916094,-18.559856965174127,1.636915862220272,0.0,3.4347512617159337,0.0,0.8894521522589826,0.8196841539138513,-0.005107485897240433,-15.51963078523141,0.11534560829631323,-1.8974358974358974,-11.390464015352117,0.3825452644143211,1.9879644353952053,0.13540494938132733,-1.9757281553398058,-1.3142857142857143,-2.6721745728247166,0.4302335116921826,0.7911221842535838,Food Distribution,Consumer Defensive,PFGC
2020Q2,2020,Q2,2020-02-05,2019-12-28,41200000.0,6068600000.0,80500000.0,0.39,711200000.0,0.1171934219,6111100000.0,1378500000.0,3732600000.0,1823100000.0,4732600000.0,1349400000.0,508000000.0,5334945000.0,8092745000.0,13.216682646212847,2.047391805167023,0.4533553697370359,2.009793253536453,0.012910145565920081,13.216682646212847,0.029887558940877766,0.8791063836799262,32.3722390776699,3.8701088139281827,0.0,3.9702089817696753,0.0,0.9930454419008035,0.6816960122867644,0.006741830439691708,112.551582278481,0.11719342187654484,0.14705882352941171,1.6809780689717164,0.3328121350892506,0.0,-0.000281135788585887,0.14127423822714683,0.2677165354330709,0.7268959981913108,0.4376228337620338,0.5500896391213436,Food Distribution,Consumer Defensive,PFGC
2020Q1,2020,Q1,2019-11-06,2019-09-28,36100000.0,6243000000.0,63500000.0,0.34,711400000.0,0.1139516258,6163000000.0,1333100000.0,3769700000.0,1823000000.0,4829900000.0,1411200000.0,466800000.0,4735120000.0,7511520000.0,12.81826923076923,2.067855183763028,0.4530910270971929,2.0946665666491637,0.010544002160730453,12.81826923076923,0.027079738954317006,0.7584686849271184,32.79168975069252,3.551961593278824,0.0,3.9197845804988662,0.0,1.0129806912218076,0.6817882611080637,0.005857536913840662,77.11921824104235,0.11395162582091943,-0.4333333333333333,3.568990451777389,0.41036132726165403,0.0,0.01614055134980717,-0.4287974683544304,-0.3681592039800995,1.8437992373896592,0.48288777515100006,0.5612871236384259,Food Distribution,Consumer Defensive,PFGC
2019Q4,2019,Q4,2019-08-16,2019-06-29,63200000.0,5899100000.0,100500000.0,0.6,700100000.0,0.1186791205,4653500000.0,1298200000.0,2670600000.0,1699300000.0,3355300000.0,1356900000.0,430700000.0,4155114000.0,5490514000.0,12.506743737957612,1.5715883010651446,0.2901257118298055,1.0399784316746263,0.02734151779516719,12.506743737957612,0.04868279155754121,0.704364055533895,16.436368670886075,3.2006732398705897,0.0,3.8315277470705285,0.0,1.2676694960782207,0.7308891896663332,0.013581175459331686,381.20311926605507,0.11867912054381177,0.9354838709677419,3.297511577227548,0.36678468660371394,1.523774617019467,0.15776418058541425,0.9566563467492261,0.6976351351351351,1.0816794631403912,0.29746557325286577,0.5552989250484576,Food Distribution,Consumer Defensive,PFGC
2019Q3,2019,Q3,2019-05-08,2019-03-30,32300000.0,4689000000.0,59200000.0,0.31,604700000.0,0.128961399,4222800000.0,1234200000.0,2325200000.0,1598800000.0,2988600000.0,1128300000.0,367500000.0,4114632000.0,5291832000.0,11.890173410404625,1.454340755566675,0.2805958132045089,0.9600550964187328,0.017079714953405843,11.890173410404625,0.026170798898071626,0.8775073576455534,31.846996904024767,3.3338454059309672,0.0,3.619870601790304,0.0,1.1104006820119352,0.7106579934951214,0.007648953301127214,26.124647619047618,0.1289613990189806,-0.2439024390243902,8.32175092120125,0.033961116586953076,1.2584617327032188,-0.016108037748128863,-0.2505800464037123,-0.18904109589041096,2.3003874309228056,0.15210936835097838,0.5399190482551584,Food Distribution,Consumer Defensive,PFGC
2019Q2,2019,Q2,2019-02-06,2018-12-29,43100000.0,4615700000.0,73000000.0,0.41,614600000.0,0.1331542345,4166500000.0,1205100000.0,2293500000.0,1458200000.0,2961400000.0,1140900000.0,335200000.0,3293630000.0,4584230000.0,11.598652550529355,1.5728295158414483,0.3115564622584903,1.0771720189195917,0.021387939480757685,11.598652550529355,0.035764666832627995,0.7135710726433694,19.104582366589327,2.733076093270268,0.0,3.5069681830134103,0.0,1.1078123124924997,0.7548347277465368,0.010344413776551062,1266.7807692307692,0.1331542344606452,0.5185185185185184,1.8154127715200914,0.017622639246575398,0.0,0.03537735849056604,0.5283687943262412,0.4426877470355731,1.3492629653787982,0.13069426820622998,0.5203243777405431,Food Distribution,Consumer Defensive,PFGC
2019Q1,2019,Q1,2018-11-07,2018-09-29,28200000.0,4539700000.0,50600000.0,0.27,593600000.0,0.130757539,4086900000.0,1165300000.0,2263100000.0,1474700000.0,2921600000.0,1115500000.0,292100000.0,3446549999.9999995,4671550000.0,11.258937198067633,1.534617210280057,0.3018424722895104,1.0586115163477217,0.016394022728191855,11.258937198067633,0.024199776881489745,0.7592021499218009,30.554521276595743,2.9576503904573928,0.0,3.5375168086060063,0.0,1.1107930216056179,0.7305892723943853,0.006900095426851648,472.1301369863013,0.13075753904443024,-0.5573770491803278,2.5863704409310495,0.03052183818855213,0.0,-0.029748283752860413,-0.562111801242236,-0.4605543710021322,0.9404232625326682,-0.030018673084118385,0.9351907583614062,Food Distribution,Consumer Defensive,PFGC
2018Q4,2018,Q4,2018-08-16,2018-06-30,64400000.0,4594700000.0,93800000.0,0.61,611800000.0,0.1331534159,4000900000.0,1135300000.0,2203500000.0,1470000000.0,2865600000.0,1051900000.0,264800000.0,3783770000.0000005,4960470000.0,11.011639185257032,1.4989795918367348,0.2959834037341598,1.0430723156874835,0.03232320205559624,11.011639185257032,0.056725094688628554,0.8235075195333755,14.688548136645963,3.3328371355588833,0.0,3.786386538644358,0.0,1.1484166062635908,0.73,0.016096378314879152,53.67049645390072,0.13315341589222365,0.9062499999999999,3.4088419732784527,0.07179121921991916,1.222072831250555,0.09504206192947914,0.9109792284866469,0.5607321131447587,0.5957861051916148,-0.021303877461481106,0.9543984355172216,Food Distribution,Consumer Defensive,PFGC
2018Q3,2018,Q3,2018-05-09,2018-03-31,33700000.0,4349200000.0,60100000.0,0.32,558700000.0,0.1284604065,3932500000.0,1061400000.0,2183600000.0,1447100000.0,2871100000.0,1054400000.0,200900000.0,3065595000.0,4311995000.0,10.334956183057448,1.5089489323474534,0.3188556897647807,1.1813642359148295,0.019074786627447906,10.334956183057448,0.03175051818353119,0.7048641129403108,22.741802670623148,2.888256076879593,0.0,3.5949355083459786,0.0,1.1059631277813096,0.7447999447170203,0.008569612205975843,18.888447319778187,0.12846040651154236,-0.5733333333333334,8.829960728267803,-0.030695423104052544,0.9630582534797082,-0.015680056377730796,-0.5679487179487179,0.2240325865580448,8.829960728267803,-0.030695423104052544,0.9630582534797082,Food Distribution,Consumer Defensive,PFGC
2018Q2,2018,Q2,2018-02-07,2017-12-30,78000000.0,4311100000.0,49100000.0,0.75,567600000.0,0.1316601331,3882600000.0,1015500000.0,2140000000.0,1280100000.0,2867100000.0,1043400000.0,167200000.0,3356340000.0,4759340000.0,10.014792899408285,1.671744394969143,0.36395714212125896,1.391531265386509,0.04523191721300148,10.014792899408285,0.07680945347119646,0.778534480758971,10.7575,3.3051107828655835,0.0,3.5877899175771515,0.0,1.110364188945552,0.8163424732442778,0.0200896306598671,-621.5444444444445,0.13166013314467306,2.409090909090909,4.2207993389423075,-0.026098856428979182,0.0,0.023255813953488372,2.4513274336283186,-0.027722772277227723,4.2207993389423075,-0.026098856428979182,0.0,Food Distribution,Consumer Defensive,PFGC
2018Q1,2018,Q1,2017-11-08,2017-09-30,22600000.0,4364900000.0,50500000.0,0.22,554700000.0,0.1270819492,3883300000.0,949400000.0,2132800000.0,1375200000.0,2933900000.0,1034000000.0,89200000.0,2850425000.0,4207325000.0,9.409316154608524,1.5509016870273415,0.3511961476064172,1.4364862018116706,0.013345591055448811,9.409316154608524,0.02380450811038551,0.6530332882769365,31.53125,3.0023435854223717,0.0,3.6849129593810446,0.0,1.1240182319161538,0.7747963932518906,0.00581979244457034,-5700.85,0.12708194918554835,-0.4358974358974359,1.9482456116166627,0.016373954870520433,0.0,-0.03513654548617151,-0.4405940594059406,-0.3796068796068796,1.9482456116166627,0.016373954870520433,0.0,Food Distribution,Consumer Defensive,PFGC
2017Q4,2017,Q4,2017-08-25,2017-07-01,40400000.0,4428900000.0,81400000.0,0.39,574900000.0,0.1298064982,3804100000.0,925500000.0,2084900000.0,1383300000.0,2878600000.0,1013300000.0,66600000.0,2756594152.4,4046094152.4,9.199286727762123,1.507192944408299,0.34110564916800296,1.402052944354403,0.02156174045999726,9.199286727762123,0.04365207995678012,0.6224105652419337,17.058132131188117,2.978491790815775,0.0,3.803414586006119,0.0,1.1642438421702899,0.7493674546374611,0.010620120396414395,41.70339111043873,0.12980649822755086,0.95,1.8343692515687828,0.058730212021038244,0.8563526066139349,0.10260836210203299,0.9423076923076923,0.7430406852248393,1.8343692515687828,0.058730212021038244,0.8563526066139349,Food Distribution,Consumer Defensive,PFGC
2017Q3,2017,Q3,2017-05-10,2017-04-01,20800000.0,4235000000.0,46700000.0,0.2,521400000.0,0.1231168831,3746300000.0,880700000.0,2080500000.0,1375100000.0,2865600000.0,1000200000.0,26200000.0,2386598097.8,3693298097.8,8.782651766680713,1.512980874118246,0.3508261484664869,1.4923356421028726,0.013146008308825093,8.782651766680713,0.023617576927444078,0.5635414634710745,28.685073290865386,2.709887700465539,0.0,3.712857428514297,0.0,1.130448709393268,0.760381063195404,0.005552144782852414,23.67656843055556,0.12311688311688311,-0.09090909090909087,5.213743579296302,-0.03334297993160511,0.6682080439087313,0.008120649651972157,-0.09170305676855896,-0.08966861598440545,5.213743579296302,-0.03334297993160511,0.6682080439087313,Food Distribution,Consumer Defensive,PFGC
2017Q2,2017,Q2,2017-02-08,2016-12-31,22900000.0,4051800000.0,51300000.0,0.22,517200000.0,0.1276469717,3632900000.0,853600000.0,2019700000.0,1250700000.0,2779300000.0,985100000.0,5400000.0,2402702496.0,3743802496.0,8.526398933744646,1.6148556808187415,0.372374686889262,1.584817244611059,0.013641991465757237,8.526398933744646,0.02682755388940956,0.592996321634829,26.23037659388646,2.8147873664479848,0.0,3.5880621256725207,0.0,1.115307330232046,0.8009914447909171,0.006303504087643481,522.3266295652174,0.12764697171627426,0.8333333333333334,0.552483804340086,-0.07290556063199831,0.0,0.011539213768824564,0.8770491803278688,0.6234177215189873,0.552483804340086,-0.07290556063199831,0.0,Food Distribution,Consumer Defensive,PFGC
2017Q1,2017,Q1,2016-11-08,2016-10-01,12200000.0,4046100000.0,31600000.0,0.12,511300000.0,0.1263686019,3528100000.0,820600000.0,2002100000.0,1252600000.0,2707500000.0,952800000.0,-17500000.0,2478772003.2000003,3736472003.2000003,8.210065295931933,1.5983554207248922,0.3590034296080043,1.543504752620034,0.009337484725951169,8.210065295931933,0.014867170363148916,0.6126324122488322,50.79450826229508,3.020682431391665,0.0,3.7099076406381193,0.0,1.146821235225759,0.8100750439086699,0.0034579518721124685,-22.534290938181822,0.1263686018635229,-0.5862068965517241,0.6066501431272953,-0.048908925614388296,0.0,-0.08907892392659897,-0.5821917808219178,-0.5269461077844312,0.6066501431272953,-0.048908925614388296,0.0,Food Distribution,Consumer Defensive,PFGC
2016Q4,2016,Q4,2016-08-30,2016-07-02,29200000.0,4372900000.0,66800000.0,0.29,561300000.0,0.1283587551,3455400000.0,802800000.0,1938900000.0,1316700000.0,2652600000.0,919700000.0,-29200000.0,2687522073.36,3822122073.36,8.041376185975276,1.4725449988607884,0.331510100133125,1.4268809167912306,0.020206117816119935,8.041376185975276,0.036372695565520675,0.6145857607903222,23.009606792465757,3.347685691778774,0.0,4.144394911384147,0.0,1.2655264224112983,0.7436014278119542,0.008450541181918157,40.968324289024395,0.12835875505957145,2.2222222222222223,1.0644444321626656,0.05342655310464906,0.6226942463429244,0.16742928452579034,2.106382978723404,0.776595744680851,1.0644444321626656,0.05342655310464906,0.6226942463429244,Food Distribution,Consumer Defensive,PFGC
2016Q3,2016,Q3,2016-05-04,2016-03-26,9400000.0,3909100000.0,37600000.0,0.09,480800000.0,0.1229950628,3440100000.0,769800000.0,1945100000.0,1270000000.0,2670300000.0,899100000.0,-58400000.0,2290069192.99,3493469192.99,7.721297703198792,1.5315748031496064,0.3529257870410744,1.5771628994544038,0.0112973546597113,7.721297703198792,0.012210963886723825,0.5858302916246706,60.90609555824468,2.9748885333723045,0.0,3.8130352574797017,0.0,1.136333246126566,0.7793700787401575,0.002732478707014331,27.995955904523225,0.12299506280217953,-0.4705882352941177,1.8244414076546276,-0.10254951049754216,0.4666106866216261,-0.012325390304026294,-0.46285714285714286,-0.30111524163568776,1.8244414076546276,-0.10254951049754216,0.4666106866216261,Food Distribution,Consumer Defensive,PFGC
2016Q2,2016,Q2,2016-02-03,2015-12-26,17500000.0,3893900000.0,53800000.0,0.17,486800000.0,0.1250160507,3412300000.0,756100000.0,1935700000.0,1213600000.0,2656200000.0,911600000.0,-67800000.0,2446972273.32,3695372273.32,7.629064376226669,1.5950065919578114,0.3684904609793981,1.663007538685359,0.015577535258340559,7.629064376226669,0.02314508662875281,0.6284116883638512,34.956746761714285,3.236307728237006,0.0,3.7374945151382186,0.0,1.141136476863113,0.8016644693473962,0.005128505699967764,214.64669064210528,0.12501605074603866,0.21428571428571425,0.198423851655164,-0.10000194759900488,0.0,0.011847848680108086,0.4344262295081967,0.22272727272727272,0.198423851655164,-0.10000194759900488,0.0,Food Distribution,Consumer Defensive,PFGC
2016Q1,2016,Q1,2015-11-04,2015-09-26,12200000.0,3928900000.0,44000000.0,0.14,481100000.0,0.1224515768,3404700000.0,505500000.0,1918400000.0,1223000000.0,2899200000.0,916300000.0,-85300000.0,1650825412.0,3136525412.0,5.817998638853035,1.5686017988552738,0.4397450583017593,2.9618199802176064,0.012657654768596944,5.817998638853035,0.024134520276953512,0.4201749629667337,33.82838959016394,3.265727818001978,0.0,3.7627414602204516,0.0,1.153963638499721,0.780130825838103,0.0035832819337973977,-37.862968165137616,0.122451576777215,-0.641025641025641,0.8482413142429904,0.062414099728252494,0.0,-0.01812920040083023,-0.6437956204379562,-0.44031749262236697,0.8482413142429904,0.062414099728252494,0.0,Food Distribution,Consumer Defensive,PFGC
2015Q4,2015,Q4,2015-06-30,2015-06-30,34250000.0,3984361000.0,78616000.0,0.39,489983000.0,0.1229765576,3390900000.0,493000000.0,1900300000.0,1277000000.0,2897900000.0,882600000.0,-97500000.0,1662500000.0,3095800000.0,5.634285714285714,1.4880971025841816,0.42540328526349935,2.9259634888438133,0.023749519064384467,5.634285714285714,0.06947261663286004,0.4172563680851208,12.135036496350367,3.372210953346856,0.0,3.9591864944482213,0.0,1.1750157775221917,0.7625685199686766,0.010100563272287593,25.92026692028251,0.1229765575960612,12.0,1.7628025829621186,0.09512155462507851,0.13695999283917504,0.08499335695305581,10.810344827586206,1.900959409594096,1.7628025829621186,0.09512155462507851,0.13695999283917504,Food Distribution,Consumer Defensive,PFGC
2015Q3,2015,Q3,2015-03-31,2015-03-31,2900000.0,3795500000.0,27100000.0,0.03,451600000.0,0.1189830062,3377275000.0,457368000.0,1895908000.0,1236634000.0,2919907000.0,881392000.0,-131706000.0,1650607919.0,3145462919.0,5.2647221063041565,1.5331197427856584,0.44462266176133125,3.283161480470868,0.007578792634590061,5.2647221063041565,0.006340627241083766,0.4348855009880121,142.29378612068965,3.6089274260551676,0.0,3.7938851271624885,0.0,1.123835044525542,0.7766857453377475,0.0008586804450333479,31.10774239083319,0.11898300619154262,-0.8,0.0,0.0,0.0,-0.012464465340039362,-0.7734375,-0.42462845010615713,0.0,0.0,0.0,Food Distribution,Consumer Defensive,PFGC
2015Q2,2015,Q2,2014-12-31,2014-12-31,12800000.0,3792500000.0,47100000.0,0.15,457300000.0,0.1205800923,,,,,,,,1650607919.0,,,0.0,0.0,0.0,0.0,,0.0,0.4352295106130521,32.23843591796875,0.0,0.0,0.0,0.0,0.0,0.0,0.0,142.29378612068965,0.12058009228740936,0.8749999999999999,0.0,0.0,0.0,0.017578994214508235,0.9393939393939394,0.44036697247706424,0.0,0.0,0.0,Food Distribution,Consumer Defensive,PFGC
2015Q1,2015,Q1,2014-09-30,2014-09-30,6600000.0,3697600000.0,32700000.0,0.08,449400000.0,0.1215382951,,,,,,,,1650607919.0,,,0.0,0.0,0.0,0.0,,0.0,0.4463998050086543,62.523027234848485,0.0,0.0,0.0,0.0,0.0,0.0,0.0,-16.50607919,0.12153829511034184,-0.4285714285714286,0.0,0.0,0.0,0.003409448660669431,-0.46821368141165093,-0.28360170883996055,0.0,0.0,0.0,Food Distribution,Consumer Defensive,PFGC
2014Q4,2014,Q4,2014-06-30,2014-06-30,12411000.0,3642440000.0,45645000.0,0.14,447873000.0,0.1229596095,3239787000.0,434108000.0,1727321000.0,1170428000.0,2805679000.0,848995000.0,-153956000.0,1664400000.0,3118623000.0,4.9555707762557075,1.475802868694187,0.45050276453359434,3.362142600458872,0.011643067573109985,4.9555707762557075,0.02858965971601537,0.45694644249459154,33.52671017645637,3.834068941369429,0.0,3.7627630315844027,0.0,1.124283787792222,0.7177536764328947,0.0038308073956713823,45.2110610093986,0.12295960949253797,0.0,0.0,0.0,0.0,0.0,0.0,0.0,0.0,0.0,0.0,Food Distribution,Consumer Defensive,PFGC
2008Q3,2008,Q3,2008-03-31,2008-03-31,4095000.0,1671895000.0,17635000.0,0.12,210149000.0,0.1256950945,1475179000.0,868094000.0,731837000.0,534981000.0,607085000.0,348817000.0,0.0,663803000.0,677103000.0,24.847411054183244,1.3679682082167404,0.0734737953834755,0.12485629436443518,0.010928018462959516,24.847411054183244,0.004717231083269784,0.39703629713588473,40.52521367521368,0.7646671904194707,0.0,4.190581307677092,0.0,1.1333505967750355,0.6508399363715721,0.0027759343103447107,168.5206905305915,0.1256950944885893,-0.7209302325581396,-0.6763135275652081,0.7098390843685353,0.5319910126723962,-0.02119246014187304,-0.7280695929344578,-0.3239927933453444,0.17316101718519344,0.5764887680889853,0.306677120549842,Food Distribution,Consumer Defensive,PFGC
2008Q2,2008,Q2,2007-12-31,2007-12-31,15059000.0,1631607000.0,26087000.0,0.43,214699000.0,0.1315874472,1452040000.0,860694000.0,707348000.0,519340000.0,591346000.0,329686000.0,689074000.0,662017000.0,680532000.0,24.702063542174898,1.3620133246043056,0.07315638687639459,0.12341900838160832,0.01626095570547183,24.702063542174898,0.017496345971971455,0.40574537863590926,10.990387807955376,0.7691665098164969,0.0,4.29774998028427,0.0,1.1236653260240765,0.6624119074209573,0.01037092642075976,-45.979788859563826,0.13158744722227841,-0.06521739130434788,0.10775258070413127,0.7405356697430476,0.5458377893330614,0.032638651743758205,-0.0609839745588327,0.03536275599301476,1.3591514170456893,0.3785235046401682,0.3144195524630226,Food Distribution,Consumer Defensive,PFGC
2008Q1,2008,Q1,2007-09-30,2007-09-30,16037000.0,1578888000.0,25196000.0,0.46,207913000.0,0.1316831846,1432928000.0,843584000.0,702430000.0,526497000.0,589344000.0,343468000.0,0.0,662017000.0,670465000.0,24.211003644921504,1.33415764952127,0.07395486723687443,0.1256211592443669,0.017973185691298632,24.211003644921504,0.019010554965480615,0.4192931987576066,10.32015027748332,0.7847671364084667,0.0,3.9915654442335238,0.0,1.1018613635856094,0.6122807917234097,0.011191769579490387,-21.659316211352856,0.1316831846210751,0.2777777777777779,0.2878657644325287,0.7328600756514294,0.561288724419522,0.0067061124883793,0.24947409427347098,0.0936238552020487,0.2054771553090801,0.36205116770935636,0.303831759530639,Food Distribution,Consumer Defensive,PFGC
2007Q4,2007,Q4,2007-06-30,2007-06-30,12835000.0,1564652000.0,23039000.0,0.36,206528000.0,0.1319961244,1386508000.0,825637000.0,679537000.0,500543000.0,560871000.0,314130000.0,0.0,660136000.0,638360000.0,23.763441169698364,1.3575996467835931,0.06758850291523742,0.11350266521485834,0.01523854048475336,23.763441169698364,0.01554557269114635,0.42190595736304304,12.858122321776392,0.7995475008993057,0.0,4.32344570719129,0.0,1.1284839322960993,0.6540836651396583,0.009257068837684313,-97.46582016831537,0.1319961243778169,0.7999999999999998,-0.26998907965505775,0.8562404495195458,0.6157237416829359,0.056917392505859594,0.8534296028880867,0.7934765685816597,-0.08915571907289958,0.3415271470988622,0.30947915089427674,Food Distribution,Consumer Defensive,PFGC
2007Q3,2007,Q3,2007-03-31,2007-03-31,6925000.0,1529744000.0,12846000.0,0.2,195406000.0,0.127737713,1394587000.0,806361000.0,696080000.0,528918000.0,588226000.0,317716000.0,0.0,656146000.0,630122000.0,23.349771239937454,1.3160452092762962,0.07149356762969969,0.12364685296039864,0.008617258224935549,23.349771239937454,0.008587964943741078,0.428925362675062,23.687581227436823,0.8137124687329869,0.0,4.199782195419809,0.0,1.0969154308766682,0.6451737320340771,0.004965627816694118,19.473674838250133,0.1277377129768118,-0.47368421052631576,-0.18254852101602972,0.9483135694480881,0.644707754569597,-0.022114350056299262,-0.46396779936527593,-0.4352661889479931,0.23382052544397364,0.3907939026240465,0.315760873672539,Food Distribution,Consumer Defensive,PFGC
2007Q2,2007,Q2,2006-12-31,2006-12-31,12919000.0,1479447000.0,22747000.0,0.38,199825000.0,0.1350673596,1359775000.0,794809000.0,645465000.0,504720000.0,564966000.0,308901000.0,638677000.0,,,,,,,,,,,,,,,,,,,,,,,,,,,,,,,Food Distribution,Consumer Defensive,PFGC
2007Q1,2007,Q1,2006-09-30,2006-09-30,12043000.0,1429765000.0,20111000.0,0.35,194353000.0,0.1359335275,1321508000.0,779461000.0,619177000.0,482533000.0,542047000.0,309638000.0,0.0,,,,,,,,,,,,,,,,,,,,,,,,,,,,,,,Food Distribution,Consumer Defensive,PFGC
