Quarters,Year,Quarter,FillingDate,Date,NetIncome,Revenue,OperatingIncome,EPSDiluted,GrossProfit,GrossProfitRatio,TotalAssets,CommonStockEquity,CurrentAssets,CurrentLiability,TotalLiability,Inventory,RetainedEarnings,MarketCap,EnterpriseValue,bookValuePerShare,currentRatio,debtToAssets,debtToEquity,roic,shareholdersEquityPerShare,roe,priceToSalesRatio,peRatio,pbRatio,payoutRatio,inventoryTurnover,dividendYield,assetTurnover,quickRatio,returnOnAssets,priceToFreeCashFlowsRatio,grossProfitMargin,epsdilutedGrowth,fiveYNetIncomeGrowthPerShare,fiveYRevenueGrowthPerShare,fiveYShareholdersEquityGrowthPerShare,grossProfitGrowth,netIncomeGrowth,operatingIncomeGrowth,threeYNetIncomeGrowthPerShare,threeYRevenueGrowthPerShare,threeYShareholdersEquityGrowthPerShare,Industry,Sector,Symbol
2023Q1,2023,Q1,2023-05-10,2023-03-31,-5792159.0,0.0,-5159877.0,-0.0511,0.0,0.0,30810139.0,29833166.0,26871412.0,830480.0,976973.0,0.0,-112309379.0,592405525.6500001,566549184.6500001,0.263379478118141,32.35648299778441,0.010122414572683362,0.010453902210714076,-0.17919632085452036,0.263379478118141,-0.19415166999037245,0.0,-25.569287965420152,19.85727983580422,0.0,0.0,0.0,0.0,31.509746170889123,-0.18799522455903234,-144.44743899566566,0.0,-0.14831460674157307,-1.518730572042045,0.0,3.1454448784791555,0.0,-0.1642680428451743,-0.006132680865435126,-1.4739302605492894,0.0,3.9568255511960895,Specialty Chemicals,Basic Materials,LWLG
2022Q4,2022,Q4,2023-03-01,2022-12-31,-4974936.0,0.0,-5128426.0,-0.0445,0.0,0.0,29263472.0,27553023.0,25355616.0,1504023.0,1710449.0,59850.0,-106833361.0,481922331.05999994,458178434.05999994,0.24641632370261551,16.858529424084605,0.012242361398538081,0.013002348235981221,-0.17805457807709868,0.24641632370261551,-0.18055862690638338,0.0,-24.217514107719172,17.490724377502968,0.0,0.0,0.0,0.0,16.461144543667217,-0.17000498095372962,-154.76412524426644,0.0,-0.03009259259259249,-0.9848255743655066,0.0,2.4811566190094396,0.0,-0.026749702032371408,-0.08370320156134967,-1.5850697904180457,0.0,3.326724805766248,Specialty Chemicals,Basic Materials,LWLG
2022Q3,2022,Q3,2022-11-09,2022-09-30,-4845325.0,0.0,-4732316.0,-0.0432,0.0,0.0,30148946.0,28794197.0,26256896.0,1089185.0,1354749.0,66140.0,-101764623.0,822899922.04,798282172.04,0.25683488395047704,24.106920311976385,0.013396554559486093,0.0140268540914685,-0.1612607433207863,0.25683488395047704,-0.1682743575033539,0.0,-42.45844819697337,28.578672363740512,0.0,0.0,0.0,0.0,23.51283023545128,-0.16071291513806155,-252.44442925435166,0.0,-0.2594752186588923,-1.3920166099932272,0.0,3.6871748280455034,0.0,-0.26726649205978065,-0.25580519017331715,-1.2582354567748286,0.0,3.5365857608861577,Specialty Chemicals,Basic Materials,LWLG
2022Q2,2022,Q2,2022-08-09,2022-06-30,-3823446.0,0.0,-3768352.0,-0.0343,0.0,0.0,29007064.0,27959177.0,25613045.0,723968.0,1047887.0,0.0,-96961240.0,729822856.86,705441902.86,0.25054438328597894,35.378697677245405,0.015471920908644873,0.016051795802143963,-0.1313041146984792,0.25054438328597894,-0.13675102096174005,0.0,-47.72022782981635,26.103159505016905,0.0,0.0,0.0,0.0,34.296749303836634,-0.13181085821026217,-252.3452564380947,0.0,-0.06191950464396268,-0.4365174468266716,0.0,4.623851615549414,0.0,-0.06623434787143322,-0.07343085221536799,-0.7466240240602702,0.0,3.278268379721613,Specialty Chemicals,Basic Materials,LWLG
2022Q1,2022,Q1,2022-05-10,2022-03-31,-3585934.0,0.0,-3510568.0,-0.0323,0.0,0.0,28049727.0,26819271.0,24551720.0,848953.0,1230456.0,0.0,-93158642.0,1065647643.3299999,1041803117.3299999,0.24185592294336594,28.919999104779652,0.017575073012297052,0.018381409397742392,-0.12732706755487203,0.24185592294336594,-0.13370736288842452,0.0,-74.2935901309115,39.734400063670634,0.0,0.0,0.0,0.0,28.66766711466948,-0.12784202855165044,-385.03282291666665,0.0,0.5716180371352785,-0.8371970025521157,0.0,4.2360018233794205,0.0,0.5583886035069467,0.5664545972335634,-0.28845223006494497,0.0,3.042375795651256,Specialty Chemicals,Basic Materials,LWLG
2021Q4,2021,Q4,2022-03-01,2021-12-31,-8120112.0,0.0,-8097348.0,-0.0754,0.0,0.0,27228575.0,25204272.0,23664920.0,1585973.0,2024303.0,0.0,-89602881.0,1603030063.2,1580133898.2,0.23395666492451095,14.921388951766518,0.019701618612064715,0.021283971225195476,-0.3085840392149384,0.23395666492451095,-0.3221720508332873,0.0,-49.35369312640022,63.60152212291631,0.0,0.0,0.0,0.0,14.77491230935205,-0.298220233706685,-267.46901358677064,0.0,-0.8849999999999998,-3.488270281986695,0.0,4.03284784471283,0.0,-0.9114592283366626,-0.9051893178458945,-3.6817715297010887,0.0,2.742608067415968,Specialty Chemicals,Basic Materials,LWLG
2021Q3,2021,Q3,2021-11-15,2021-09-30,-4248122.0,0.0,-4250154.0,-0.04,0.0,0.0,16129907.0,14978547.0,12541313.0,656948.0,1151360.0,0.0,-81494151.0,1019130671.9000001,1007515146.9000001,0.13903717994850393,19.09026741842581,0.035909630477100704,0.038669905699130896,-0.26337968337951606,0.13903717994850393,-0.28361375772963826,0.0,-59.97536510839378,68.03935467839437,0.0,0.0,0.0,0.0,18.56272338145485,-0.26336928043044516,-672.7392501932475,0.0,0.0,-1.7022360061874227,0.0,1.7481065706545542,0.0,0.0641841530481982,-0.22970346703052996,-1.02694028318783,0.0,1.221362497157002,Specialty Chemicals,Basic Materials,LWLG
2021Q2,2021,Q2,2021-08-16,2021-06-30,-4539485.0,0.0,-3456243.0,-0.04,0.0,0.0,17994174.0,16956873.0,14346036.0,487542.0,1037301.0,0.0,-77246029.0,1504618431.35,1491326216.35,0.16284980281023992,29.425231057016628,0.03452806447242313,0.036640246111414525,-0.1899088770718242,0.16284980281023992,-0.26770767228132214,0.0,-82.86283748872393,88.73206937092705,0.0,0.0,0.0,0.0,28.538093128386887,-0.25227526420495877,-792.0928722780366,0.0,-1.0,-1.751917656307689,0.0,2.3055857154548187,0.0,-1.6163515161575153,-0.8231322121014553,-1.1979963632556296,0.0,1.688629738462009,Specialty Chemicals,Basic Materials,LWLG
2021Q1,2021,Q1,2021-05-17,2021-03-31,-1735044.0,0.0,-1895772.0,-0.02,0.0,0.0,10497032.0,9514868.0,6747710.0,377779.0,982164.0,0.0,-72706544.0,141699579.12,135840866.12,0.09535040713535184,17.86152750682277,0.06313327424361477,0.069650151741464,-0.17488200502348092,0.09535040713535184,-0.18235082189264212,0.0,-20.4172890024691,14.892437721679375,0.0,0.0,0.0,0.0,17.262539738842023,-0.1652890074070461,-81.10884135933556,0.0,0.9997300543334857,0.12228287476877205,0.0,0.5193513503434929,0.0,-0.07996183194228233,-0.1983319943186164,0.14357580675297724,0.0,0.5007617895834888,Specialty Chemicals,Basic Materials,LWLG
2020Q4,2020,Q4,2021-03-31,2020-12-31,-1606579.0,0.0,-1582009.0,-74.0889833804179,0.0,0.0,7366778.0,5775446.0,3873775.0,933032.0,1591332.0,0.0,-70971500.0,84296939.10000001,82104503.10000001,0.06371719824403446,4.151813656980682,0.15124033872067272,0.19291220106637652,-0.2083494994240789,0.06371719824403446,-0.2781740146128974,0.0,-13.117459381082414,14.59574535022923,0.0,0.0,0.0,0.0,3.543919179620849,-0.2180843511233812,-56.88279027302707,0.0,-3703.449169020895,-0.3605456432865706,0.0,-0.22059406159513614,0.0,0.00698690820040757,0.004710298107072934,0.20930706391812925,0.0,-0.09985855206717022,Specialty Chemicals,Basic Materials,LWLG
2020Q3,2020,Q3,2020-11-09,2020-09-30,-1617883.0,0.0,-1589496.0,-0.02,0.0,0.0,6423156.0,4510664.0,2827694.0,1200975.0,1912492.0,0.0,-69364921.0,52878120.809999995,51832051.809999995,0.04862272789984951,2.3544986365244904,0.17970013494923678,0.2558918154843721,-0.24803134861982185,0.04862272789984951,-0.3586795646938012,0.0,-8.170881455890196,11.722912815053393,0.0,0.0,0.0,0.0,1.8321039155686005,-0.2518828750228081,-43.105043591605956,0.0,0.0,0.4465091395268192,0.0,-0.10391745397083747,0.0,0.02767247140501272,0.026207013165077165,0.03475359177894723,0.0,-0.1126469162692682,Specialty Chemicals,Basic Materials,LWLG
2020Q2,2020,Q2,2020-08-10,2020-06-30,-1663928.0,0.0,-1632273.0,-0.02,0.0,0.0,6560570.0,4647131.0,2778724.0,1149393.0,1913439.0,0.0,-67747038.0,69794237.59,68765609.59,0.05126914475404616,2.4175577891982987,0.1819483672912567,0.25686493451551073,-0.2464254285417089,0.05126914475404616,-0.35805489451448647,0.0,-10.486366836485715,15.018779885912405,0.0,0.0,0.0,0.0,1.933466621077386,-0.2536255233920223,-66.63405108332236,0.0,0.0,-0.02838905254455873,0.0,-0.2756892799099372,0.0,0.0893434341775879,0.09126119866651523,0.23033569777704205,0.0,0.1508143139005061,Specialty Chemicals,Basic Materials,LWLG
2020Q1,2020,Q1,2020-05-11,2020-03-31,-1827174.0,0.0,-1796196.0,-0.02,0.0,0.0,6401796.0,4697022.0,2409685.0,875767.0,1704774.0,0.0,-66083110.0,48619107.900000006,47412642.900000006,0.053134707969415454,2.751513815889386,0.12836928886831134,0.17496064527694355,-0.2832844158527334,0.053134707969415454,-0.3890069069295396,0.0,-6.6522274151230265,10.35104964379558,0.0,0.0,0.0,0.0,2.315980163673671,-0.28541584267914816,-36.39827715153925,0.0,-0.16211504938988966,-0.132896159116192,0.0,-0.02564748654971429,0.0,-0.2319566219959168,-0.2393635775887349,-0.17430061354499496,0.0,0.15032712214263214,Specialty Chemicals,Basic Materials,LWLG
2019Q4,2019,Q4,2020-03-16,2019-12-31,-1483148.0,0.0,-1449289.0,-0.01721,0.0,0.0,6824856.0,4907714.0,2608893.0,997628.0,1917142.0,0.0,-64255936.0,60320798.99999999,58944433.99999999,0.056952160066712644,2.6150960077303362,0.12600690769153225,0.17523005619316856,-0.21867240865269133,0.056952160066712644,-0.30220750434927546,0.0,-10.167697188682451,12.29101756948347,0.0,0.0,0.0,0.0,2.241661220414824,-0.21731564739241385,-48.27278161817311,0.0,0.13950000000000004,0.1944541697737939,0.0,-0.18796091702266055,0.0,0.07833896341812017,0.08036945404889885,-0.02487562335594097,0.0,0.225148068066281,Specialty Chemicals,Basic Materials,LWLG
2019Q3,2019,Q3,2019-11-12,2019-09-30,-1609212.0,0.0,-1575947.0,-0.02,0.0,0.0,6602627.0,4760312.0,2436106.0,871688.0,1842315.0,0.0,-62772788.0,58017581.879999995,56734898.879999995,0.056614136156065524,2.7946994796303266,0.13405179483863014,0.1859319305121177,-0.2413210320802389,0.056614136156065524,-0.33804759015795605,0.0,-9.013352790061221,12.187768759694741,0.0,0.0,0.0,0.0,2.4868725966171383,-0.2437229908640909,-46.31772463675554,0.0,0.0,0.05734920782570311,0.0,-0.3301236441882737,0.0,0.004095111549551345,-0.0014361178557108242,-0.3114983883799336,0.0,0.11899334854201586,Specialty Chemicals,Basic Materials,LWLG
2019Q2,2019,Q2,2019-08-09,2019-06-30,-1615829.0,0.0,-1573687.0,-0.02,0.0,0.0,6815015.0,4823877.0,2583880.0,843590.0,1991138.0,0.0,-61163576.0,60955275.56,59637354.56,0.0585621006090978,3.062957123721239,0.12987410886109568,0.18348187567800756,-0.238652030272677,0.0585621006090978,-0.3349648011340256,0.0,-9.430960138727551,12.636158749487185,0.0,0.0,0.0,0.0,2.6114759539586765,-0.23709837762646158,-44.56443266235366,0.0,0.3333333333333333,-0.03731859516549213,0.0,-0.20464994069781708,0.0,0.19960045136216067,0.0853225518647961,-0.2382353514652308,0.0,0.18871524496736614,Specialty Chemicals,Basic Materials,LWLG
2019Q1,2019,Q1,2019-05-10,2019-03-31,-2018778.0,0.0,-1720483.0,-0.03,0.0,0.0,6121273.0,4812435.0,2581055.0,329039.0,1308838.0,0.0,-59547747.0,90087151.84,88686614.84,0.059830143254754276,7.844222113488067,0.14459312629905577,0.18391812045253597,-0.2613673910840709,0.059830143254754276,-0.41949200352835936,0.0,-11.15614889799671,18.71966101152535,0.0,0.0,0.0,0.0,6.946383255480353,-0.3297970863250177,-74.97690601665208,0.0,-0.8633540372670807,-0.34058879735132847,-1.0,0.2025929379877683,0.0,-0.5974049403933894,-0.40219806192389507,-0.26697493865556327,0.0,-0.046642676456358875,Specialty Chemicals,Basic Materials,LWLG
2018Q4,2018,Q4,2019-03-18,2018-12-31,-1263786.0,0.0,-1226990.0,-0.0161,0.0,0.0,5251264.0,4907062.0,2512256.0,344202.0,344202.0,0.0,-57528969.0,55733821.4,53559196.4,0.06251166585178744,7.298783853667323,0.0,0.0,-0.2500457503899482,0.06251166585178744,-0.2575443310070262,0.0,-11.025169886357343,11.35788001048285,0.0,0.0,0.0,0.0,6.317874387714191,-0.24066320032662614,-47.96832517419924,0.0,0.19500000000000003,-0.2569558623996793,0.0,0.317565534632702,0.0,0.15618270936588813,0.15000962914624802,-0.23581355364891993,0.0,-0.23534045866454464,Specialty Chemicals,Basic Materials,LWLG
2018Q3,2018,Q3,2018-11-09,2018-09-30,-1497701.0,0.0,-1443534.0,-0.02,0.0,0.0,5237215.0,4818583.0,2520676.0,418632.0,418632.0,0.0,-56265183.0,78525010.08,76320693.08,0.06259094592910876,6.021221502417397,0.0,0.0,-0.2995764522474761,0.06259094592910876,-0.31081772379971456,0.0,-13.107591248186386,16.29628670503341,0.0,0.0,0.0,0.0,5.265524374629746,-0.28597279279158866,-66.6497563857291,0.0,0.0,-0.01487518184290772,0.0,0.003588793749585952,0.0,0.0002476516482518864,0.007351682167477522,0.3825784408951157,0.0,0.1535069423100593,Specialty Chemicals,Basic Materials,LWLG
2018Q2,2018,Q2,2018-08-09,2018-06-30,-1498072.0,0.0,-1454225.0,-0.02,0.0,0.0,5235133.0,4574755.0,2396271.0,660378.0,660378.0,0.0,-54767482.0,84592064.48,82589097.48,0.060569813864885594,3.628635417897023,0.0,0.0,-0.3178804110821235,0.060569813864885594,-0.3274649680693283,0.0,-14.116822235513382,18.491058970371093,0.0,0.0,0.0,0.0,3.0330613678832425,-0.2861573908437474,-44.262875232388815,0.0,0.0,0.10721822632336767,0.0,-0.2305300489304663,0.0,0.010127534113607846,0.014930903420587198,-0.11115038891597151,0.0,-0.14429301080287624,Specialty Chemicals,Basic Materials,LWLG
2018Q1,2018,Q1,2018-05-10,2018-03-31,-1513399.0,0.0,-1476267.0,-0.02,0.0,0.0,5625674.0,4736122.0,3377720.0,788387.0,889552.0,0.0,-53269410.0,95416188.16,92605427.16,0.06353467138966454,4.284342588094426,0.0,0.0,-0.31170375256380645,0.06353467138966454,-0.31954392222159816,0.0,-15.761902208208145,20.1464802131364,0.0,0.0,0.0,0.0,3.565204652030031,-0.2690164769590275,-60.21327796839276,0.0,0.10779505617524889,-0.11057943474986306,0.0,-0.2071415631607906,0.0,0.04739127670676892,0.010024040798945826,-0.1127454921966242,0.0,0.16506082606853614,Specialty Chemicals,Basic Materials,LWLG
2017Q4,2017,Q4,2018-03-16,2017-12-31,-1588689.0,0.0,-1491215.0,-0.02241637433016561,0.0,0.0,5849770.0,5016715.0,4067246.0,648761.0,833055.0,0.0,-51756011.0,80793862.25999999,77311535.25999999,0.07078576193814948,6.269251696695702,0.0,0.0,-0.2972492956047932,0.07078576193814948,-0.3166791416295325,0.0,-12.713920449502702,16.1049336587787,0.0,0.0,0.0,0.0,5.367657735283101,-0.27158144679192514,-48.25476044887503,0.0,-0.12081871650828045,0.12592890821330957,0.0,0.2725436403410679,0.0,-0.24067379666615907,-0.236566406729401,-0.04915626713479446,0.0,0.009282266814380194,Specialty Chemicals,Basic Materials,LWLG
2017Q3,2017,Q3,2017-11-14,2017-09-30,-1280505.0,0.0,-1205932.0,-0.02,0.0,0.0,4205080.0,3883438.0,3091687.0,309749.0,321642.0,0.0,-50167322.0,102764123.05,99884467.05,0.05479524305637521,9.98126547624044,0.0,0.0,-0.3105320594792552,0.05479524305637521,-0.32973488954889973,0.0,-20.063202222951098,26.46215107592808,0.0,0.0,0.0,0.0,9.296740263891087,-0.30451382613410444,-99.65711323080325,0.0,0.0,0.07753884880958489,0.0,-0.2387297979178116,0.0,0.2316519748057236,0.26353633639355517,0.11006995797955398,0.0,-0.3516453623307681,Specialty Chemicals,Basic Materials,LWLG
2017Q2,2017,Q2,2017-08-14,2017-06-30,-1666569.0,0.0,-1637463.0,-0.02,0.0,0.0,3500624.0,3112933.0,2374883.0,357959.0,387691.0,0.0,-48886816.0,103414317.72,101273891.72,0.04455031896525285,6.634511214971547,0.0,0.0,-0.5260193521672326,0.04455031896525285,-0.5353693767260651,0.0,-15.513056723123976,33.220862035899906,0.0,0.0,0.0,0.0,5.9795283817420435,-0.4760776935769166,-92.05812008449658,0.0,0.0,-0.13859421565620458,0.0,-0.48308675927926104,0.0,-0.37322256820303573,-0.3772611775155245,-0.2612485723183203,0.0,-0.3949482948458243,Specialty Chemicals,Basic Materials,LWLG
2017Q1,2017,Q1,2017-05-15,2017-03-31,-1213619.0,0.0,-1188927.0,-0.02,0.0,0.0,3389626.0,3184806.0,2318535.0,204820.0,204820.0,0.0,-47220248.0,51022033.56,48839402.56,0.04619095468291248,11.319866224001562,0.0,0.0,-0.37331222058737645,0.04619095468291248,-0.3810652830973064,0.0,-10.510307098026647,16.020452598996613,0.0,0.0,0.0,0.0,10.656337271750806,-0.35803920550526813,-60.283153597763636,0.0,-0.19092857078232872,0.05598231043141715,0.0,-0.3924795468888771,0.0,-0.09800957214848592,-0.08715713356943192,0.05982612471718103,-1.0,-0.07155636141370077,Specialty Chemicals,Basic Materials,LWLG
2016Q4,2016,Q4,2017-03-17,2016-12-31,-1105290.0,0.0,-1093611.0,-0.01679361843411135,0.0,0.0,3187408.0,3059522.0,2093786.0,127886.0,127886.0,0.0,-46006629.0,40805964.64,38849120.64,0.04648594039461972,16.37228469105297,0.0,0.0,-0.3574450518741163,0.04648594039461972,-0.3612623148321862,0.0,-9.229696423563047,13.337365980698946,0.0,0.0,0.0,0.0,15.30147162316438,-0.34676765572527896,-43.67908766866976,0.0,-0.679361843411135,-0.4233578052301435,0.0,3.4794753802658533,0.0,-0.14485504551805858,-0.1593139593311326,-0.311146566705615,0.0,-0.02021051471963393,Specialty Chemicals,Basic Materials,LWLG
2016Q3,2016,Q3,2016-11-14,2016-09-30,-965441.0,0.0,-943326.0,-0.01,0.0,0.0,3560474.0,3347250.0,2469555.0,213224.0,213224.0,0.0,-44901339.0,44326717.6,42024641.6,0.05059380936430989,11.581974824597607,0.0,0.0,-0.2818211965045933,0.05059380936430989,-0.2884281126297707,0.0,-11.478360044787824,13.242726895212488,0.0,0.0,0.0,0.0,10.796514463662627,-0.2711551888877717,-57.86573789174533,0.0,0.5,0.10721855070000916,0.0,1.497288144265733,0.0,0.07103749947078136,0.09237104673202928,0.23874473444408417,0.0,-0.1887743609333998,Specialty Chemicals,Basic Materials,LWLG
2016Q2,2016,Q2,2016-08-15,2016-06-30,-1039268.0,0.0,-1039330.0,-0.02,0.0,0.0,3346768.0,3231869.0,2308898.0,114899.0,114899.0,0.0,-43935898.0,41329055.88,39225152.88,0.04926503707008949,20.09502258505296,0.0,0.0,-0.3215879108961409,0.04926503707008949,-0.32156872695025696,0.0,-9.941866746594718,12.787973732846227,0.0,0.0,0.0,0.0,18.310890434207433,-0.31052884454494606,-44.09227463937499,0.0,0.0,0.33723846175270195,0.0,2.104540248547272,0.0,0.19884367218877436,0.01886226046930505,0.2869223077135771,0.0,-0.3741442602362515,Specialty Chemicals,Basic Materials,LWLG
2016Q1,2016,Q1,2016-05-16,2016-03-31,-1297210.0,0.0,-1059311.0,-0.02,0.0,0.0,4238815.0,4109594.0,3142133.0,129221.0,129221.0,0.0,-42896631.0,39290344.199999996,36268610.199999996,0.06275731226605034,24.315962575742333,0.0,0.0,-0.25776536562979213,0.06275731226605034,-0.31565405244411004,0.0,-7.572086285181273,9.560638885495745,0.0,0.0,0.0,0.0,23.384233212867876,-0.3060312846868759,-55.41883123569229,0.0,-0.5352173945737834,0.05944211177035529,0.0,1.9393315901273078,0.0,-0.6257720226994726,-0.3275139542286263,-0.08363739193515084,0.0,-0.21684234111604905,Specialty Chemicals,Basic Materials,LWLG
2015Q4,2015,Q4,2016-03-18,2015-12-31,-797904.0,0.0,-797966.0,-0.013027470943652593,0.0,0.0,5110025.0,5007068.0,3995196.0,102957.0,102957.0,0.0,-41599421.0,36136204.949999996,32405499.949999996,0.08175097866772532,38.804510620938835,0.0,0.0,-0.15936791751180532,0.08175097866772532,-0.1593555350157018,0.0,-11.322228284981652,7.217038983692651,0.0,0.0,0.0,0.0,36.235564361820956,-0.1561448329509151,-44.53342816474415,0.0,0.5657509685449136,0.4600143158057947,0.0,1.5597149561314905,0.0,0.586548461262236,0.5865298322628248,0.49202598139992415,0.0,0.46966967857423086,Specialty Chemicals,Basic Materials,LWLG
2015Q3,2015,Q3,2015-11-16,2015-09-30,-1929861.0,0.0,-1929924.0,-0.03,0.0,0.0,3486427.0,3323394.0,2357710.0,163033.0,163033.0,0.0,-40801517.0,42260985.449999996,40118840.449999996,0.05426143843032415,14.461550728993517,0.0,0.0,-0.580708757372734,0.05426143843032415,-0.5806898008481691,0.0,-5.474615198970288,12.716212838441665,0.0,0.0,0.0,0.0,13.139333754515956,-0.5535354676865456,-54.3055837971131,0.0,-0.4999999999999999,-0.6757307540456721,0.0,2.1694887298641254,0.0,-0.8339874709676929,-0.8339392856667724,-0.6087028287130133,0.0,-0.24614594451886251,Specialty Chemicals,Basic Materials,LWLG
2015Q2,2015,Q2,2015-08-12,2015-06-30,-1052276.0,0.0,-1052338.0,-0.02,0.0,0.0,4322425.0,4172656.0,3187406.0,149769.0,149769.0,0.0,-38871656.0,41264773.199999996,38344421.199999996,0.07078335765577405,21.282147841008488,0.0,0.0,-0.2521985996449264,0.07078335765577405,-0.2521837410033322,0.0,-9.803695323280204,9.889330249126695,0.0,0.0,0.0,0.0,19.499041857794335,-0.24344575093842,-30.9447814280797,0.0,0.0,0.14821295151761077,-1.0,5.9202979133628055,0.0,0.012310034531923022,0.012308391180456745,0.14785623170550197,0.0,-0.17870723162545976,Specialty Chemicals,Basic Materials,LWLG
2015Q1,2015,Q1,2015-05-15,2015-03-31,-1065391.0,0.0,-1065452.0,-0.02,0.0,0.0,3525442.0,3184386.0,2453055.0,341056.0,341056.0,0.0,-37819380.0,54305831.31,51966982.31,0.05453335136506172,7.192528499718521,0.0,0.0,-0.33458632213557027,0.05453335136506172,-0.33456716616641324,0.0,-12.743169247252888,17.053784092129536,0.0,0.0,0.0,0.0,6.85766853537249,-0.30220068859450816,-65.6588347715064,0.0,0.06393759161761514,0.2568298561808418,0.0,4.770826209061739,0.0,0.13811406049270455,0.13797475216163277,0.021480880540244347,0.0,-0.2827572723188104,Specialty Chemicals,Basic Materials,LWLG
2014Q4,2014,Q4,2015-03-24,2014-12-31,-1236116.0,0.0,-1235987.0,-0.021366096769725132,0.0,0.0,4279423.0,4057582.0,3294167.0,221841.0,221841.0,0.0,-36753989.0,44547646.22,41381706.22,0.07013475245292096,14.849225346081202,0.0,0.0,-0.30461171209848625,0.07013475245292096,-0.3046435044319499,0.0,-9.009600680680455,10.978865299579898,0.0,0.0,0.0,0.0,14.27121226463999,-0.28885109043906154,-42.51001373179392,0.0,-0.06830483848625657,-0.30452846932459676,0.0,2.8317983627474423,0.0,-0.05238172671462103,-0.06484234395286387,-0.8109022021554629,0.0,5.758320779292253,Specialty Chemicals,Basic Materials,LWLG
2014Q3,2014,Q3,2014-11-14,2014-09-30,-1174589.0,0.0,-1160723.0,-0.02,0.0,0.0,5391632.0,4889498.0,4385336.0,502134.0,502134.0,0.0,-35517873.0,52647218.260000005,48433345.260000005,0.08451430725221379,8.733397857942302,0.0,0.0,-0.2373910368712698,0.08451430725221379,-0.24022691081988376,0.0,-11.205455325224397,10.767407668435492,0.0,0.0,0.0,0.0,8.391929245978165,-0.21785407461043335,-69.73769592493099,0.0,0.0,-0.34108642413671075,0.0,3.513383415782147,0.0,-0.16145411540884141,-0.1476728124496352,-0.24211578842649767,0.0,3.171588978446628,Specialty Chemicals,Basic Materials,LWLG
2014Q2,2014,Q2,2014-08-14,2014-06-30,-1011309.0,0.0,-1011371.0,-0.02,0.0,0.0,4128014.0,3937663.0,3228592.0,190351.0,190351.0,0.0,-34343283.0,50804691.849999994,47774374.849999994,0.07363059815507965,16.96125578536493,0.0,0.0,-0.2568454943960415,0.07363059815507965,-0.2568297490161042,0.0,-12.559141629808495,12.902244770565687,0.0,0.0,0.0,0.0,15.919627425125164,-0.24498681448270282,-49.572323878383386,0.0,0.0,-0.06908725145221079,0.0,1.792831159241038,-1.0,-0.023746496182116533,-0.026594367881311975,0.2088691265402851,0.0,3.6399874858886423,Specialty Chemicals,Basic Materials,LWLG
2014Q1,2014,Q1,2014-05-14,2014-03-31,-987851.0,2500.0,-985171.0,-0.02,2500.0,1.0,2937730.0,2625093.0,2042947.0,312637.0,312637.0,0.0,-33332043.0,46432917.52,44502820.52,0.04975095176832214,6.534565646420609,0.0,0.0,-0.3752899421087177,0.04975095176832214,-0.3763108583200671,18573.167008,-11.750992184043952,17.688103819559917,0.0,0.0,0.0,0.0008509971985172224,6.173603892053723,-0.3362633734209747,-76.49360317750575,1.0,-0.5614819067728753,0.07481621377018828,0.0,3.524077657657894,0.0,-0.17183494564024698,-0.17959828778399736,0.11108963830207157,0.0,1.3301594490151138,Specialty Chemicals,Basic Materials,LWLG
2013Q4,2013,Q4,2014-03-31,2013-12-31,-842995.0,0.0,-835175.0,-0.012808345657577377,0.0,0.0,3244808.0,3122632.0,2402908.0,122176.0,122176.0,0.0,-32344192.0,47387571.839999996,45116867.839999996,0.04744482472305549,19.667594290204296,0.0,0.0,-0.2674586694813862,0.04744482472305549,-0.26996296713797846,0.0,-14.053337160955877,15.175522392648253,0.0,0.0,0.0,0.0,18.58551597695128,-0.259798114403071,-53.920222473561914,0.0,0.35958271712113116,0.32020995489627047,0.0,7.0441285504804645,0.0,0.155059101109856,0.16295000801796022,0.4690970086812855,0.0,0.4855507470834463,Specialty Chemicals,Basic Materials,LWLG
2013Q3,2013,Q3,2013-11-14,2013-09-30,-997697.0,0.0,-997760.0,-0.02,0.0,0.0,3629864.0,3246009.0,2766488.0,383855.0,383855.0,0.0,-31501197.0,45801181.36,43180114.36,0.06236712318723475,7.207117270844459,0.0,0.0,-0.30738054022647504,0.06236712318723475,-0.3073611317775151,0.0,-11.476726240531946,14.109998265562417,0.0,0.0,0.0,0.0,6.828273697099165,-0.27485795611075237,-71.7756354017138,0.0,0.0,0.4378480526802155,0.0,6.1743277503416865,0.0,0.13180549669629113,-0.03448204358311336,-0.01946752991249392,0.0,2.6429534449186045,Specialty Chemicals,Basic Materials,LWLG
2013Q2,2013,Q2,2013-08-14,2013-06-30,-1149163.0,0.0,-964502.0,-0.02,0.0,0.0,4282153.0,4071650.0,3425951.0,210503.0,210503.0,0.0,-30503500.0,46553075.1,43293892.1,0.07871628226767774,16.275069713970822,0.0,0.0,-0.2368823449952722,0.07871628226767774,-0.2822352117691845,0.0,-10.12760485240127,11.43346680092837,0.0,0.0,0.0,0.0,15.482833973862606,-0.2683610324058949,-53.69598327518095,0.0,0.0,0.4784433004774896,0.0,5.143817924191757,0.0,-0.24574431066125657,-0.06810852713178295,-0.0601286205665816,-1.0,6.6958785506306295,Specialty Chemicals,Basic Materials,LWLG
2013Q1,2013,Q1,2013-05-15,2013-03-31,-922471.0,0.0,-903000.0,-0.02,0.0,0.0,4254650.0,4043674.0,3394365.0,210976.0,210976.0,0.0,-29354337.0,83261636.69999999,79942378.69999999,0.08013368898860476,16.088867928105568,0.0,0.0,-0.22331177043451078,0.08013368898860476,-0.22812694594074598,0.0,-22.564838542349836,20.59059080924921,0.0,0.0,0.0,0.0,15.732870089488852,-0.21681477912401725,-131.48387309197372,0.0,0.220149450653617,0.3895985951843205,0.0,7.2549228188360475,0.0,0.4534849207454167,0.46174837004531327,0.2553803882960051,0.0,7.479904151654903,Specialty Chemicals,Basic Materials,LWLG
2012Q4,2012,Q4,2013-04-01,2012-12-31,-1687915.0,0.0,-1677654.0,-0.02564593949028134,0.0,0.0,3816374.0,3661046.0,3026854.0,155328.0,155328.0,0.0,-28431866.0,58576304.08,55639425.08,0.05562541015817535,19.48685362587557,0.0,0.0,,0.05562541015817535,-0.46104719798658633,0.0,-8.67583736147851,15.999882022788023,0.0,0.0,0.0,0.0,18.907595539761022,-0.4422823863698893,-90.83386043453517,0.0,-0.28229697451406693,0.49932391247298025,0.0,1.6930041942745575,0.0,-0.7407071669595492,-0.7299022372723364,-0.5658385594814632,0.0,2.0390833091530247,Specialty Chemicals,Basic Materials,LWLG
2012Q3,2012,Q3,2012-11-13,2012-09-30,-969672.0,0.0,-969797.0,-0.02,0.0,0.0,3812788.0,3563438.0,3036816.0,249350.0,249350.0,0.0,-26743951.0,42575879.82,39644126.82,0.07197870467870933,12.1789292159615,0.0,0.0,,0.07197870467870933,-0.27211698365454934,0.0,-10.97687667066802,11.947978278280694,0.0,0.0,0.0,0.0,11.757581712452376,-0.25432098506394796,-61.590899953563664,0.0,0.0,0.09564418265678173,0.0,7.134391311342192,0.0,0.05637580235187874,0.03896094887292107,-0.29379226024302796,0.0,2.8439348620213396,Specialty Chemicals,Basic Materials,LWLG
2012Q2,2012,Q2,2012-08-14,2012-06-30,-1027604.0,0.0,-1009113.0,-0.02,0.0,0.0,4435793.0,4227889.0,3746446.0,207904.0,207904.0,0.0,-25774278.0,48074689.88,44451667.88,0.08618529272559501,18.020076573803294,0.0,0.0,,0.08618529272559501,-0.24305368471121166,0.0,-11.695821026387597,11.370849584745484,0.0,0.0,0.0,0.0,17.42641796213637,-0.23166184716013574,-63.53564412937434,0.0,0.0,0.4454284541739399,0.0,3.849977072839971,0.0,-0.179329451216853,-0.3112192193596925,-0.18425401344648942,0.0,2.269034572901214,Specialty Chemicals,Basic Materials,LWLG
2012Q1,2012,Q1,2012-05-15,2012-03-31,-871346.0,0.0,-769599.0,-0.02,0.0,0.0,3749343.0,3553125.0,3198826.0,196218.0,196218.0,0.0,-24746674.0,79444415.3,76489738.3,0.07603193348695965,16.302408545597245,0.0,0.0,,0.07603193348695965,-0.24523370272647319,0.0,-22.793590404959684,22.359026293755498,0.0,0.0,0.0,0.0,16.077413896788265,-0.2323996497519699,-127.20366875085061,0.0,-0.695117476694607,0.27641477326970765,0.0,2.3983197840240047,0.0,-0.12209205742933048,0.008935815117869313,0.07858334090537201,0.0,5.913925449279617,Specialty Chemicals,Basic Materials,LWLG
2011Q4,2011,Q4,2012-04-02,2011-12-31,-776537.0,0.0,-776538.0,-0.011798592295207164,0.0,0.0,921435.0,683009.0,401580.0,238426.0,238426.0,0.0,-23875328.0,95433304.39999999,95073480.39999999,0.010377541218199712,1.6842961757526445,0.0,0.0,,0.010377541218199712,-1.1369352380422513,0.0,-30.72400426508975,139.72481241096384,0.0,0.0,0.0,0.0,1.5091642689975087,-0.8427474536999354,-181.05179119909693,0.0,0.4100703852396418,0.1363140383306113,0.0,-0.39356945396486054,0.0,-0.0693347581270389,-0.06943627697388445,0.37380159757209136,0.0,0.7594811675327452,Specialty Chemicals,Basic Materials,LWLG
2011Q3,2011,Q3,2011-11-14,2011-09-30,-726187.0,0.0,-726119.0,-0.02,0.0,0.0,1140110.0,900093.0,630146.0,240017.0,240017.0,0.0,-23098791.0,33765427.44,33203498.439999998,0.020259500082312597,2.625422365915748,0.0,0.0,,0.020259500082312597,-0.8067910760332544,0.0,-11.624219188721362,37.513265229259645,0.0,0.0,0.0,0.0,2.3412049979793097,-0.6369446807764163,-69.25303946542621,0.0,0.0,0.1827408064347608,0.0,0.0,0.0,0.310953959666079,0.1819078028247722,0.5206652980130395,0.0,1.3305274673681713,Specialty Chemicals,Basic Materials,LWLG
2011Q2,2011,Q2,2011-08-15,2011-06-30,-1053902.0,0.0,-887576.0,-0.02,0.0,0.0,912559.0,699659.0,433047.0,212900.0,212900.0,0.0,-22372603.0,45854107.52,45479612.52,0.01586870619349915,2.03403945514326,0.0,0.0,,0.01586870619349915,-1.5063080729326714,0.0,-10.87722281578363,65.53779415400932,0.0,0.0,0.0,0.0,1.7590183184593706,-1.1548864237819143,-122.56130862904003,0.0,0.0,0.20322799179118475,0.0,0.0,0.0,-0.1381292555575354,0.041608448240489794,0.43884726824135195,0.0,0.2385549563153814,Specialty Chemicals,Basic Materials,LWLG
2011Q1,2011,Q1,2011-05-16,2011-03-31,-925995.0,0.0,-926110.0,-0.02,0.0,0.0,1085885.0,938716.0,631728.0,147169.0,147169.0,0.0,-21318701.0,53199045.129999995,52650418.129999995,0.02135087870890137,4.292534433202644,0.0,0.0,,0.02135087870890137,-0.9864485105186233,0.0,-14.362670729863552,56.672140594173314,0.0,0.0,0.0,0.0,3.727870679287078,-0.8527560469110449,-131.27787269272528,0.0,0.17100458480423036,-0.05307712503297701,0.0,0.0,0.0,0.09573891517379778,0.09551974091574097,0.29674314082567566,0.0,1.1994476740160291,Specialty Chemicals,Basic Materials,LWLG
2010Q4,2010,Q4,2011-03-31,2010-12-31,-1024035.0,0.0,-1023914.0,-0.02412558577935795,0.0,0.0,1471633.0,1355621.0,1028056.0,116012.0,116012.0,0.0,-20392706.0,60273342.72,59319475.72,0.031937532134935824,8.861635003275524,0.0,0.0,,0.031937532134935824,-0.7553991860556896,0.0,-14.71466861972491,44.461794793677576,0.0,0.0,0.0,0.0,8.222140813019342,-0.6958494407233325,-155.31684662699996,0.0,-0.20627928896789754,-0.766052189390975,0.0,0.8663279330211008,0.0,-0.2830589385054879,-0.28312758542475214,0.5290052095036767,0.0,0.5461981808240193,Specialty Chemicals,Basic Materials,LWLG
2010Q3,2010,Q3,2010-11-15,2010-09-30,-798120.0,0.0,-797983.0,-0.02,0.0,0.0,858542.0,726673.0,446241.0,131869.0,131869.0,0.0,-19368671.0,50935219.199999996,50510085.199999996,0.017119934177096858,3.3839719721845163,0.0,0.0,,0.017119934177096858,-1.098320702709472,0.0,-15.954749661705007,70.09372743999019,0.0,0.0,0.0,0.0,3.2239116092485722,-0.929622546130533,-134.46787067274565,0.0,0.0,0.05984109321355395,0.0,0.0,-1.0,0.0934832609251214,0.09347824358235948,0.1318177111622953,0.0,0.9347422886052419,Specialty Chemicals,Basic Materials,LWLG
2010Q2,2010,Q2,2010-08-16,2010-06-30,-880425.0,3200.0,-880269.0,-0.02,3200.0,1.0,565029.0,429716.0,172302.0,135313.0,135313.0,0.0,-18570551.0,58817043.599999994,58650618.599999994,0.010228368567644227,1.273358805140674,0.0,0.0,,0.010228368567644227,-2.0488531960643774,18380.326125,-16.701321407274897,136.8742229751743,0.0,0.0,0.0,0.0056634261250307506,1.2343603349271688,-1.558194358165687,-147.87774858513453,1.0,0.3333333333333333,0.30145247898859034,0.0,0.0,0.0,0.12885444247871672,0.12905533359849453,0.44519620521220654,0.0,-0.424410459408937,Specialty Chemicals,Basic Materials,LWLG
2010Q1,2010,Q1,2010-05-17,2010-03-31,-1010652.0,0.0,-1010706.0,-0.03,0.0,0.0,527230.0,389017.0,138670.0,138213.0,138213.0,0.0,-17690126.0,75746437.28,75666971.28,0.00944983428532812,1.0033064907063736,0.0,0.0,,0.00944983428532812,-2.597963585138953,0.0,-18.737022555736296,194.71240917492037,0.0,0.0,0.0,0.0,0.5749531520189852,-1.9169091288431994,-199.05876196708215,0.0,-0.8316800911990521,-0.2275162679440017,0.0,0.0,0.0,-0.5119833400156786,-0.511862824729962,0.0472679980447289,0.0,-0.5776306436678118,Specialty Chemicals,Basic Materials,LWLG
2009Q4,2009,Q4,2010-04-15,2009-12-31,-668428.0,0.0,-668517.0,-0.016378405893117197,0.0,0.0,878664.0,746988.0,513362.0,131676.0,131676.0,0.0,-16679474.0,58360505.059999995,57900516.059999995,0.01830335153717054,3.8986755369239647,0.0,0.0,,0.01830335153717054,-0.8948309745270339,0.0,-21.827521086788703,78.12776786240207,0.0,0.0,0.0,0.0,3.4933397126279657,-0.7607322025256525,-168.3940810396715,0.0,0.18107970534414017,-0.19893957605051152,0.0,0.06958972588740141,0.0,-0.08187355040034443,-0.08215947241818046,-0.19893957605051152,0.0,0.06958972588740141,Specialty Chemicals,Basic Materials,LWLG
2009Q3,2009,Q3,2009-11-13,2009-09-30,-617843.0,0.0,-617762.0,-0.02,0.0,0.0,861381.0,764207.0,524198.0,97174.0,97174.0,0.0,-16011046.0,40403426.58,39951865.58,0.01872526649446375,5.394426492683228,0.0,0.0,,0.01872526649446375,-0.8084759757500258,0.0,-16.34858150857095,52.8697415490829,0.0,0.0,0.0,0.0,4.646932306995699,-0.7172702903825369,-117.31506755206865,0.0,0.0,0.24305359498545778,0.0,0.0,0.0,0.08899990120951987,0.08833699073670975,0.24305359498545778,0.0,0.0,Specialty Chemicals,Basic Materials,LWLG
2009Q2,2009,Q2,2009-08-14,2009-06-30,-678203.0,0.0,-677621.0,-0.02,0.0,0.0,1072232.0,1010841.0,801293.0,61391.0,61391.0,0.0,-15393203.0,31056622.290000003,30260660.290000003,0.026364142318968196,13.052287794627878,0.0,0.0,,0.026364142318968196,-0.670929453791447,0.0,-11.448129206889382,30.72354830284882,0.0,0.0,0.0,0.0,12.965450961867374,-0.6325151646285505,-117.41722920400156,0.0,0.0,0.41038401314182316,0.0,0.0,0.0,0.1045619344122905,0.10484105344366591,0.41038401314182316,0.0,0.0,Specialty Chemicals,Basic Materials,LWLG
2009Q1,2009,Q1,2009-05-14,2009-03-31,-757398.0,0.0,-756984.0,-0.02,0.0,0.0,488435.0,411600.0,216134.0,76835.0,76835.0,0.0,-14715001.0,18714319.0,18518859.0,0.010996927005465708,2.8129628424546107,0.0,0.0,,0.010996927005465708,-1.840131195335277,0.0,-6.177174682267447,45.46724732750243,0.0,0.0,0.0,0.0,2.6740417778356216,-1.5506628312876842,-71.80223452541274,0.0,-0.06147985583379054,-0.011789421779120034,0.0,0.0,0.0,-0.14793102089440038,-0.36976961327166524,-0.011789421779120034,0.0,0.0,Specialty Chemicals,Basic Materials,LWLG
2008Q4,2008,Q4,2009-04-14,2008-12-31,-659794.0,0.0,-552636.0,-0.018841619923432307,0.0,0.0,374565.0,206538.0,100423.0,168027.0,168027.0,0.0,-13957603.0,20310383.16,20222158.16,0.005898068936282933,0.5976598998970404,0.0,0.0,,0.005898068936282933,-3.1945404719712593,0.0,-7.695728954794981,98.33727042965458,0.0,0.0,0.0,0.0,0.525064424169925,-1.761493999706326,-86.11714067654317,0.0,0.3719460025522564,-0.37925289863514294,0.0,-0.6553355857252429,0.0,0.44745544974838813,0.5379197206628238,-0.37925289863514294,0.0,-0.6553355857252429,Specialty Chemicals,Basic Materials,LWLG
2008Q3,2008,Q3,2008-11-14,2008-09-30,-1194101.0,0.0,-1195974.0,-0.03,0.0,0.0,444236.0,304414.0,147508.0,139821.0,139822.0,0.0,-197848.0,38519692.2,38384353.2,0.008693096462489386,1.0549774354353065,0.0,0.0,,0.008693096462489386,-3.9226218242262183,0.0,-8.06458000621388,126.53719014237191,0.0,0.0,0.0,0.0,0.9679447293325038,-2.68798791633276,-146.61433954508087,0.0,0.25000000000000006,-0.7049864951932301,0.0,0.0,0.0,0.19211601694112554,0.19262300615402064,-0.7049864951932301,0.0,0.0,Specialty Chemicals,Basic Materials,LWLG
2008Q2,2008,Q2,2008-08-14,2008-06-30,-1478060.0,0.0,-1481308.0,-0.04,0.0,0.0,605068.0,444574.0,314245.0,160494.0,160494.0,0.0,-12103708.0,43026845.56,42821278.56,0.012812274588692855,1.9579859683228034,0.0,0.0,,0.012812274588692855,-3.3246658599018386,0.0,-7.277587777221493,96.78219050146882,0.0,0.0,0.0,0.0,1.912152479220407,-2.442799817541169,-107.57840963301147,0.0,-0.3333333333333334,-0.4198843970905003,0.0,0.0,0.0,-0.46368659761145553,-0.46142963411674404,-0.4198843970905003,0.0,0.0,Specialty Chemicals,Basic Materials,LWLG
2008Q1,2008,Q1,2008-05-20,2008-03-31,-1009820.0,0.0,-1013602.0,-0.03,0.0,0.0,599500.0,327318.0,281645.0,272182.0,272182.0,0.0,-10626816.0,67436926.0,67261463.0,0.009707381976456044,1.0347671778442367,0.0,0.0,,0.009707381976456044,-3.0851343341948807,0.0,-16.695283812956763,206.02877324192377,0.0,0.0,0.0,0.0,1.0167681918716154,-1.6844370308590493,-169.44462144587274,0.0,0.4143212171461839,-0.4974288715354552,0.0,0.0,0.0,0.3765731215608947,0.37629635463906363,-0.4974288715354552,0.0,0.0,Specialty Chemicals,Basic Materials,LWLG
2007Q4,2007,Q4,2008-04-10,2007-12-31,-1619789.0,0.0,-1625134.0,-0.05122261703560452,0.0,0.0,871271.0,653180.0,600384.0,218091.0,218091.0,0.0,-9616996.0,27511605.45,27032154.45,0.02065552303128133,2.7529058970796596,0.0,0.0,,0.02065552303128133,-2.479850883370587,0.0,-4.246171175690167,42.11948536391194,0.0,0.0,0.0,0.0,2.66262706851727,-1.8591104260327729,-61.020149114693886,0.0,-1.5611308517802258,-2.74962149269199,0.0,0.20704315667120632,0.0,-1.3650559802827924,-1.3669194570952938,-2.74962149269199,0.0,0.20704315667120632,Specialty Chemicals,Basic Materials,LWLG
2007Q3,2007,Q3,2007-11-14,2007-09-30,-684884.0,0.0,-686603.0,-0.02,0.0,0.0,488796.0,279818.0,227324.0,204177.0,208978.0,0.0,-7997207.0,21503323.8,21443208.8,0.008848689708146422,1.1133673234497519,0.023555839245820342,0.04114817488510389,,0.008848689708146422,-2.447605229113209,0.0,-7.849257611507935,76.84753589833392,0.0,0.0,0.0,0.0,0.847372622773378,-1.4011653123184313,-59.128508459569225,0.0,0.5,-0.08290496002297097,0.0,0.0,0.0,0.41790916655122035,0.41656717648128494,-0.08290496002297097,0.0,0.0,Specialty Chemicals,Basic Materials,LWLG
2007Q2,2007,Q2,2007-08-14,2007-06-30,-1176593.0,0.0,-1176833.0,-0.04,0.0,0.0,783202.0,553531.0,518323.0,223408.0,229671.0,0.0,-7312324.0,23361984.75,22938198.75,0.01777024745296951,2.3200735873379648,0.016451694454304253,0.0232778290646775,,0.01777024745296951,-2.125613560938773,0.0,-4.9639052650321736,42.205377386271046,0.0,0.0,0.0,0.0,1.955037420325145,-1.502285489567187,-65.40602252620498,0.0,-0.3333333333333334,-0.2590892989089893,0.0,0.0,0.0,-0.5853117286279413,-0.589930273623002,-0.2590892989089893,0.0,0.0,Specialty Chemicals,Basic Materials,LWLG
2007Q1,2007,Q1,2007-03-31,2007-03-31,-742184.0,0.0,-740179.0,-0.03,0.0,0.0,932219.0,644402.0,603877.0,280348.0,287817.0,0.0,-6135731.0,17281297.2,17167327.2,0.022373389886495326,2.1540264243012257,0.015020075754731452,0.021728672474635398,,0.022373389886495326,-1.1517406836105413,0.0,-5.821095981589471,26.817572260793728,0.0,0.0,0.0,0.0,0.45683222280879476,-0.7961476863269253,-38.80394297506001,0.0,-1.1960737520023537,-0.2884171681278648,0.0,0.0,0.0,-0.6175400743186549,0.0,-0.2884171681278648,0.0,0.0,Specialty Chemicals,Basic Materials,LWLG
