Quarters,Year,Quarter,FillingDate,Date,NetIncome,Revenue,OperatingIncome,EPSDiluted,GrossProfit,GrossProfitRatio,TotalAssets,CommonStockEquity,CurrentAssets,CurrentLiability,TotalLiability,Inventory,RetainedEarnings,MarketCap,EnterpriseValue,bookValuePerShare,currentRatio,debtToAssets,debtToEquity,roic,shareholdersEquityPerShare,roe,priceToSalesRatio,peRatio,pbRatio,payoutRatio,inventoryTurnover,dividendYield,assetTurnover,quickRatio,returnOnAssets,priceToFreeCashFlowsRatio,grossProfitMargin,epsdilutedGrowth,fiveYNetIncomeGrowthPerShare,fiveYRevenueGrowthPerShare,fiveYShareholdersEquityGrowthPerShare,grossProfitGrowth,netIncomeGrowth,operatingIncomeGrowth,threeYNetIncomeGrowthPerShare,threeYRevenueGrowthPerShare,threeYShareholdersEquityGrowthPerShare,Industry,Sector,Symbol
2023Q1,2023,Q1,2023-05-03,2023-03-31,45351000.0,1471539000.0,68703000.0,0.18,194421000.0,0.1321208612,6581791000.0,3696477000.0,3033603000.0,1457549000.0,2854628000.0,568565000.0,1901569000.0,6383486600.0,6798663600.0,15.067366404434843,2.081304299203663,0.2013097954644868,0.3584437289884395,0.010758567344060839,15.067366404434843,0.012268708827351016,4.337966306023829,35.18933761107803,1.7269109479106728,0.4063857467310533,2.246212834064707,0.0028871369448789947,0.22357729074046867,1.6581699826215104,0.006890373759968981,82.34419390624596,0.13212086122080352,-0.7313432835820896,3.6333208073672876,0.3994220276731106,1.0917373882164534,-0.41837833633486304,-0.7239761170047656,-0.6947645746883359,-0.30292233100802657,0.25374012604367874,0.7868493577902808,Semiconductors,Technology,AMKR
2022Q4,2022,Q4,2023-02-22,2022-12-31,164301000.0,1906210000.0,225082000.0,0.67,334274000.0,0.1753605322,6821757000.0,3668752000.0,3301239000.0,1662411000.0,3122056000.0,629576000.0,1874644000.0,5874068860.0,6294066860.0,14.977126597729397,1.9858139774099184,0.20215759664262448,0.37589621756935326,0.0338772911261729,14.977126597729397,0.044783893814572366,3.0815434081239736,8.937968819422888,1.6011081861079737,0.11193480258793312,2.49681690534582,0.003130879197762758,0.2794309442567362,1.5679275461964581,0.024084850867599067,26.67606203451408,0.17536053215542882,-0.4596774193548387,0.5916571523158728,0.6203522584625195,1.1480178639486864,-0.20642977199996201,-0.4632107187313162,-0.29504802888936915,0.6262088938863895,0.5873406069835556,0.8333707280186333,Semiconductors,Technology,AMKR
2022Q3,2022,Q3,2022-11-03,2022-09-30,306081000.0,2083691000.0,319287000.0,1.24,421228000.0,0.2021547341,6693924000.0,3487346000.0,3201146000.0,1789157000.0,3175081000.0,669297000.0,1728740000.0,4172885200.0,4816803200.0,14.248954009087045,1.7891923403032826,0.18942581361843966,0.3636008586472349,0.06441766306931933,14.248954009087045,0.08776903696966117,2.002641082578943,3.4083177328876997,1.1965790604086892,0.040028619875131094,2.483894295058845,0.002936098026372736,0.3112809467212356,1.387616626154105,0.04572519795563858,-27.489543409376875,0.20215473407525397,1.4313725490196079,4.492468045769344,0.793232155667578,1.1830224078539677,0.6906263169512954,1.4530045360560355,1.235762451946306,4.5415261265496065,0.8818572272573493,0.8337872676824717,Semiconductors,Technology,AMKR
2022Q2,2022,Q2,2022-08-04,2022-06-30,124778000.0,1504868000.0,142809000.0,0.51,249155000.0,0.1655660164,6390662000.0,3196295000.0,2963887000.0,1784962000.0,3163112000.0,636969000.0,1434906000.0,4145834400.0,4664690400.0,13.067864034800811,1.6604762454326758,0.19603258629544168,0.3919469260503176,0.028633303056322397,13.067864034800811,0.039038324059575226,2.7549488725921476,8.306421003702576,1.297075019671213,0.09813428649281124,1.9713879325367483,0.002953567079283244,0.23547920387590518,1.2762663855028846,0.01952505076938821,36.35516893639784,0.16556601642137384,-0.27142857142857135,0.05496086739095644,0.48529426972387585,1.0732210721779085,-0.2341468662588756,-0.27127572593267457,-0.319983048264828,13.929567201512643,0.6459065494438432,0.7336946261597435,Semiconductors,Technology,AMKR
2022Q1,2022,Q1,2022-05-05,2022-03-31,171228000.0,1596816000.0,210008000.0,0.7,325330000.0,0.203736686,6225787000.0,3096123000.0,2939555000.0,1623117000.0,3098965000.0,516437000.0,1322370000.0,5308433160.0,5855260160.0,12.66810554698592,1.8110555184869606,0.22513282256524356,0.4527045598640623,0.03843826217208589,12.66810554698592,0.055304004395174224,3.3243862536447533,7.7505331487840765,1.7145420773011926,0.07141355385801387,2.462035059455461,0.0023035045617867404,0.2564842003107398,1.4557330124692183,0.027503028934333925,661.5694366899302,0.20373668600515024,-0.2045454545454546,17.712171352687708,0.706936554782875,1.1778430295914353,-0.1022110120098905,-0.21195859777341072,-0.17412352281888432,8.331296024405269,0.7478023527126779,0.67841912496719,Semiconductors,Technology,AMKR
2021Q4,2021,Q4,2022-02-18,2021-12-31,217283000.0,1724644000.0,254285000.0,0.88,362368000.0,0.210111768,6038554000.0,2942276000.0,2856563000.0,1679735000.0,3066008000.0,484959000.0,1163939000.0,6055378930.0,6545719930.0,12.045327449061887,1.700603368983798,0.21811264749805997,0.44764155368157166,0.051468148051115326,12.045327449061887,0.0738486124347274,3.511089204496696,6.967156807021258,2.058059451254743,0.05624001877735488,2.8090539612627046,0.002018040512619084,0.28560546117497665,1.3913152967581195,0.035982621004962446,30.07807855077935,0.21011176799385844,0.1891891891891892,1.1132154615767489,0.6461589857944193,1.073649486040679,0.11555511772239188,0.20142767093898947,0.20251488454135752,6.525502184752448,0.563091286659173,0.5751561801990321,Semiconductors,Technology,AMKR
2021Q3,2021,Q3,2021-10-29,2021-09-30,180854000.0,1681000000.0,211461000.0,0.74,324832000.0,0.19323735871505057,5770448000.0,2730013000.0,2575124000.0,1738985000.0,3010769000.0,445918000.0,959641000.0,6090295000.0,6730133000.0,11.183994264645637,1.480820133583671,0.20543119009130661,0.4342213755026075,0.04738902515556509,11.183994264645637,0.0662465709870246,3.623019036287924,8.418800524179725,2.2308666662026884,0.05403253453061586,3.0412945877941686,0.001604519978096299,0.2913118704128345,1.1959154334281203,0.03134141404618844,-143.23365475070554,0.19323735871505057,0.4509803921568627,1.9265778949808363,0.5050787896144379,1.0094308387707607,0.19064584707865992,0.4375625963785511,0.36325307030267867,2.129955472680732,0.44069068069993633,0.4898142107534939,Semiconductors,Technology,AMKR
2021Q2,2021,Q2,2021-07-30,2021-06-30,125806000.0,1406535000.0,155115000.0,0.51,272820000.0,0.19396602288602843,5567779000.0,2554248000.0,2371042000.0,1679653000.0,2984709000.0,374109000.0,788567000.0,5772237210.0,6252100210.0,10.474110463661974,1.4116260918177743,0.2163605990826863,0.47162530811416903,0.03519840425725533,10.474110463661974,0.04925363551229168,4.103870298286214,11.470512555045069,2.2598577781014217,0.0776115606568844,3.030440326215087,0.0016915451747347714,0.252620479368883,1.1611398306674057,0.0225953652255235,49.642123635800715,0.19396602288602843,0.04081632653061228,24.952024283192287,0.49071343322315036,0.983635115212847,0.027439047353634564,0.05005467035030757,0.07384664377492246,2.788724287620932,0.295422488890119,0.43605177003361717,Semiconductors,Technology,AMKR
2021Q1,2021,Q1,2021-04-30,2021-03-31,119809000.0,1326150000.0,144448000.0,0.49,265534000.0,0.2002292350035818,5053465000.0,2433917000.0,2114054000.0,1316857000.0,2591228000.0,307545000.0,672534000.0,5767860570.0,6344509570.0,10.005126054910859,1.6053785642632419,0.2427884629655098,0.5040940179965052,0.0346448949334443,10.005126054910859,0.04922476814123078,4.349327429023866,12.035532743783856,2.369785235075806,0.16240015357777796,3.4486530426441657,0.00337334784082688,0.26242390122420955,1.339539524792745,0.023708287284071424,86.81699309119918,0.2002292350035818,-0.057692307692307744,134.4112170695456,0.4874513935787462,0.9318179992580914,-0.046559976445326945,-0.05419423086031861,-0.09254361442150032,11.344184561855432,0.2718533495970408,0.38896842892967487,Semiconductors,Technology,AMKR
2020Q4,2020,Q4,2021-02-19,2020-12-31,126674000.0,1371041000.0,159179000.0,0.52,278501000.0,0.20313105151487082,5022311000.0,2325699000.0,2132932000.0,1315987000.0,2668352000.0,297293000.0,562502000.0,3654381640.0,4257527640.0,9.597120491224885,1.620785007754636,0.25907356195185843,0.5594653478373599,0.038351822454790865,9.597120491224885,0.05446706560049258,2.6654065341590805,7.212177794969766,1.5713046443241365,0.0,3.6749603926093113,0.0,0.2729900637375901,1.3635499438824243,0.02522225326149655,62.47340182921617,0.20313105151487082,0.368421052631579,13.74209552539378,0.9990456602709701,0.8827512836269241,0.15519837401746273,0.3746351097654936,0.24876636672445848,0.2404352485129972,0.17805735023622735,0.37641797464303633,Semiconductors,Technology,AMKR
2020Q3,2020,Q3,2020-10-30,2020-09-30,92151000.0,1354023000.0,127469000.0,0.38,241085000.0,0.1780508898297887,5136620000.0,2194618000.0,2268571000.0,1375370000.0,2913883000.0,299830000.0,445541000.0,2706760000.0,3604864000.0,9.080864797765594,1.6494259726473604,0.28517760706456774,0.6674733370454448,0.028641589036691985,9.080864797765594,0.041989539865252175,1.9990502376990642,7.343273540167767,1.2333627082253038,0.0,3.7118967414868425,0.0,0.2636019405757093,1.3912852541497924,0.01794000724211641,53.647012189079376,0.1780508898297887,0.6521739130434782,2.2059952620164447,0.8072872285300747,0.8131098809069276,0.25356177204658903,0.6626551674364896,0.4732213027599279,0.6746017713074937,0.18007489145302052,0.3912411622335443,Semiconductors,Technology,AMKR
2020Q2,2020,Q2,2020-07-30,2020-06-30,55424000.0,1172909000.0,86524000.0,0.23,192320000.0,0.16396838970457214,5115388000.0,2089404000.0,2341795000.0,1282835000.0,2998460000.0,306902000.0,353390000.0,2967916380.0,3869488380.0,8.666202125276858,1.8254841815198368,0.32935918057437674,0.8063543479384552,0.01797564402702071,8.666202125276858,0.026526224703312524,2.530389297038389,13.387324895352195,1.4204607534014486,0.0,3.1951209180780835,0.0,0.2292903294921128,1.5532621108716242,0.01083475974842964,44.05986223482431,0.16396838970457214,-0.11538461538461538,4.6843979997053955,0.5639473352861062,0.7802142076481616,0.018061701992504287,-0.1324954217470926,0.02915323587834382,-0.524615698023931,0.17442978631581849,0.3748959136726142,Semiconductors,Technology,AMKR
2020Q1,2020,Q1,2020-04-30,2020-03-31,63889000.0,1152616000.0,84073000.0,0.26,188908000.0,0.16389500058996231,4811637000.0,2031517000.0,2153703000.0,1047749000.0,2753012000.0,238201000.0,297966000.0,1876759010.0,2499584010.0,8.432365234788456,2.0555524271557406,0.32510183124786846,0.7700019246700864,0.02092651130512515,8.432365234788456,0.031448912315279666,1.6282604180403535,7.343826832475075,0.9238214644524264,0.0,4.045776466093761,0.0,0.23954758016866193,1.7946464277226701,0.013278017439802711,46.110882042210264,0.16389500058996231,-0.3658536585365853,1.1810322894146614,0.524441576221187,0.7387331778668776,-0.15281813941807484,-0.35561338214973726,-0.2898340161338007,7.325861324301389,0.24992118238808406,0.44965383982947305,Semiconductors,Technology,AMKR
2019Q4,2019,Q4,2020-02-19,2019-12-31,99147000.0,1178464000.0,118385000.0,0.41,222984000.0,0.18921579276074618,4695615000.0,1963739000.0,2001533000.0,1059803000.0,2705376000.0,220602000.0,234077000.0,3124992000.0,3730371000.0,8.169175153088393,1.8885896718541086,0.31951661283985167,0.7640154827092602,0.032587263803972345,8.169175153088393,0.05048888879835864,2.6517500746734735,7.87969378801174,1.5913479337121683,0.0,4.3312390640157385,0.0,0.2509711720402972,1.6471938652749616,0.0211148060477701,22.879969542106572,0.18921579276074618,0.7826086956521737,6.428793718782342,0.3594979549725416,0.7313980652526983,0.22357330992098332,0.8336785648233771,0.5012998541627037,-0.020156198712163346,0.14300433177562946,0.4063549479426855,Semiconductors,Technology,AMKR
2019Q3,2019,Q3,2019-10-31,2019-09-30,54070000.0,1083917000.0,78855000.0,0.23,182240000.0,0.16813095467641895,4405930000.0,1861639000.0,1663001000.0,992255000.0,2518310000.0,216663000.0,134930000.0,2180232600.0,2918571600.0,7.770232818278196,1.6759814765357695,0.30347554318838477,0.7182337714239979,0.020321118191990378,7.770232818278196,0.029044299136406146,2.0114386987195516,10.080601997410763,1.171136079551406,0.0,4.161656581880616,0.0,0.2460132140093011,1.4127991292560884,0.012272096923918447,36.593977743835914,0.16813095467641895,6.75,0.13248747352022758,0.3154362051823283,0.6435081142668304,0.4761773616083724,6.7216931216931215,2.503109729009329,-0.10855473710367812,-0.011233161829246316,0.39607952937121493,Semiconductors,Technology,AMKR
2019Q2,2019,Q2,2019-08-01,2019-06-30,-9450000.0,895305000.0,22510000.0,-0.04,123454000.0,0.1378904395708725,4309284000.0,1805311000.0,1513120000.0,1038893000.0,2478108000.0,217638000.0,80860000.0,1839421440.0,2630078440.0,7.537581208143361,1.4564733808005252,0.31144268978326795,0.7434148465278282,0.019993368830983335,7.537581208143361,-0.005234555154208887,2.054519342570409,-48.661942857142854,1.0188944951867018,0.0,3.5464900430990913,0.0,0.20776189269493495,1.2069616409004584,-0.0021929397087776066,39.62989206075622,0.1378904395708725,0.6,-1.1855560350526904,0.13435374174840797,0.6277915506977512,0.022300245940328416,0.5869574719174789,0.6773472429210134,-2.9848494952526647,-0.033858984991044686,0.4275017262911481,Semiconductors,Technology,AMKR
2019Q1,2019,Q1,2019-05-03,2019-03-31,-22879000.0,894964000.0,13420000.0,-0.1,120761000.0,0.134933919129708,4847186000.0,1807011000.0,2002929000.0,1467618000.0,3014604000.0,227502000.0,90310000.0,2099660780.0,2928057780.0,7.547641324233337,1.364748183791695,0.3886376549197823,1.0424944839848789,0.062243341016237165,7.547641324233337,-0.012661240025655628,2.3460840659512563,-22.94310044145286,1.1619524064878408,0.0,3.403060192877425,0.0,0.18463578661928798,1.1858099314671802,-0.004720058194589603,-13.890411950330448,0.134933919129708,-1.8333333333333335,-2.003918018368062,0.1641058210583554,0.6700565434375367,-0.3378242035422493,-1.8085880897685103,-0.8219710537138005,-24.88651564713366,0.019974598368558895,0.45731990602371714,Semiconductors,Technology,AMKR
2018Q4,2018,Q4,2019-02-22,2018-12-31,28295000.0,1081271000.0,75381000.0,0.12,182370000.0,0.1686626201941974,4495447000.0,1830540000.0,1671208000.0,1158423000.0,2639547000.0,230589000.0,113189000.0,1570319680.0,2221061680.0,7.6470686529254985,1.442657820157231,0.2963689706496373,0.7278240300676303,0.011933555533564108,7.6470686529254985,0.015457187496585707,1.452290572853614,13.874533309772044,0.8578450511870813,0.0,3.8982822250844578,0.0,0.24052580310701027,1.2137405766287443,0.006294146054886199,9.39714719998085,0.1686626201941974,-0.5,-0.3730752123752483,0.2960737676784459,0.7366785246360195,-0.09136203520554839,-0.5006353464402951,-0.18685479434322513,3.8813193442568124,0.5960083221564962,0.5001925145613269,Semiconductors,Technology,AMKR
2018Q3,2018,Q3,2018-11-02,2018-09-30,56662000.0,1144192000.0,92703000.0,0.24,200707000.0,0.17541374174963642,4495469000.0,1796944000.0,1611236000.0,1171333000.0,2673628000.0,228108000.0,84894000.0,1747401000.0,2565374000.0,7.506972469398838,1.3755575912229911,0.3037809848093714,0.7599780516254263,0.023448970941419334,7.506972469398838,0.031532423937529495,1.5271921146101353,7.709756979986587,0.9724293021930567,0.0,4.136132884423168,0.0,0.2545211634203239,1.1485572420481622,0.012604246631441569,13.200784159672436,0.17541374174963642,0.7142857142857141,1.021702477372928,0.3475075686716219,0.7687373094030856,0.18259808976119069,0.7385781350679635,0.718599951799188,0.9902916958440389,0.5419207485487961,0.49886230695917627,Semiconductors,Technology,AMKR
2018Q2,2018,Q2,2018-08-02,2018-06-30,32591000.0,1065684000.0,53941000.0,0.14,169717000.0,0.15925640246076697,4381681000.0,1745751000.0,1458179000.0,1161652000.0,2611523000.0,243019000.0,28232000.0,2056025090.0,3005355090.0,7.29368584213143,1.2552631941407582,0.30344335883876533,0.7616160609388166,0.013284075997035542,7.29368584213143,0.01866875631175351,1.9293008903202076,15.771417645975882,1.1777310108944516,0.0,3.6868187261078353,0.0,0.24321350641454728,1.0123617055710317,0.00743801294526005,-20.515731762076296,0.15925640246076697,2.5,-0.26306427426821294,-0.03985178345664981,0.31822760538631467,0.07571733715321574,2.414815590947192,0.4934245134139926,2.3669964592312893,0.4313459469085423,0.4982714428518837,Semiconductors,Technology,AMKR
2018Q1,2018,Q1,2018-05-03,2018-03-31,9544000.0,1025319000.0,36119000.0,0.04,157771000.0,0.15387503791502938,4391710000.0,1723125000.0,1491584000.0,1168081000.0,2644636000.0,228611000.0,-4359000.0,2423237820.0,3273646820.0,7.203278236223633,1.2769525401063797,0.306393637102632,0.7809021400072542,0.009466378784340316,7.203278236223633,0.005538774029742474,2.3633989226767476,63.475424874266565,1.406304139281828,0.0,3.794865513907905,0.0,0.2334669183529878,1.0531255965981812,0.002173185387924066,-29.20548883960854,0.15387503791502938,-0.9047619047619048,-0.5455991610205884,-0.04983790009992048,0.644311104213123,-0.30033171614322335,-0.9052892726009725,-0.6720270957431352,-0.6718662558647043,0.365744954790881,0.485298431697099,Semiconductors,Technology,AMKR
2017Q4,2017,Q4,2018-02-23,2017-12-31,100770000.0,1148423000.0,110128000.0,0.42,225494000.0,0.19635099610509368,4521509000.0,1667328000.0,1650870000.0,1361789000.0,2830730000.0,326492000.0,-42851000.0,2403236400.0,3171301400.0,6.972533538523301,1.2122803165541798,0.3017640792045311,0.8183326855903578,0.04153228661636903,6.972533538523301,0.06043801819438047,2.0926404295281444,5.962182197082465,1.4413699044219255,0.0,2.8268043321122724,0.0,0.2539910901426935,0.9462927076074193,0.022286807346839296,35.663205069227004,0.19635099610509368,0.826086956521739,7.986104909129534,0.012682970113724129,0.6148347617500552,0.04087925479371117,0.8511986773215762,0.12104400582265337,6.590058197365923,0.33180072281729317,0.47777846016006076,Semiconductors,Technology,AMKR
2017Q3,2017,Q3,2017-11-03,2017-09-30,54435000.0,1135027000.0,98237000.0,0.23,216638000.0,0.19086594415815658,4412269000.0,1560437000.0,1566472000.0,1355739000.0,2829419000.0,314207000.0,-143621000.0,2522167400.0,3364385400.0,6.527168002409356,1.1554377354343277,0.30860924390602656,0.8726190163396536,0.025143204688391332,6.527168002409356,0.03488445864844271,2.2221210596752323,11.583390281987693,1.6163211972030913,0.0,2.922878866479741,0.0,0.2572433820331444,0.8933496786623384,0.012337189776960562,35.21154001870751,0.19086594415815658,-0.5208333333333333,0.57496099535951,0.053969998774723346,0.5465022013251004,0.2578047435190292,-0.5287298605279334,-0.41627399832435097,0.14260271888817896,0.380447658098563,0.38058328830353993,Semiconductors,Technology,AMKR
2017Q2,2017,Q2,2017-08-04,2017-06-30,115507000.0,989447000.0,168293000.0,0.48,172235000.0,0.1740719816220576,4384131000.0,1505594000.0,1596632000.0,1388091000.0,2857177000.0,295750000.0,-198056000.0,2333691510.0,3244304510.0,6.303169599310065,1.1502358274781697,0.3577082892824142,1.0416088268151973,0.04278378164839889,6.303169599310065,0.07671855759255151,2.3585816218554405,5.0509742050265345,1.5500138217872812,0.0,2.763185122569738,0.0,0.22568828349335365,0.9091572526585072,0.02634661236172003,-27.10946877468519,0.1740719816220576,13.0,137.12625849096642,0.0013340630663949864,0.5631029493197252,0.20523281037885044,12.543773735758545,5.825917663759887,1.2741689279844115,0.2570170712884574,0.36121202983352446,Semiconductors,Technology,AMKR
2017Q1,2017,Q1,2017-05-05,2017-03-31,-10006000.0,913600000.0,24655000.0,-0.04,142906000.0,0.1564207530647986,4178321000.0,1388386000.0,1494665000.0,1039107000.0,2769392000.0,267208000.0,-313563000.0,2766359150.0,3675049150.0,5.8168129543121685,1.4384129834559867,0.3644200625083616,1.096715178631879,0.00889657376242938,5.8168129543121685,-0.007206929485027939,3.0279763025394044,-69.11750824505297,1.9925000324117357,0.0,2.8842474776204305,0.0,0.21865242043394942,1.1161198991056744,-0.0023947418113639428,192.21506045025015,0.1564207530647986,-1.0952380952380951,-1.5976873747461187,-0.01905247549653901,0.3956573156257606,-0.3709763322725332,-1.0997975324895526,-0.8053895760484335,-1.4403987980716175,0.19197569889240845,0.28707845524019016,Semiconductors,Technology,AMKR
2016Q4,2016,Q4,2017-02-24,2016-12-31,100263000.0,1021613000.0,126689000.0,0.42,227187000.0,0.2223806862285425,4092086000.0,1383588000.0,1409696000.0,1005661000.0,2688682000.0,267990000.0,-303557000.0,2512904500.0,3438216500.0,5.808757714429657,1.4017606330562684,0.36041031395723355,1.0659459318814561,0.03746084071015446,5.808757714429657,0.07246593639146914,2.459742094119789,6.265782242701695,1.8162231097696715,0.0,2.964386730848166,0.0,0.2496557990227967,1.1063618853669377,0.024501684470951978,36.19960961134,0.2223806862285425,0.6799999999999999,1.8435018791535052,0.05297054054134212,0.4065206176135115,0.06261459307764265,0.6685749471617102,0.10534397766435458,1.2325806074811294,0.23067190387326683,0.3191910829262009,Semiconductors,Technology,AMKR
2016Q3,2016,Q3,2016-11-04,2016-09-30,60089000.0,1086014000.0,114615000.0,0.25,213800000.0,0.196866707059025,4241114000.0,1321048000.0,1487046000.0,1074960000.0,2901054000.0,272589000.0,-403820000.0,2307071160.0,3336283160.0,5.565752276145656,1.3833500781424426,0.3723191595415733,1.1952994894962181,0.02835204702592816,5.565752276145656,0.0454858566834816,2.124347531431455,9.59855863802027,1.7463946503079375,0.0,3.1997402683160363,0.0,0.2560680990890601,1.0984780829054104,0.01416821146519523,24.88186236127738,0.196866707059025,11.5,0.8072473547570467,0.2079512549504068,0.43775040550496896,0.6245459933437685,11.7496286866115,2.7527011983498135,1.1621972693903047,0.28986044435265507,0.31136137049165286,Semiconductors,Technology,AMKR
2016Q2,2016,Q2,2016-08-08,2016-06-30,4713000.0,917326000.0,30542000.0,0.02,131606000.0,0.14346698992506482,4120848000.0,1251897000.0,1362527000.0,1036844000.0,2850848000.0,251627000.0,-463909000.0,1363267500.0,2500666500.0,5.2802606605086675,1.3141099336062128,0.39718014350444375,1.30739110326169,0.006501942433278073,5.2802606605086675,0.0037646867114467086,1.4861319748922412,72.31421069382559,1.0889613921912107,0.0,3.1225583899978937,0.0,0.2226061237881135,1.0407679458047692,0.0011436966371970042,-61.72820919175911,0.14346698992506482,6.417118093174431,-0.7295872692453425,0.10893253086260178,0.3443486234468209,0.07097750724260278,6.386285714285714,0.38236625328143387,-0.8924150866988886,-0.16563602054036966,-0.04566970432005712,Semiconductors,Technology,AMKR
2016Q1,2016,Q1,2016-05-05,2016-03-31,-875000.0,868682000.0,22094000.0,-0.003692,122884000.0,0.14146028120762258,3959154000.0,1227582000.0,1219573000.0,940110000.0,2713987000.0,237000000.0,-461025000.0,1396077250.0,2517221250.0,5.179124564919312,1.2972662773505228,0.387610332914557,1.2501071211536174,-0.0022067320946796047,5.179124564919312,-0.0007127833415608896,1.607121190493184,-398.8792142857143,1.1372578369510142,0.0,3.1468270042194093,0.0,0.2194110155856529,1.0118071289529948,-0.00022100681105104777,-23.00341489536991,0.14146028120762258,0.9077,-1.0285390796815128,0.06961964149130058,0.32756021579709466,0.19746638082245177,0.9099886842917395,0.05601758914061753,-1.0420444992904891,-0.18755876350987624,0.1822522680540524,Semiconductors,Technology,AMKR
2015Q4,2015,Q4,2016-02-22,2015-12-31,-9721000.0,670644000.0,20922000.0,-0.04,102620000.0,0.1530170999815103,4031300000.0,1207883000.0,1317480000.0,1018184000.0,2806167000.0,238205000.0,-460150000.0,1440722880.0,2513427880.0,5.097391553884394,1.29395079867686,0.39587155508148736,1.3212181974578663,0.007938101286913834,5.097391553884394,-0.008047964910508716,2.1482677545761986,-37.05181771422693,1.1927669153386544,0.0,2.3846014987090953,0.0,0.16635923895517574,1.0305750237678062,-0.002411380944112321,-46.84972944849115,0.1530170999815103,-1.3333333333333335,-1.1573261498121192,-0.26826623678910255,0.5701826576398944,-0.18941548183254345,-1.3450344289060836,-0.5921239886928551,-1.874791846749672,-0.4032159244227489,0.18055295539058408,Semiconductors,Technology,AMKR
2015Q3,2015,Q3,2015-10-30,2015-09-30,28174000.0,734362000.0,51295000.0,0.12,126600000.0,0.17239454111187671,3647488000.0,1186441000.0,1104771000.0,752191000.0,2444083000.0,208213000.0,-450429000.0,1063627120.0,2073559120.0,5.008447029819999,1.468737328683805,0.3948953361875351,1.2140308704773353,0.012163254894326715,5.008447029819999,0.023746650697337668,1.448368951552504,9.438020160431604,0.8964854720968005,0.0,2.9189435818128553,0.0,0.20133363015861874,1.1176682518137016,0.007724220065974172,28.902125485720497,0.17239454111187671,1.9999999999999996,-0.7205161417536842,-0.2841538036519259,0.5983663453054153,0.09993223166345201,1.9415326790561704,0.32740729239448285,-0.17734361500259752,-0.31180638458314397,0.18666692108701455,Semiconductors,Technology,AMKR
2015Q2,2015,Q2,2015-07-31,2015-06-30,9578000.0,736722000.0,38643000.0,0.04,115098000.0,0.15622989404415777,3644228000.0,1152953000.0,1152378000.0,717398000.0,2475035000.0,219993000.0,-478603000.0,1416303200.0,2464534200.0,4.868067049484885,1.6063300984948383,0.40901063270464966,1.2927916402489954,0.005301269313777493,4.868067049484885,0.008307363786728514,1.9224391290065994,36.96761328043433,1.2284136473906568,0.0,2.8256535435218395,0.0,0.20216133567932631,1.2277578136543452,0.0026282658494474003,-56.75656007052977,0.15622989404415777,-0.6666666666666666,-0.8744835241775675,-0.23902223804778178,0.817139634179575,-0.1470873750435356,-0.6672110072617352,-0.28411048741177125,10.551452762578773,-0.248058727308307,0.20721643970501705,Semiconductors,Technology,AMKR
2015Q1,2015,Q1,2015-04-30,2015-03-31,28781000.0,742875000.0,53979000.0,0.12,134947000.0,0.18165505636883728,3633876000.0,1147967000.0,1205950000.0,701395000.0,2470292000.0,227605000.0,-488181000.0,2091315180.0000002,3122803180.0,4.849717795765247,1.7193592768696668,0.41984839328584683,1.329025137482175,0.016077832222144876,4.849717795765247,0.02507127818134145,2.815164300858153,18.16576196101595,1.8217554860026466,0.0,2.6709782298279916,0.0,0.20443047588855537,1.3220524811268972,0.007920193204170973,35.521276942675165,0.18165505636883728,1.0,-0.4970720993872178,-0.10950073845479041,1.0749576595910377,0.12389336309350302,1.1911686334221545,0.3505554443554844,0.7335311660811802,-0.19570083313568098,0.16361728897651612,Semiconductors,Technology,AMKR
2014Q4,2014,Q4,2015-02-19,2014-12-31,13135000.0,853113000.0,39968000.0,0.06,120071000.0,0.14074454380603743,3635405000.0,1116235000.0,1197948000.0,700590000.0,2504469000.0,223379000.0,-516962000.0,1679703800.0,2760581800.0,4.71825359923577,1.709913073266818,0.4210876092209809,1.3714173090791812,0.013457697620261277,4.71825359923577,0.011767235393980658,1.9689112696676758,31.97,1.5047940621822464,0.0,3.281606596860045,0.0,0.23466793933550734,1.3126493384147646,0.003613077497555293,-54.94435249092277,0.14074454380603743,-0.7000000000000001,-0.8843809897216778,-0.010319142350684617,1.2559666760790407,-0.21633369665246024,-0.7211075015393762,-0.46836924714019684,-0.6249474954198132,-0.11471004081415576,0.14246819934817476,Semiconductors,Technology,AMKR
2014Q3,2014,Q3,2014-10-31,2014-09-30,47097000.0,812824000.0,75180000.0,0.2,153217000.0,0.18849960138972274,3759941000.0,1117362000.0,1270385000.0,929228000.0,2628871000.0,229557000.0,-530097000.0,1987594170.0,3037971170.0,4.727833559704997,1.3671402497557112,0.4085088037285691,1.3746386578387308,0.021232044262778683,4.727833559704997,0.04215017156481069,2.445294639429938,10.550534906681955,1.7788274256686734,0.0,2.8733909225159766,0.0,0.21617998793066168,1.0427171802829875,0.012525994423848672,-47.892681381171535,0.18849960138972274,-0.04761904761904753,-0.5488664414180411,0.021722694617413014,1.8482668438516188,0.01660761442201786,-0.0489489307566487,0.233247486097669,0.4225871199018629,-0.09202579470118938,0.2212984481467373,Semiconductors,Technology,AMKR
2014Q2,2014,Q2,2014-08-01,2014-06-30,49521000.0,767459000.0,60961000.0,0.21,150714000.0,0.19638052325922298,3609373000.0,1078415000.0,1247925000.0,817853000.0,2518323000.0,205668000.0,-577194000.0,2603721380.0,3613897380.0,4.630556784074954,1.5258548907933334,0.4255894306296412,1.4244154615801894,0.01651349520748142,4.630556784074954,0.04592016987894271,3.3926520895578784,13.144531511883848,2.4143964800192874,0.0,2.9987406888772195,0.0,0.2126294511539816,1.2004272161378633,0.013720111498589921,-83.75864955285337,0.19638052325922298,1.3333333333333333,3.2198888111690773,0.1908191922875345,2.858590023126918,0.16995808104331625,1.400087238889158,0.34420409693281295,1.892541716554072,-0.05551049772825647,0.17893472286722606,Semiconductors,Technology,AMKR
2014Q1,2014,Q1,2014-05-02,2014-03-31,20633000.0,696044000.0,45351000.0,0.09,128820000.0,0.18507450678405388,3503339000.0,979610000.0,1280759000.0,741697000.0,2511979000.0,197297000.0,-626715000.0,1486953020.0,2510970020.0,4.519392683973297,1.726795443422314,0.47172197723371906,1.6869999285429915,0.013056324865542184,4.519392683973297,0.021062463633486794,2.1362916999500032,18.016684679881745,1.5179030634640316,0.0,2.8749752910586577,0.0,0.1986801734002904,1.3959635808153463,0.0058895242510073964,41.36514924750327,0.18507450678405388,-0.5,1.788657350873203,0.5118136388252197,3.0520960302878497,-0.14218934162599137,-0.49475978255546305,-0.3917026584757357,-0.2641059138163397,-0.062812981000873,0.15845175214488677,Semiconductors,Technology,AMKR
2013Q4,2013,Q4,2014-02-28,2013-12-31,40838000.0,754875000.0,74554000.0,0.18,150173000.0,0.19893757244576918,3427298000.0,953740000.0,1232416000.0,690936000.0,2462358000.0,200423000.0,-647348000.0,1327745740.0,2370043740.0,4.403272421721345,1.783690529947781,0.48222827428487397,1.7329041457839662,0.018645547291154734,4.403272421721345,0.04281879757585925,1.7588948368935253,8.128126622263578,1.392146434038627,0.0,3.017128772645854,0.0,0.22025368088797648,1.4414996468558594,0.011915508951949903,73.60417650645823,0.19893757244576918,0.6363636363636362,1.0553862228806465,0.16254637411886896,2.398652131069822,0.06499631226597072,0.6110300209081226,0.28510359568380045,-0.2769357859838952,-0.09893001092108668,0.3563686290063798,Semiconductors,Technology,AMKR
2013Q3,2013,Q3,2013-11-01,2013-09-30,25349000.0,767987000.0,58014000.0,0.11,141008000.0,0.18360727460230447,3476918000.0,918877000.0,1288783000.0,779683000.0,2547561000.0,222663000.0,-688186000.0,926832218.9999999,1986399219.0,4.244255169769837,1.652957676388994,0.4748104499444623,1.796624575432838,0.015378491894305749,4.244255169769837,0.027586934921648924,1.2068332133226212,9.140717769931753,1.0086575450250685,0.0,2.8158203203944976,0.0,0.2208815393403008,1.3150318783402999,0.0072906522385630034,-187.807947112462,0.18360727460230447,-0.21428571428571436,-0.2650710523702504,-0.09805256471491287,-0.08670996910670305,0.01899854746746255,-0.14727352238705554,-0.007510307426479393,-0.7248584257991751,-0.1808742833207686,0.3544866470300752,Semiconductors,Technology,AMKR
2013Q2,2013,Q2,2013-08-02,2013-06-30,29727000.0,746059000.0,58453000.0,0.14,138379000.0,0.18547996874241848,3416333000.0,890174000.0,1337155000.0,773703000.0,2516334000.0,231974000.0,-713535000.0,690200940.0,1705204940.0,5.532948796041918,1.7282536063579952,0.4832699271411774,1.8547059338960699,0.034723785101679554,5.532948796041918,0.033394594764619055,0.925129165387724,5.804495408214755,0.775355087881695,0.0,2.6196039211290922,0.0,0.2183800583842383,1.3599133000647536,0.008701435135275161,-86.76316027655562,0.18547996874241848,1.0,-0.4823324908064968,0.2270417151043996,0.22077963711587903,0.20378763494645638,1.2214168285756988,0.4226294781931464,-0.4265259303996162,0.13443155597286188,1.065324994288608,Semiconductors,Technology,AMKR
2013Q1,2013,Q1,2013-05-03,2013-03-31,13382000.0,687529000.0,41088000.0,0.07,114953000.0,0.16719731094979268,3074731000.0,667671000.0,1132713000.0,664784000.0,2397837000.0,235330000.0,-743262000.0,594402900.0,1705700900.0,4.380727112872431,1.7038812606801608,0.5132156276435239,2.3634394784257515,0.014153982172724018,4.380727112872431,0.02004280551349392,0.864549568090946,11.104522866537138,0.8902631685365995,0.0,2.4330769557642458,0.0,0.22360622766674548,1.2769937302943513,0.004352250652170873,-42.85838200302834,0.16719731094979268,1.3034368877693816,-0.7778801506349565,0.17459614309540525,0.04342965197524081,0.019792054789659515,0.8726560313462076,-0.031149048551015114,-0.6368237007906288,0.27998672418976933,0.874299425292329,Semiconductors,Technology,AMKR
2012Q4,2012,Q4,2013-03-08,2012-12-31,7146000.0,722656000.0,42409000.0,0.03038937179988773,112722000.0,0.1559829296373378,3025215000.0,657955000.0,1091408000.0,652627000.0,2358421000.0,227439000.0,-756644000.0,646221585.6,1778173585.6,4.317800002624982,1.6723304429635917,0.5107075034336402,2.348184906262586,0.009428841294790808,4.317800002624982,0.010860925139257243,0.8942312602400035,22.6078080604534,0.9821668436291235,0.0,2.6817476334313817,0.0,0.23887756737950858,1.2500938514649256,0.0023621461615124877,-13.312902198141778,0.1559829296373378,-0.7237329836373844,-0.9088099051631328,0.15646764618835032,0.20133724453170238,-0.03480695625369262,-0.6797956714612179,-0.21490984486652598,-0.9023431146633119,0.3015501597975714,1.0644954144630343,Semiconductors,Technology,AMKR
2012Q3,2012,Q3,2012-11-02,2012-09-30,22317000.0,695353000.0,54018000.0,0.11,116787000.0,0.1679535430205953,3143557000.0,651513000.0,1182941000.0,738443000.0,2483731000.0,218343000.0,-763790000.0,682293300.0,1760348300.0,4.220600524730347,1.6019394861891845,0.5176111010552695,2.4974789451630284,0.01666529091794241,4.220600524730347,0.034254113118234016,0.9812186040759154,7.643201371152037,1.0472443374115328,0.0,2.649803291151995,0.0,0.22119942472810258,1.2498635642832283,0.007099282755171928,-119.93202671822816,0.1679535430205953,30.430275387263336,-0.5667486579340274,0.18755527251814666,0.3708715036324093,0.307512315270936,37.41135972461274,1.4593880896011655,-0.6727116213441321,0.3382114316825339,1.5426860704635912,Semiconductors,Technology,AMKR
2012Q2,2012,Q2,2012-08-02,2012-06-30,581000.0,686527000.0,21964000.0,0.0034998102512514384,89320000.0,0.13010413283090105,2845184000.0,669213000.0,972299000.0,708250000.0,2167917000.0,205778000.0,-786107000.0,809865280.0,1838585280.0,4.032472462580443,1.3728189198729261,0.4849960494646392,2.06197877208004,-0.0030959808273209556,4.032472462580443,0.0008681839713215374,1.1796553959276184,348.4790361445783,1.2101756540892064,0.0,2.9021907103772024,0.0,0.24129441189040848,1.0197924461701378,0.00020420471927298903,-32.089122751406606,0.13010413283090105,-0.9416698291458094,-0.9796211876094069,0.1436963610982169,0.47437223330862865,-0.1491793753155333,-0.950653983353151,-0.3596688143202822,-0.9305219722972701,0.4948857816136333,2.3602131964256396,Semiconductors,Technology,AMKR
2012Q1,2012,Q1,2012-05-03,2012-03-31,11774000.0,655010000.0,34301000.0,0.06,104981000.0,0.16027388894826033,2804212000.0,699631000.0,992405000.0,650762000.0,2096818000.0,205400000.0,-786688000.0,1031536569.9999999,2005071570.0,4.167794550415212,1.524989166546295,0.4830829480795318,1.9362592566652992,0.0129407676593099,4.167794550415212,0.016828871219257007,1.574840948993145,21.9028488618991,1.4744008913269995,0.0,2.6778432327166506,0.0,0.23358077064073615,1.1473349703885598,0.0041986839796705816,-15.874433603668763,0.16027388894826033,-0.4000000000000001,-0.6380233336142951,0.0699957531491423,0.6893627892859561,-0.061219562359716345,-0.5261971830985915,-0.21511601299711683,1.581112742363745,0.8370453808382167,2.736852478582407,Semiconductors,Technology,AMKR
2011Q4,2011,Q4,2012-02-24,2011-12-31,24850000.0,683769000.0,43702000.0,0.1,111827000.0,0.16354499838395717,2773047000.0,693266000.0,996830000.0,642186000.0,2071826000.0,198427000.0,-798462000.0,731895760.0,1643915760.0,4.129877402213671,1.5522449882121379,0.485621412114544,1.9424737402382346,0.02359345348811371,4.129877402213671,0.03584482723802985,1.0703845304481485,7.363136418511067,1.0557214114063,0.0,2.8823799180555065,0.0,0.2465767799824525,1.1840354663602135,0.008961261745653789,-560.839662835249,0.16354499838395717,-0.09090909090909087,-0.5524560790888999,0.06460577044627948,0.8715394107975454,-0.08517739837531393,-0.09197208316585669,-0.006659847709967042,1.0434865923710135,0.35873996896654714,2.1876330351151827,Semiconductors,Technology,AMKR
2011Q3,2011,Q3,2011-11-03,2011-09-30,27367000.0,740007000.0,43995000.0,0.11,122239000.0,0.1651862752649637,2889387000.0,756284000.0,1136449000.0,775275000.0,2125859000.0,224046000.0,-823312000.0,851787040.0000001,1694357040.0,3.871153334288815,1.465865660572055,0.4589070276844189,1.7532567130866183,0.01935812629603683,3.871153334288815,0.036186141713959306,1.1510526792314129,7.78115102130303,1.1262793342183623,0.0,2.7573266204261624,0.0,0.25611210959279596,1.1058682403018283,0.00947155919231311,20.19649176052164,0.1651862752649637,0.5714285714285713,-0.52755646226045,-0.054893982117921514,0.9894548504439584,-0.05837448100017717,0.8889425731639978,-0.21401007610676384,-0.12072834989731845,-0.03689299142511868,-0.16699500693379657,Semiconductors,Technology,AMKR
2011Q2,2011,Q2,2011-08-04,2011-06-30,14488000.0,687633000.0,55974000.0,0.07,129817000.0,0.18878820533627677,2817695000.0,774096000.0,1110915000.0,680298000.0,2036311000.0,217735000.0,-850679000.0,1216008280.0,2063890280.0,3.9277465446205677,1.6329828986708765,0.469658000599781,1.7095463611748414,0.021369778536682277,3.9277465446205677,0.018716024885802277,1.7683972118848281,20.983025262286027,1.5708752919534528,0.0,2.561903230991802,0.0,0.24404096255982283,1.2355585346421716,0.005141791428809718,416.1561533196441,0.18878820533627677,-0.3,-0.45088958303472054,-0.0970941253592684,1.3928403627642434,0.024714648816759548,-0.42285782575787756,0.11950239004780096,-0.7940436682105948,-0.07677033553962269,-0.1333892327261078,Semiconductors,Technology,AMKR
2011Q1,2011,Q1,2011-05-05,2011-03-31,25103000.0,664950000.0,49999000.0,0.1,126686000.0,0.19051958793894277,2701573000.0,757101000.0,1010783000.0,704118000.0,1937141000.0,185642000.0,-865167000.0,1308011580.0,2158588580.0,3.901235140441188,1.435530692298734,0.46029775986064414,1.6424862732977503,0.02209189651325771,3.901235140441188,0.03315673866498657,1.9670826077148658,13.026446839023224,1.7276579742993339,0.0,2.8994731795606596,0.0,0.24613438171021104,1.0814962832934252,0.009291993960555573,206.1159123857548,0.19051958793894277,-0.4444444444444444,-0.34042037529572067,-0.06092045967721222,1.6488001984083689,-0.20494781697344722,-0.5039324954549047,-0.42002575137166653,-0.6727673788625445,-0.10782271953938984,-0.07077881822339653,Semiconductors,Technology,AMKR
2010Q4,2010,Q4,2011-02-24,2010-12-31,50604000.0,750609000.0,86209000.0,0.18,159343000.0,0.21228495794747998,2736822000.0,630013000.0,1062067000.0,772208000.0,2100141000.0,191072000.0,-890270000.0,1438036470.0,2397338470.0,3.246368522211401,1.3753638915939748,0.49849789281144335,2.1655108704106105,0.03607864191279225,3.246368522211401,0.08032215208257608,1.915826309037062,7.104361661133507,2.2825504711807536,0.0,3.094467007201474,0.0,0.27426299554739036,1.055797142738744,0.01849005890774044,216.70230108499095,0.21228495794747998,-0.4,-0.1462787932836314,0.06268277241782891,1.5588882844726415,-0.15359241041549362,-0.3513970776723917,-0.268510190574779,-0.4929491914542758,-0.05681340691860552,-0.09676608160708546,Semiconductors,Technology,AMKR
2010Q3,2010,Q3,2010-11-08,2010-09-30,78020000.0,793971000.0,117854000.0,0.3,188258000.0,0.23710941583508718,2821904000.0,574492000.0,1136065000.0,901396000.0,2240901000.0,203873000.0,-940874000.0,1204543800.0,2167067800.0,3.133478782589724,1.2603395178145897,0.4890393152991739,2.4021605174658656,0.05328142565090302,3.133478782589724,0.1358069390000209,1.5171130935512758,3.8597276339400155,2.0967111813567465,0.0,2.971030984975941,0.0,0.28136003209180754,0.9625558578027859,0.027647999364967767,28.202851791149612,0.23710941583508718,0.30434782608695643,4.872933173379602,0.3923284807840021,2.223837071443876,0.05055273745947243,0.32125317527519054,0.16978997101679438,0.2752685793579794,0.14168093742894383,0.01776909354942335,Semiconductors,Technology,AMKR
2010Q2,2010,Q2,2010-08-05,2010-06-30,59050000.0,749165000.0,100748000.0,0.23,179199000.0,0.23919830744895984,2693058000.0,490986000.0,1096925000.0,804116000.0,2195911000.0,182288000.0,-1018894000.0,1009839740.0,2015871740.0,2.678972467453103,1.3641377612185306,0.5361321590548737,2.9406846631064836,0.053153092053038545,2.678972467453103,0.12026819501981727,1.3479537084620878,4.275358763759526,2.056758726318062,0.0,3.126733520582814,0.0,0.2781837598744624,1.0749518726153937,0.021926746471854674,92.28180023759481,0.23919830744895984,0.2777777777777779,2.0844014016485453,0.4733214718926182,1.3735616660747554,0.30844212739858057,0.33304738469873807,0.4603910881760332,0.8754899477931188,0.13011514966064175,-0.020501030952207004,Semiconductors,Technology,AMKR
2010Q1,2010,Q1,2010-05-05,2010-03-31,44297000.0,645738000.0,68987000.0,0.18,136956000.0,0.2120922107727902,2515698000.0,428247000.0,1015453000.0,681512000.0,2081183000.0,167072000.0,-1077944000.0,1297240080.0,2299794080.0,2.3372610874002597,1.4900001760790713,0.5676464345084347,3.3345872825729077,0.0373055904459239,2.3372610874002597,0.10343796920935815,2.0089263447404364,7.3212637424656295,3.029186614267,0.0,3.045285864776863,0.0,0.25668343338508837,1.1849079693387643,0.017608234374714295,35.4079231378115,0.2120922107727902,-0.41935483870967744,1.356780501845396,0.4833675701128058,0.6629637999894675,-0.21897418935410656,-0.4965449048712295,-0.3717431493438488,0.2476894437736057,-0.033579554784927544,-0.05262078969159684,Semiconductors,Technology,AMKR
2009Q4,2009,Q4,2010-02-24,2009-12-31,87986000.0,667612000.0,109807000.0,0.31,175354000.0,0.26265855017585066,2432909000.0,383209000.0,932925000.0,605837000.0,2043208000.0,155185000.0,-1122241000.0,1311898160.0,2350677160.0,2.0914553611387032,1.5398943940366798,0.5894938939352027,3.742566067080888,0.06316567624339169,2.0914553611387032,0.22960316694023367,1.9650607838085594,3.7275764326142795,3.423453415760068,0.0,3.1720720430453975,0.0,0.2744089483001625,1.2252866695167182,0.03616493670745597,-984.1696624156039,0.26265855017585066,0.0,3.337931468291248,0.41257540324966285,-0.0054735808324363625,0.13412583432503752,0.08808725869680818,0.2509484045158865,0.45177223056385574,-0.047688159488114355,-0.052213721357246765,Semiconductors,Technology,AMKR
2009Q3,2009,Q3,2009-11-05,2009-09-30,80863000.0,616205000.0,87779000.0,0.31,154616000.0,0.25091649694501017,2429509000.0,303861000.0,980823000.0,615164000.0,2119089000.0,142264000.0,-1210227000.0,1259452800.0,2281870800.0,1.6598983939691905,1.5944089706159659,0.6047040780668028,4.834888320646612,0.07997330372612595,1.6598983939691905,0.2661183896584293,2.0438860444170364,3.8937857858353015,4.144832012005489,0.0,3.244594556598999,0.0,0.25363355311711133,1.2900039664219622,0.03328367995343915,15.457581187559832,0.25091649694501017,5.2,4.475390900535302,0.2050440926777269,-0.2615721216607866,0.5101135886391827,7.767537677545267,1.1995890445285289,0.4897851841962946,-0.16011272918731276,-0.1469485639134932,Semiconductors,Technology,AMKR
2009Q2,2009,Q2,2009-08-05,2009-06-30,9223000.0,506516000.0,39907000.0,0.05,102387000.0,0.20213971523110819,2307739000.0,219655000.0,882891000.0,438201000.0,2081768000.0,118072000.0,-1291090000.0,863929920.0,1962810920.0,1.2000644681920496,2.014808272915854,0.6734622069480127,7.075527531811249,0.018814678957695584,1.2000644681920496,0.041988572989460744,1.7056320432128502,23.41781199175973,3.93312203227789,0.0,3.4227335862863337,0.0,0.2194858257367926,1.6810961179915154,0.003996552469755029,12.4453300296753,0.20213971523110819,1.4166666666666665,-0.11489055166212139,-0.015058358695377274,-0.4982647108566504,1.1313307937300943,1.4174814412456997,4.2775131406044675,-0.6236098013145417,-0.2838668324622158,-0.2689032592130905,Semiconductors,Technology,AMKR
2009Q1,2009,Q1,2009-05-06,2009-03-31,-22092000.0,388776000.0,-12176000.0,-0.12,48039000.0,0.12356472621766776,2136053000.0,204143000.0,667226000.0,385093000.0,1925935000.0,110377000.0,-1300313000.0,492364150.0,1664905150.0,1.1153222061354386,1.732636012599554,0.6853856154318269,7.171541517465698,-0.008490294057707248,1.1153222061354386,-0.10821825876958799,1.2664468742926518,-5.571747125656346,2.411859088971946,0.0,3.0870290006070107,0.0,0.18200671987071482,1.3599546083673295,-0.010342440004999875,-4.644287600811206,0.12356472621766776,0.9647489094193852,-2.9318575449387008,-0.20174424402910052,-0.5379364311274435,-0.5079181348848644,0.9645437649860852,0.9811249387676644,-1.615452001619845,-0.4178560555373245,-0.2427358068535408,Semiconductors,Technology,AMKR
2008Q4,2008,Q4,2009-02-24,2008-12-31,-623078000.0,548712000.0,-645084000.0,-3.40415,97624000.0,0.17791482599250608,2383993000.0,237139000.0,860916000.0,554742000.0,2140830000.0,134045000.0,-1278221000.0,399016300.0,1468060300.0,1.2955937389023957,1.55192143374758,0.6264112352678888,6.297403632468721,-0.37592331378546723,1.2955937389023957,-2.6274800855194633,0.7271871218416948,-0.1600988560019773,1.682626223438574,0.0,3.36519825431758,0.0,0.230165105350561,1.2584751109524788,-0.2613589888896486,5.031921762487862,0.17791482599250608,-23.694333333333333,-27.25729552586261,0.1407370219771991,-0.43581817170249143,-0.24340662321457635,-22.371222774824215,-12.840748898678415,-12.145285257192558,-0.17633259588234373,0.02122713956550558,Semiconductors,Technology,AMKR
2008Q3,2008,Q3,2008-11-10,2008-09-30,29155000.0,719731000.0,54480000.0,0.15,129031000.0,0.17927670199004905,3290872000.0,850445000.0,1033460000.0,653431000.0,2432162000.0,156203000.0,-655143000.0,1165716370.0,2351416370.0,4.6472150425407515,1.5815900990311142,0.49516906157395363,1.9161003944993504,0.014191103157271958,4.6472150425407515,0.03428205233730576,1.6196556352303846,9.995852941176471,1.370713414741694,0.0,3.7816175105471728,0.0,0.21870525502055382,1.2826342796714574,0.008859353994929004,25.093993412838508,0.17927670199004905,-0.5454545454545455,0.6833556117418779,0.5463940560262394,2.2945437330710274,-0.18813195663526938,-0.5530567819475104,-0.36835514950551296,2.449942791796387,0.2644773077209483,3.781224055626908,Semiconductors,Technology,AMKR
2008Q2,2008,Q2,2008-08-07,2008-06-30,65232000.0,690676000.0,86251000.0,0.33,158931000.0,0.23010934215174697,3270479000.0,828320000.0,994257000.0,627395000.0,2433965000.0,153027000.0,-684298000.0,1902521190.0,3136272190.0,4.532307574455977,1.5847384821364532,0.5023310041128531,1.9833675391153178,0.03275554886635509,4.532307574455977,0.07875217307320842,2.7545783985544596,7.291364629323032,2.2968432369132703,0.0,3.4748443085207184,0.0,0.2111849670950341,1.2732664429904605,0.019945702143325184,1311.1793177119227,0.23010934215174697,-0.08333333333333326,2.1665201924180955,0.6583851594292847,2.524471702841703,-0.09776215995276806,-0.09394966387021501,-0.10940968744514544,2.2013040684214458,0.3621235115589895,3.0156110778608753,Semiconductors,Technology,AMKR
2008Q1,2008,Q1,2008-05-05,2008-03-31,71996000.0,699483000.0,96847000.0,0.36,176152000.0,0.2518317099915223,3221877000.0,764670000.0,970785000.0,613370000.0,2449262000.0,151480000.0,-749530000.0,1948833799.9999998,3203977800.0,4.198392392414376,1.5827070120807996,0.5173558767141018,2.1798383616462003,0.03680172051149813,4.198392392414376,0.09415303333464109,2.7861060240205977,6.767159981110061,2.5485945571292192,0.0,3.4547861103776074,0.0,0.21710419112833917,1.2723233937101586,0.022345980308993794,21.096526191584484,0.2518317099915223,-0.20000000000000004,3.49124538865314,0.8485046115952048,1.879393773380737,-0.13187982967986123,-0.23133754697642636,-0.2553094963475586,1.5833527379956216,0.616462652290362,1.9871607431338036,Semiconductors,Technology,AMKR
2007Q4,2007,Q4,2008-02-25,2007-12-31,93664000.0,746888000.0,130050000.0,0.45,202912000.0,0.2716766101477062,3192606000.0,654619000.0,987414000.0,677073000.0,2530965000.0,149014000.0,-821526000.0,1553603020.0,2907592020.0,3.5941614415759826,1.4583567798450092,0.5525451621653282,2.694787349588081,0.05209882245730214,3.5941614415759826,0.14308170095887837,2.0801017287732564,4.146745334386744,2.3732935035493927,0.0,3.650502637336089,0.0,0.23394305467069848,1.1941120086017312,0.02933778862784822,13.78970230064617,0.2716766101477062,0.5000000000000001,1.4330748905659467,0.5888772424714952,1.5656093005697571,0.19408465789055557,0.5451006268558232,0.3367802150360792,3.503727030138453,0.5897874427230457,0.7090914655976891,Semiconductors,Technology,AMKR
2007Q3,2007,Q3,2007-11-08,2007-09-30,60620000.0,689083000.0,97286000.0,0.3,169931000.0,0.24660454546114183,3092980000.0,559302000.0,916598000.0,646142000.0,2527396000.0,150052000.0,-915190000.0,2132735360.0,3601226360.0,3.0787717984851155,1.4185705309359242,0.583077161830985,3.224458342720033,0.04039126505179122,3.0787717984851155,0.10838509427822536,3.0950340670136978,8.795510392609701,3.8132088925124528,0.0,3.4598139311705274,0.0,0.22278934878337397,1.1234666683174905,0.0195992214627964,20.755538513940927,0.24660454546114183,0.8749999999999999,1.92550328312145,0.3745247083723521,0.16396855402868907,0.05095490191227767,0.9561148757663762,0.1016544180094894,3.625393028461414,0.35791892623524124,0.36963258432321006,Semiconductors,Technology,AMKR
2007Q2,2007,Q2,2007-08-03,2007-06-30,30990000.0,652486000.0,88309000.0,0.16,161692000.0,0.24780914839552112,2953315000.0,493380000.0,783533000.0,573082000.0,2454546000.0,141010000.0,-975810000.0,2841174000.0,4415476000.0,2.7350436826466806,1.36722667960257,0.6137878959745235,3.6740625886740443,0.03371504107431382,2.7350436826466806,0.06281162592727715,4.354383082548898,22.920087124878993,5.758591754834002,0.0,3.4805616622934545,0.0,0.2209334256589629,1.055538299929155,0.010493293129923493,35.644778441310784,0.24780914839552112,-0.11111111111111106,1.073585893016825,0.44970720097698125,-0.1032785941367301,0.09742225359377757,-0.10407632263660017,0.17673160461583562,2.017627209716786,0.28738300250570875,0.14349517822138885,Semiconductors,Technology,AMKR
2007Q1,2007,Q1,2007-05-04,2007-03-31,34590000.0,650988000.0,75046000.0,0.18,147338000.0,0.22632982482011957,2940980000.0,440406000.0,754344000.0,549279000.0,2495697000.0,147835000.0,-1006800000.0,2227842240.0,3900663240.0,2.4670808288471986,1.3733348626108044,0.6290280790756823,4.200576286426616,0.029317571333889004,2.4670808288471986,0.07854116428931486,3.422247783369279,16.101779705117085,5.058610100679828,0.0,3.406838705313356,0.0,0.22135070622717598,1.0268952572372145,0.011761385660562125,30.915202531118606,0.22632982482011957,-0.3793103448275862,1.1679307843184494,0.6976355906207017,-0.5381659236717186,-0.14898458979275928,-0.4141954714041357,-0.25917809300994066,2.1013795640606383,0.37050268182649476,0.022079688007011836,Semiconductors,Technology,AMKR
