Quarters,Year,Quarter,FillingDate,Date,NetIncome,Revenue,OperatingIncome,EPSDiluted,GrossProfit,GrossProfitRatio,TotalAssets,CommonStockEquity,CurrentAssets,CurrentLiability,TotalLiability,Inventory,RetainedEarnings,MarketCap,EnterpriseValue,bookValuePerShare,currentRatio,debtToAssets,debtToEquity,roic,shareholdersEquityPerShare,roe,priceToSalesRatio,peRatio,pbRatio,payoutRatio,inventoryTurnover,dividendYield,assetTurnover,quickRatio,returnOnAssets,priceToFreeCashFlowsRatio,grossProfitMargin,epsdilutedGrowth,fiveYNetIncomeGrowthPerShare,fiveYRevenueGrowthPerShare,fiveYShareholdersEquityGrowthPerShare,grossProfitGrowth,netIncomeGrowth,operatingIncomeGrowth,threeYNetIncomeGrowthPerShare,threeYRevenueGrowthPerShare,threeYShareholdersEquityGrowthPerShare,Industry,Sector,Symbol
2023Q1,2023,Q1,2023-05-04,2023-03-31,17104000.0,66777000.0,15583000.0,3.0,23992000.0,0.3592853827,387745000.0,337882000.0,210803000.0,18712000.0,49863000.0,22046000.0,358471000.0,868042661.37,725969661.37,59.4339489885664,11.26565840102608,0.01418973810107158,0.01628379138279044,0.03578725319049948,59.4339489885664,0.0506212227937564,12.999126366413586,12.687714297386576,2.569070448766137,0.06647567820392891,1.9407148689104599,0.0013098434565479934,0.17221885517543747,9.936457887986318,0.044111465009219974,57.13438171328902,0.35928538269164534,0.5789473684210527,2.94607723569686,0.8607734705830584,0.589241842241375,0.42775529635801,0.5841437436324906,0.997564414818613,2.0520335913475756,0.7185349473805593,0.5045282562743226,Building Materials,Basic Materials,USLM
2022Q4,2022,Q4,2023-02-23,2022-12-31,10797000.0,58292000.0,7801000.0,1.9,16804000.0,0.2882728333,367772000.0,321088000.0,189990000.0,15537000.0,46684000.0,19579000.0,342504000.0,798672211.63,670828211.63,56.589354952414524,12.228229387912725,0.015063680758730952,0.017253836954355194,0.0188877964290534,56.589354952414524,0.033626295594977075,13.701231929424278,18.49291959873113,2.4873935233643114,0.10502917477076966,2.1190050564380205,0.0014198565863279926,0.158500375232481,10.746991053613954,0.02935786302382998,67.9721031174468,0.2882728333218967,-0.3140794223826715,-0.08346495604162162,0.6264937939320302,0.5381677707380228,-0.25613103142983623,-0.313429988553987,-0.4391804457225018,1.1391795888230127,0.5189072769425078,0.4628707392180918,Building Materials,Basic Materials,USLM
2022Q3,2022,Q3,2022-10-27,2022-09-30,15726000.0,66457000.0,13910000.0,2.77,22590000.0,0.3399190454,355880000.0,311402000.0,182032000.0,14687000.0,44478000.0,17652000.0,332841000.0,579882782.9779999,461402782.9779999,54.88227000352485,12.394090011574862,0.011742722265932337,0.013419952344557838,0.034972784595859605,54.88227000352485,0.05050063904534974,8.725684020915779,9.21853591151596,1.8621678183762467,0.072173470685489,2.4851008384319058,0.0019572921171606165,0.18673991232999887,11.045005787431062,0.04418905248960324,38.84010602665773,0.339919045397776,0.5388888888888889,1.7275729307179404,0.7685840363548777,0.5758311914538627,0.3706692555063406,0.5360421957413557,0.9149229074889867,0.5710899846340454,0.5092755697681741,0.2694418385940726,Building Materials,Basic Materials,USLM
2022Q2,2022,Q2,2022-07-28,2022-06-30,10238000.0,60492000.0,7264000.0,1.8,16481000.0,0.2724492495,336733000.0,296170000.0,164620000.0,12416000.0,40563000.0,16719000.0,318250000.0,598963188.656,493596188.656,52.216149506346966,13.258698453608247,0.009544654073108368,0.010851875611979606,0.019280439153008273,52.216149506346966,0.03456798460343721,9.901527287178471,14.625981360031258,2.0223627938548807,0.11076382105880055,2.6323942819546624,0.0018932716091360424,0.17964381275372476,11.735180412371134,0.03040391051664078,71.93888886091761,0.2724492494875355,0.17647058823529413,0.9076031332122961,0.629045621646407,0.5423483102175,0.1392133821801341,0.1811259806183664,-0.3293943870014771,0.6796468740217474,0.5370290284160704,0.25735697851785766,Building Materials,Basic Materials,USLM
2022Q1,2022,Q1,2022-04-28,2022-03-31,8668000.0,50909000.0,10832000.0,1.53,14467000.0,0.2841737217,324747000.0,286306000.0,152766000.0,10937000.0,38441000.0,16540000.0,309146000.0,657598685.667,560215685.667,50.52161637550732,13.967815671573558,0.010719113648470963,0.012158320119033481,0.029564771232329045,50.52161637550732,0.03027529985400236,12.91714010620912,18.966274967322338,2.2968386469965703,0.13071065989847716,2.2032648125755743,0.001722935317078382,0.15676511253375705,12.227758983267806,0.026691547573957572,258.69342473131394,0.2841737217387888,0.14179104477611937,0.8460628366398616,0.38554226317653134,0.5331160055827723,0.08619265710638938,0.13857874688033628,0.1230689476412649,0.6730276304752559,0.33305013521667837,0.24519717126319043,Building Materials,Basic Materials,USLM
2021Q4,2021,Q4,2022-03-10,2021-12-31,7613000.0,46108000.0,9645000.0,1.34,13319000.0,0.2888652728,316196000.0,278206000.0,150430000.0,11188000.0,37990000.0,0.0,0.0,729995182.632,627850182.632,49.17037822552138,13.445656060064355,0.0,0.0,0.027319294987847458,49.17037822552138,0.027364614709963122,15.832289030797257,23.971994700906347,2.6239375952783193,0.0,0.0,0.0,0.145820946501537,9.416785841973542,0.024076838416678265,138.62422761716672,0.2888652728376854,-0.3266331658291457,0.9101698606271778,0.32734669710959596,0.5232391341803644,-0.23193587451704054,-0.32675981605942694,-0.3205832628909552,0.7802572187858487,0.3171753144578505,0.23451352579739926,Building Materials,Basic Materials,USLM
2021Q3,2021,Q3,2021-10-28,2021-09-30,11308000.0,52311000.0,14196000.0,1.99,17341000.0,0.3314981552637113,310908000.0,271575000.0,146805000.0,11858000.0,39333000.0,14760000.0,294903000.0,683486416.974,585103416.974,47.998409331919405,12.38024962050936,0.009710267989244407,0.011116634447206113,0.04049335713003777,47.998409331919405,0.041638589708183744,13.06582586786718,15.110683077776795,2.516750131543773,0.08012026883622214,2.3692411924119243,0.0013255567009087534,0.16825234474506928,11.01737223815146,0.036370887851068484,63.28577934944444,0.3314981552637113,0.015306122448979605,0.8289971213991112,0.3312074810100708,0.5134890837972853,0.032509675498660316,0.01938159199495177,0.02587079057667293,1.4567599551231807,0.4673471992961472,0.22527894387912434,Building Materials,Basic Materials,USLM
2021Q2,2021,Q2,2021-07-30,2021-06-30,11093000.0,49162000.0,13838000.0,1.96,16795000.0,0.3416256458240104,297112000.0,260613000.0,135317000.0,10605000.0,36499000.0,14623000.0,284501000.0,786832107.3720001,697212107.3720001,46.069117907017855,12.75973597359736,0.005812622849295889,0.006626684010390886,0.041920426462895885,46.069117907017855,0.04256502937305506,16.004884003335913,17.732626597223476,3.019159087888939,0.08149283331830884,2.2134308965328593,0.001148910919534458,0.1654662214922319,11.21112682696841,0.037336088747677645,312.6071145697259,0.3416256458240104,0.5806451612903225,1.959748882876303,0.4708782414139707,0.5009346124498236,0.4227022448115205,0.5777272080785094,0.5836575875486382,0.6528204477059382,0.23905995456755083,0.1983835131354517,Building Materials,Basic Materials,USLM
2021Q1,2021,Q1,2021-04-29,2021-03-31,7031000.0,41674000.0,8738000.0,1.24,11805000.0,0.283270144454576,285410000.0,249770000.0,131445000.0,10743000.0,35640000.0,15409000.0,274312000.0,755595249.5569999,667875249.5569999,44.199256768713504,12.235409103602345,0.006765705476332294,0.007731112623613725,0.02781038088976303,44.199256768713504,0.028149897906073588,18.131094916662665,26.86656412875124,3.025164149245305,0.1287156876688949,1.9384126160036343,0.001197731193427427,0.14601450544830244,10.575072139998138,0.024634735993833434,106.73756880307953,0.283270144454576,-0.03125000000000003,0.7065737486837906,0.2245661235911775,0.4704083452583824,-0.10371270214865994,-0.030741659773917837,0.03261640274166864,0.6318872645473064,0.16825312263490758,0.18187179967332917,Building Materials,Basic Materials,USLM
2020Q4,2020,Q4,2021-02-26,2020-12-31,7254000.0,40990000.0,8462000.0,1.28,13171000.0,0.32132227372529887,279098000.0,243192000.0,123996000.0,11588000.0,35906000.0,15210000.0,268186000.0,642276000.0,560931000.0,43.16506922257721,10.70037970314118,0.00794344638800708,0.009116253824138953,0.029332307429475967,43.16506922257721,0.029828283825125826,15.669090021956574,22.135235732009928,2.6410243758018357,0.12434518886131789,1.8289940828402367,0.00140438067123791,0.14686597539215615,9.194080082844321,0.02599087059025862,48.82000608087564,0.32132227372529887,-0.2242424242424242,2.154078583627526,0.30193116916372875,0.45069159047712776,-0.07128754759554365,-0.222007722007722,-0.24935687039829682,-0.3798510486476408,0.15184452255400097,0.1732792917621181,Building Materials,Basic Materials,USLM
2020Q3,2020,Q3,2020-10-30,2020-09-30,9324000.0,43727000.0,11273000.0,1.65,14182000.0,0.324330505179866,271707000.0,236544000.0,113068000.0,11072000.0,35163000.0,15062000.0,261834000.0,507262988.74,438191988.74,42.01492007104796,10.21206647398844,0.004158891747360208,0.004777123917748918,0.038908957960848735,42.01492007104796,0.03941761363636364,11.600681243625221,13.601002486593735,2.1444762443350918,0.09663234663234663,1.9615588899216572,0.0017761989737079197,0.16093438888214143,8.684609826589595,0.0343163775684837,43.149284513439945,0.324330505179866,0.5277777777777776,0.6339528124401519,0.17459279072084394,0.4260041358699875,0.3693154388336391,0.5282740534338634,0.5078919208132692,0.6298262258734544,0.1727773972698263,0.2063717763522908,Building Materials,Basic Materials,USLM
2020Q2,2020,Q2,2020-07-31,2020-06-30,6101000.0,37547000.0,7476000.0,1.08,10357000.0,0.2758409460143287,259270000.0,227619000.0,105692000.0,9224000.0,31651000.0,14422000.0,253411000.0,475312771.258,408998771.258,40.43684491028602,11.45836947094536,0.004508813206310024,0.00513577513300735,0.026228621459248532,40.43684491028602,0.026803562092795417,12.659141110022105,19.47683868455991,2.0881946202118455,0.14768070808064251,1.8853141034530578,0.001895593921483201,0.14481814324835113,9.76008239375542,0.02353145369691827,42.71322531074767,0.2758409460143287,0.10204081632653071,1.371428079522592,0.1509057513903485,0.4180768438132461,0.04859775235395363,0.10046897546897547,0.1228597176329228,0.14545728956936926,0.018862363093503746,0.19441398891976613,Building Materials,Basic Materials,USLM
2020Q1,2020,Q1,2020-04-30,2020-03-31,5544000.0,38440000.0,6658000.0,0.98,9877000.0,0.256945889698231,251867000.0,222167000.0,97368000.0,8565000.0,29700000.0,13534000.0,248211000.0,415332388.752,359316388.752,39.50337837837838,11.368126094570929,0.004843826305153116,0.0054913646041041195,0.023850156606120006,39.50337837837838,0.024954201118978066,10.80469273548387,18.728913634199134,1.8694603102711023,0.16215728715728717,2.1104625387911926,0.0021645314074862673,0.1526202321066277,9.56730881494454,0.022011617242433508,76.88492942465753,0.256945889698231,0.10112359550561795,1.332931952760594,0.2724672429495124,0.4113392619927473,0.010641563491251407,0.11035449629481274,0.1925488088841125,0.18975817923186358,0.05418417120001188,0.19875938284201733,Building Materials,Basic Materials,USLM
2019Q4,2019,Q4,2020-02-28,2019-12-31,4993000.0,37965000.0,5583000.0,0.89,9773000.0,0.25742130910048727,247037000.0,217132000.0,92735000.0,9459000.0,29905000.0,13388000.0,243566000.0,506853916.83900005,455753916.83900005,38.683769820060576,9.803890474680198,0.005238081744839842,0.005959508501740877,0.021104144618483586,38.683769820060576,0.022995228708803862,13.350557535598579,25.378225357450432,2.334312385272553,6.165631884638494,2.105766357932477,0.060737421527668145,0.15368143233604684,8.162385030130034,0.02021154725810304,122.01586828093406,0.25742130910048727,-0.4943181818181818,0.33085612271126735,0.06650443084923754,0.3958976484448231,-0.275161314247571,-0.49575843263987074,-0.4710563713879678,0.26283213713064063,0.10168996636129969,0.19837662784048615,Building Materials,Basic Materials,USLM
2019Q3,2019,Q3,2019-11-01,2019-09-30,9902000.0,43559000.0,10555000.0,1.76,13483000.0,0.3095341949998852,273833000.0,242669000.0,118808000.0,11310000.0,31164000.0,13237000.0,269358000.0,429394500.0,352158500.0,43.23338678068769,10.504686118479222,0.004933663948464941,0.0055672541610176825,0.03848871583558804,43.23338678068769,0.04080455270347675,9.857767625519411,10.84110533225611,1.7694658155759493,0.0763482124823268,2.2721160383772756,0.0017606187317257206,0.15907140483433332,9.187533156498674,0.036160725697779304,53.13630738769954,0.3095341949998852,0.6448598130841121,0.8135377505841352,0.10785930900334478,0.5924814207025894,0.3861416675233885,0.6413061495110227,0.48913656884875845,0.6144256351828261,0.1173739164465046,0.36323807098838434,Building Materials,Basic Materials,USLM
2019Q2,2019,Q2,2019-08-02,2019-06-30,6033000.0,38954000.0,7088000.0,1.07,9727000.0,0.24970477999691945,261473000.0,233141000.0,110298000.0,9442000.0,28332000.0,12329000.0,260212000.0,454790151.228,385130151.228,41.528500178126116,11.681635246769751,0.0056028729543776985,0.006283751034781527,0.02383699533661435,41.528500178126116,0.02587704436371123,11.675056508394515,18.84593698110393,1.9507085893429297,0.12597381070777391,2.37058966663963,0.0016711003920113236,0.1489790532865726,10.232789663206947,0.02307312800939294,77.26642052803261,0.24970477999691945,0.17582417582417587,0.048323390295061316,0.0007292872527396238,0.5837741449835738,0.11894627861497757,0.1764820592823713,0.17740863787375416,0.6220078363894982,0.17439180333836937,0.35300101569739384,Building Materials,Basic Materials,USLM
2019Q1,2019,Q1,2019-05-03,2019-03-31,5128000.0,37799000.0,6020000.0,0.91,8693000.0,0.22997962909071668,255069000.0,227575000.0,105348000.0,9877000.0,27494000.0,12821000.0,254939000.0,434136611.218,369864611.218,40.57318595114994,10.665991697883973,0.005586723592439693,0.006261671976271559,0.02053526351995904,40.57318595114994,0.02253323080303197,11.485399381412206,21.165006397133386,1.9076638963770185,0.14762090483619345,2.2701817330941423,0.0017436907656237161,0.148191273733774,9.218487394957982,0.020104363917214558,242.53441967486035,0.22997962909071668,0.21333333333333337,0.13486863673332541,0.024137071762925164,0.6056499990320231,0.31393591293833134,0.21200661782084615,0.5095285857572718,0.25399512079920045,0.1190184091871898,0.3497772491622716,Building Materials,Basic Materials,USLM
2018Q4,2018,Q4,2019-03-01,2018-12-31,4231000.0,34634000.0,3988000.0,0.75,6616000.0,0.19102615926546168,244671000.0,222967000.0,101358000.0,7963000.0,21704000.0,12846000.0,250568000.0,397458000.0,330240000.0,39.829760628795995,12.72861986688434,0.0,0.0,0.01705180221430642,39.829760628795995,0.018975902263563667,11.475948489923196,23.48487355235169,1.782586660806308,0.17844481210115812,2.181068036742955,0.001899571778653342,0.14155335123492363,10.902926032902172,0.01729260925896408,-26.186454078271183,0.19102615926546168,-0.07407407407407414,0.5998700698817748,0.14350638909425809,0.6202084565567757,-0.08060033351862146,-0.07092665788317962,-0.09487063095778484,0.8514923933900904,0.1071251263786862,0.3385985435809177,Building Materials,Basic Materials,USLM
2018Q3,2018,Q3,2018-10-31,2018-09-30,4554000.0,35272000.0,4406000.0,0.81,7196000.0,0.2040145157632116,246015000.0,219293000.0,116768000.0,11845000.0,26722000.0,12903000.0,247093000.0,436979868.80399996,353813868.80399996,39.173454805287605,9.857999155761926,0.0,0.0,0.01892414520743547,39.173454805287605,0.02076673674034283,12.38885996836017,23.988793851778656,1.9926758665529676,0.16600790513833993,2.175928078741378,0.001730056814903506,0.14337337154238564,8.5723089911355,0.01851106639839034,336.39712763972284,0.2040145157632116,-0.31355932203389825,-0.05501621816878046,-0.050069886996166005,0.6316284625138697,-0.2532945937532427,-0.31394998493522147,-0.37697963800904977,-0.1973877713801441,-0.04710897827529545,0.3295636044098948,Building Materials,Basic Materials,USLM
2018Q2,2018,Q2,2018-07-27,2018-06-30,6638000.0,39242000.0,7072000.0,1.18,9637000.0,0.24557871668110698,238682000.0,215087000.0,118084000.0,8659000.0,23595000.0,12257000.0,243294000.0,469420511.19,387074511.19,38.44271671134942,13.637140547407322,0.0,0.0,0.029225438002343562,38.44271671134942,0.030861930288673886,11.962196401559554,17.679290117128655,2.182468076592263,0.11388972582103044,2.4153544913110876,0.0016104963076357898,0.16441122497716626,11.926203949647766,0.02781106241777763,-9779.593983125,0.24557871668110698,0.5526315789473684,0.4259566416960977,0.10873758444013726,0.6647442221546562,0.36947562881909907,0.5574847489441577,0.5590828924162258,1.595836524334901,0.21017118795534756,0.34814490355477934,Building Materials,Basic Materials,USLM
2018Q1,2018,Q1,2018-04-27,2018-03-31,4262000.0,35287000.0,4536000.0,0.76,7037000.0,0.19942188341315498,231033000.0,209053000.0,117517000.0,7696000.0,21980000.0,12599000.0,237412000.0,409076200.00000006,325811200.00000006,37.39767441860465,15.269880457380458,0.0,0.0,0.019158115544383184,37.39767441860465,0.020387174544254327,11.592830220761188,23.995553730642893,1.956806168770599,0.17714687939934304,2.242241447733947,0.0018456219159168877,0.1527357563638095,13.29768711018711,0.018447581081490524,-371.8874545454546,0.19942188341315498,-0.6328502415458936,0.5370337855243086,0.1108120716934143,0.6855306963995901,-0.092234262125903,-0.6320469653802987,-0.12668463611859837,0.8043708373832765,0.17519916366849103,0.3361086666726046,Building Materials,Basic Materials,USLM
2017Q4,2017,Q4,2018-03-02,2017-12-31,11583000.0,35239000.0,5194000.0,2.07,7752000.0,0.21998354096313744,228446000.0,205252000.0,118015000.0,9359000.0,23194000.0,13546000.0,233905000.0,430140888.842,345140888.842,36.7901057537193,12.609787370445561,0.0,0.0,0.054089934183660926,36.7901057537193,0.05643306764367704,12.206387492323845,9.283883468056635,2.0956720949954204,0.06509539842873176,2.0291598996013582,0.001752914032492643,0.15425527258082872,10.842290843038786,0.050703448517373906,123.21423341220282,0.21998354096313744,1.0495049504950493,2.0387106600021325,0.09951464469282549,0.6965235090618764,-0.1884422110552764,1.0439385918475383,-0.2467005076142132,2.1061990178450425,-0.004040871873114767,0.32756508340666973,Building Materials,Basic Materials,USLM
2017Q3,2017,Q3,2017-10-27,2017-09-30,5667000.0,36934000.0,6895000.0,1.01,9552000.0,0.2586234905507121,222359000.0,194233000.0,114594000.0,7846000.0,28126000.0,12531000.0,223076000.0,468468000.0,386223000.0,34.827505827505824,14.605404027529952,0.0,0.0,0.028333884314780063,34.827505827505824,0.029176298569244155,12.68392267287594,20.66649020645844,2.4118867545679676,0.1328745367919534,2.185140850690288,0.0016073669919823765,0.16610076497915532,12.807417792505735,0.025485813481801952,336.78504672897196,0.2586234905507121,0.07446808510638304,0.428822974885223,0.07735933177638847,0.665038525120014,0.08078750848608282,0.07370215990905646,0.09098101265822785,0.04460304786370181,-0.054574192999507345,0.2828547585471392,Building Materials,Basic Materials,USLM
2017Q2,2017,Q2,2017-07-31,2017-06-30,5278000.0,36518000.0,6320000.0,0.94,8838000.0,0.24201763513883565,219509000.0,188843000.0,113004000.0,10157000.0,30666000.0,11346000.0,218162000.0,437705665.578,356114665.578,33.85496593761205,11.125726100226444,0.0,0.0,0.027233824140223583,33.85496593761205,0.027949142938843378,11.986025126732024,20.732553314607806,2.3178283843086582,0.14266767715043577,2.4396263000176273,0.001720334140536305,0.16636219927201162,9.89248793935217,0.024044572204328752,71.38057168590998,0.24201763513883565,0.1325301204819277,0.29347436357117246,-0.004474495780757653,0.6812672108819671,0.07283321194464676,0.14242424242424243,0.08628394637332416,-0.07694998251136762,-0.055796876615989234,0.29112824930604,Building Materials,Basic Materials,USLM
2017Q1,2017,Q1,2017-04-28,2017-03-31,4620000.0,36153000.0,5818000.0,0.83,8238000.0,0.22786490747655797,213629000.0,183749000.0,108722000.0,9119000.0,29880000.0,11817000.0,213637000.0,440392496.728,364579496.728,32.95355093256815,11.922579230178748,0.0,0.0,0.02463488362231856,32.95355093256815,0.025142993975477416,12.181354153956795,23.83076280995671,2.3967069030470913,0.16298701298701299,2.3622746890073625,0.0017098383955098946,0.16923264163573298,10.50970501151442,0.021626277331261205,228.06447267115485,0.22786490747655797,0.18571428571428572,0.10592914269260736,0.11072702659608437,0.894037439058059,0.10815173527037934,0.17857142857142858,0.15551142005958293,0.02849510240427426,-0.014662996375132893,0.3041092973740241,Building Materials,Basic Materials,USLM
2016Q4,2016,Q4,2017-03-03,2016-12-31,3920000.0,34166000.0,5035000.0,0.7,7434000.0,0.21758473336065093,210159000.0,179639000.0,105036000.0,9108000.0,30520000.0,12433000.0,209770000.0,421548750.0,346836750.0,32.280143755615455,11.53227931488801,0.0,0.0,0.02145927039785347,32.280143755615455,0.021821542092752687,12.33825294152081,26.884486607142858,2.346643824559255,0.17729591836734693,2.1500844526662912,0.001648682388454479,0.16257214775479517,10.045344751866491,0.018652544026189693,64.42744154057772,0.21758473336065093,-0.35779816513761475,-0.037082541075520545,0.13132626347474163,0.39311144622977334,-0.2966221969912007,-0.3553691827002138,-0.3773958204525782,0.4910612400152149,0.13474376432295987,0.3131025912795585,Building Materials,Basic Materials,USLM
2016Q3,2016,Q3,2016-10-31,2016-09-30,6081000.0,38650000.0,8087000.0,1.09,10569000.0,0.27345407503234154,205330000.0,176487000.0,101756000.0,7492000.0,28843000.0,12713000.0,206545000.0,367290000.0,298350000.0,31.713746630727762,13.581954084356648,0.0,0.0,0.03423565783342218,31.713746630727762,0.03445579561100818,9.502975420439844,15.099901332017758,2.081116456169576,0.1144548593981253,2.2088413435066467,0.0018949603855264233,0.18823357522037695,11.789241857981848,0.029615740515268104,55.45674165785898,0.27345407503234154,0.6515151515151516,-0.02177983070241923,0.12060413534039753,0.4499678625887609,0.45960502692998206,0.6493083807973963,0.6470468431771894,0.26932857700064006,0.04707741710227326,0.3209213206455368,Building Materials,Basic Materials,USLM
2016Q2,2016,Q2,2016-07-29,2016-06-30,3687000.0,32880000.0,4910000.0,0.66,7241000.0,0.2202250608272506,198200000.0,170810000.0,94722000.0,6221000.0,27390000.0,13490000.0,201160000.0,328279361.13,265321361.13,30.69362084456424,15.226169426137277,0.0,0.0,0.021510909581392932,30.69362084456424,0.021585387272407938,9.98416548448905,22.25924607607811,1.9218977877758914,0.18850013561160836,1.9005930318754634,0.0021170992827806105,0.16589303733602423,12.918019610995017,0.01860242179616549,106.93138799022802,0.2202250608272506,-0.09589041095890405,-0.26635397649707326,0.029150899496913914,0.4137611702776311,-0.07734454638124363,-0.09321200196753567,-0.09875183553597651,-0.20369923658962644,-0.06600539574024054,0.32917317841141785,Building Materials,Basic Materials,USLM
2016Q1,2016,Q1,2016-05-03,2016-03-31,4066000.0,33586000.0,5448000.0,0.73,7848000.0,0.23366879056749837,195814000.0,167640000.0,92303000.0,7018000.0,28174000.0,13772000.0,198168000.0,334675758.846,274049758.846,30.059171597633135,13.152322599031063,0.0,0.0,0.02432579596716296,30.059171597633135,0.024254354569315198,9.96474003590782,20.577702831160845,1.9963956027559058,0.17117560255779635,1.8688643624745862,0.002079624775932045,0.17151991175299008,11.037760045597036,0.02076460314379973,84.7924395353433,0.23366879056749837,0.7804878048780488,-0.02841718686625912,0.16816699949734587,0.44401814484570334,0.4347349177330896,0.778652668416448,0.752895752895753,0.46976704740159997,0.059730174154012126,0.3547809382218732,Building Materials,Basic Materials,USLM
2015Q4,2015,Q4,2016-03-04,2015-12-31,2286000.0,31294000.0,3108000.0,0.41,5470000.0,0.17479389020259475,196499000.0,166627000.0,91961000.0,8742000.0,29872000.0,14728000.0,194798000.0,307775994.40000004,247849994.40000004,29.75482142857143,10.519446350949439,0.0,0.0,0.013653370539652415,29.75482142857143,0.013719265185114057,9.834984163098358,33.65879203849519,1.8470955751468852,0.30577427821522307,1.7533948940793047,0.0022711322933508162,0.15925780792777572,8.672500571951499,0.011633646990569927,49.52147938857603,0.17479389020259475,-0.5940594059405941,-0.17378149934634635,0.22816633869830838,0.4875787226437491,-0.4723642326613292,-0.5972515856236786,-0.6065822784810126,-0.4025344710669078,-0.02723742164431554,0.37210135788767756,Building Materials,Basic Materials,USLM
2015Q3,2015,Q3,2015-11-02,2015-09-30,5676000.0,37029000.0,7900000.0,1.01,10367000.0,0.2799697534364957,193483000.0,164995000.0,88781000.0,7846000.0,28488000.0,14121000.0,193211000.0,255640011.20000002,201121011.20000002,29.463392857142857,11.315447361712975,0.0,0.0,0.03441411110561894,29.463392857142857,0.034401042455832,6.903778422317643,11.259690415785764,1.5493803521318827,0.12332628611698379,1.8881099072303662,0.0027382255098258265,0.19138115493350838,9.397527402498088,0.029335910648480745,34.76676338909289,0.2799697534364957,1.1956521739130435,0.42738325686631895,0.32831534675434715,0.5174951011378004,0.4782546698987594,1.2180539273153577,0.7125514849338825,0.4252144485866301,0.07569421762725488,0.4085902226493711,Building Materials,Basic Materials,USLM
2015Q2,2015,Q2,2015-08-04,2015-06-30,2559000.0,32450000.0,4613000.0,0.46,7013000.0,0.21611710323574732,186237000.0,159657000.0,79491000.0,5783000.0,26580000.0,13637000.0,188234000.0,325413874.401,277639874.401,28.515270584032862,13.745633754106866,0.0,0.0,0.022330918947663186,28.515270584032862,0.016028110261372817,10.028162539322034,31.79111707708089,2.0382061193746597,0.2731535756154748,1.8652929529955269,0.0021480337963053118,0.17424034966198984,11.153553518934809,0.013740556387828413,96.61932137796913,0.21611710323574732,0.09523809523809533,-0.4833920514488584,-0.021828466084351822,0.5223714469906781,0.1959413369713506,0.08202959830866807,0.33131313131313134,-0.3752205047171513,-0.11869111217548213,0.416093270650713,Building Materials,Basic Materials,USLM
2015Q1,2015,Q1,2015-05-08,2015-03-31,2365000.0,30064000.0,3465000.0,0.42,5864000.0,0.19505055880787653,200150000.0,156660000.0,92140000.0,22620000.0,43490000.0,13886000.0,186375000.0,361006500.0,315954500.0,27.989994639985706,4.073386383731211,0.07702722957781664,0.09841057066258138,0.01511823195429953,27.989994639985706,0.01509638708030129,12.00793307610431,38.16136363636363,2.304394867866718,0.2959830866807611,1.7427624945988767,0.0019390232585839867,0.15020734449163128,3.3818302387267907,0.011816137896577567,88.07184679190047,0.19505055880787653,-0.37313432835820903,-0.4201977188398486,0.022197209353696696,0.5637046042704561,-0.2570632205751932,-0.36612168319485394,-0.3616433308769344,-0.43599373243080664,-0.07981061481194852,0.6087522062690138,Building Materials,Basic Materials,USLM
2014Q4,2014,Q4,2015-03-06,2014-12-31,3731000.0,35401000.0,5428000.0,0.67,7893000.0,0.22295980339538432,200420000.0,154691000.0,91762000.0,24965000.0,45729000.0,13436000.0,184710000.0,406704525.58199996,365039525.58199996,27.712468649229667,3.6756258762267175,0.08316036323720187,0.10774382478618666,0.022899544527442552,27.712468649229667,0.02411905023563103,11.488503872263495,27.251710371348164,2.6291414858136544,0.18708121147145537,2.0473355165227747,0.0017162336686594572,0.17663406845624188,3.035289405167234,0.01861590659614809,70.84210513534227,0.22295980339538432,-0.3092783505154639,0.4097410864345064,0.4351311887855703,0.6118844341215498,-0.20135586360416877,-0.3123848138591965,-0.27423452333199627,-0.08630009526745717,0.16865036571735684,0.1959846762395411,Building Materials,Basic Materials,USLM
2014Q3,2014,Q3,2014-10-31,2014-09-30,5426000.0,39073000.0,7479000.0,0.97,9883000.0,0.25293681058531464,197995000.0,151434000.0,92189000.0,13906000.0,46561000.0,12859000.0,181677000.0,324249145.578,283894145.578,27.14844030118322,6.629440529267942,0.09049218414606429,0.11831556981919517,0.0337502666559436,27.14844030118322,0.03583079097164441,8.29854747723492,14.939603095189828,2.1411911828123142,0.1286398820493918,2.270005443658138,0.0021526656570081603,0.19734336725674892,5.606141233999712,0.027404732442738455,77.7575888676259,0.25293681058531464,-0.049019607843137296,0.3772150323593682,0.4101415427026409,0.6220044882248071,-0.0518085004317375,-0.05106680657572578,-0.06570893191755153,-0.12918067591467433,0.13022819893791093,0.24123984512081237,Building Materials,Basic Materials,USLM
2014Q2,2014,Q2,2014-07-30,2014-06-30,5718000.0,38676000.0,8005000.0,1.02,10423000.0,0.26949529423932156,193020000.0,146262000.0,86429000.0,12805000.0,46758000.0,11539000.0,176949000.0,361454416.734,324606416.734,26.221226245966296,6.749629051151894,0.09930059061237177,0.13104565779218116,0.03615920566324164,26.221226245966296,0.03909422816589408,9.345703194073845,15.803358549055615,2.471280419616852,0.12189576775096188,2.448479070976688,0.0019283206062271838,0.20037301834006838,5.759625146427177,0.029623873173764376,38.24914462793651,0.26949529423932156,0.27499999999999997,0.9087420233881659,0.5092436277373514,0.6281724059285487,0.21310521415270017,0.27292965271593944,0.24882995319812792,0.13512644120514114,0.20774558730611078,0.20776078167320372,Building Materials,Basic Materials,USLM
2014Q1,2014,Q1,2014-05-02,2014-03-31,4492000.0,36691000.0,6410000.0,0.8,8592000.0,0.23417186776048624,188847000.0,140900000.0,81166000.0,12855000.0,47947000.0,11992000.0,171928000.0,313928794.424,285858794.424,25.269010043041607,6.313963438350836,0.10811397586405927,0.1449041873669269,0.02970403419854153,25.269010043041607,0.031880766501064584,8.55601630983075,17.47154911086376,2.22802551046132,0.1551647373107747,2.343145430286858,0.002220248707286833,0.19428955715473373,5.236795021392454,0.023786451466001578,333.6118963060574,0.23417186776048624,0.7021276595744683,0.8635282686031194,0.4709096259526817,0.6396100529260851,0.3351981351981352,0.7086344617725371,0.6223740825107568,0.07356928166512193,0.27639201185473067,0.21390268144693422,Building Materials,Basic Materials,USLM
2013Q4,2013,Q4,2014-03-07,2013-12-31,2629000.0,30109000.0,3951000.0,0.47,6435000.0,0.21372347138729283,187526000.0,136805000.0,78844000.0,14348000.0,50721000.0,13688000.0,168133000.0,340411038.87,312603038.87,24.58310871518419,5.495121271257318,0.11554131160479081,0.15837871422828112,0.018605118206146586,24.58310871518419,0.019217133876685794,11.305956321033579,32.37077204925828,2.488293840649099,0.0,1.7295441262419637,0.0,0.16055906914241225,4.430722051853917,0.014019389311348827,47.716714167367535,0.21372347138729283,-0.4534883720930233,1.8260174904930049,0.18028962579415353,0.6473418431331934,-0.29363336992316136,-0.4510336187095427,-0.4263104399593437,-0.04383656020801248,0.18909157475055569,0.22902130496509102,Building Materials,Basic Materials,USLM
2013Q3,2013,Q3,2013-11-01,2013-09-30,4789000.0,36899000.0,6887000.0,0.86,9110000.0,0.24689015962492208,186017000.0,133561000.0,76291000.0,14921000.0,52456000.0,13550000.0,165504000.0,325991788.874,305507788.874,24.008808197016,5.112995107566517,0.12319841734895198,0.17158451943306804,0.03305256868816352,24.008808197016,0.035856275409737876,8.834705246050028,17.017737986740446,2.4407708004132944,0.0,2.050848708487085,0.0,0.19836359042453108,4.099457140942296,0.025744958794088713,36.265634539325845,0.24689015962492208,0.036144578313253045,0.21248796118006336,0.07399053995334695,0.5878107137644333,0.016287371709058456,0.035235624729788154,0.03330832708177044,0.21233324731573294,0.33245567291143074,0.23655985581091257,Building Materials,Basic Materials,USLM
2013Q2,2013,Q2,2013-07-30,2013-06-30,4626000.0,35172000.0,6665000.0,0.83,8964000.0,0.2548618219037871,181866000.0,128393000.0,70638000.0,15119000.0,53473000.0,14177000.0,160715000.0,293456794.44,282000794.44,23.09226618705036,4.6721344004233085,0.13975674397633422,0.1979625057440826,0.03214512386036119,23.09226618705036,0.03603000163560319,8.343477608324804,15.859100434500649,2.2856136583770144,0.0,1.8486280595330464,0.0,0.19339513707894823,3.611151531185925,0.025436310250404142,63.560059441195584,0.2548618219037871,0.6599999999999999,-0.1350182261323185,-0.032751674968210846,0.5992873110198312,0.4248927038626609,0.6779107725788901,0.6067984570877532,-0.059557813752529734,0.06766021449570293,0.23284843417052561,Building Materials,Basic Materials,USLM
2013Q1,2013,Q1,2013-05-01,2013-03-31,2757000.0,31585000.0,4148000.0,0.5,6291000.0,0.19917682444198195,177903000.0,123318000.0,65777000.0,15248000.0,54585000.0,13689000.0,156090000.0,294907485.558,288086485.558,22.187477509895647,4.313811647429171,0.14989629179946376,0.21624580353233105,0.02061867625378006,22.187477509895647,0.02235683355227947,9.336947461073295,26.741701628400435,2.3914390888434776,0.0,1.8477609759661042,0.0,0.17754056986110409,3.2964323189926548,0.015497209153302643,76.18379890415913,0.19917682444198195,-0.26470588235294124,0.10231502018113092,0.08026676968016433,0.69271663532035,-0.22553243875415488,-0.27294303797468356,-0.261132882080513,-0.31935241929844305,0.08144783095973251,0.2395379558167981,Building Materials,Basic Materials,USLM
2012Q4,2012,Q4,2013-03-07,2012-12-31,3792000.0,31883000.0,5614000.0,0.68,8123000.0,0.25477527208857387,174246000.0,120355000.0,59959000.0,13340000.0,53891000.0,14127000.0,153333000.0,261515994.45,258395994.45,21.685585585585585,4.4946776611694155,0.15304225061120486,0.22156952349299988,0.028615931911564096,21.685585585585585,0.03150679240579951,8.20236472257943,17.24129710245253,2.172871874454738,0.0,1.6818857506901677,0.0,0.18297694064713108,3.3237631184407794,0.021762336007713233,52.84218922004445,0.25477527208857387,-0.042253521126760445,1.1180466785136463,0.1844410455530918,0.6768216820234958,0.04691326201830133,-0.03927033189764378,-0.009701887458105485,0.4410507837214069,0.2999663209851047,0.2613332392957963,Building Materials,Basic Materials,USLM
2012Q3,2012,Q3,2012-11-01,2012-09-30,3947000.0,34116000.0,5669000.0,0.71,7759000.0,0.22742994489389143,173490000.0,116089000.0,56849000.0,16353000.0,57401000.0,12395000.0,146878000.0,275890494.45000005,277704494.45000005,20.91693693693694,3.4763651929309605,0.16811919995388783,0.25124688816339186,0.029934342329281022,20.91693693693694,0.03399977603390502,8.086835925958496,17.47469562009121,2.3765429493750485,0.0,2.126421944332392,0.0,0.19664533978903684,2.671191830245215,0.022750590812150556,37.57702185371834,0.22742994489389143,-0.02739726027397263,0.39445334692329026,0.16414112549581003,0.6128290422028491,-0.07111217526637137,-0.027832512315270935,-0.05924327912379688,0.0068728216536891994,0.23745547717711077,0.24969851730849868,Building Materials,Basic Materials,USLM
2012Q2,2012,Q2,2012-08-02,2012-06-30,4060000.0,36498000.0,6026000.0,0.73,8353000.0,0.22886185544413393,169146000.0,111758000.0,50139000.0,15776000.0,57388000.0,11201000.0,145594000.0,259018488.9,268132488.9,20.136576576576577,3.1781820486815415,0.1798268951083679,0.27216843536928004,0.030944183579993137,20.136576576576577,0.03632849549920364,7.096785821140885,15.949414341133005,2.317672908427137,0.0,2.5127220783858584,0.0,0.2157780852044979,2.4099264705882355,0.02400293237794568,41.218728341820494,0.22886185544413393,-0.02666666666666669,0.43437557013913186,0.26787586588606677,0.5829781597297422,-0.09236118656959687,-0.12197231833910034,-0.131199538638985,0.36211772547650406,0.4314375083485462,0.25035412243135285,Building Materials,Basic Materials,USLM
2012Q1,2012,Q1,2012-05-01,2012-03-31,4624000.0,36028000.0,6936000.0,0.75,9203000.0,0.25544021316753635,165525000.0,107384000.0,45543000.0,15645000.0,58141000.0,10969000.0,141534000.0,369641073.828,385022073.828,17.39857420609203,2.911025886864813,0.1913124905603383,0.2948949564180884,0.03641453213333868,17.39857420609203,0.04306041868434776,10.25982774031309,19.984919649005192,3.4422360298368475,0.0,2.445528307047133,0.0,0.21765896390273373,2.135123042505593,0.02793535719679807,76.68901946639005,0.25544021316753635,0.02739726027397263,1.2702724154613245,0.23713997994977326,0.4568026022256044,0.02278284063125139,0.024141749723145072,0.03291139240506329,0.7330492736485847,0.3048585734704034,0.1289273749267629,Building Materials,Basic Materials,USLM
2011Q4,2011,Q4,2012-03-01,2011-12-31,4515000.0,33494000.0,6715000.0,0.73,8998000.0,0.26864513047112915,202558000.0,143013000.0,80938000.0,16018000.0,59545000.0,10764000.0,136910000.0,370998926.172,350543926.172,23.171257290991576,5.052940442002747,0.16250654133630862,0.23016788683546252,0.028062397468949365,23.171257290991576,0.03157055652283359,11.07657867594196,20.5425762,2.5941622521868637,0.0,2.275733927907841,0.0,0.16535510816654983,4.305593707079535,0.02228991202519772,52.49737175208716,0.26864513047112915,-0.3423423423423424,1.1180049644152998,0.2657370367654291,0.9943250205381085,-0.2823989153840019,-0.3606627017841971,-0.34436633470025385,3.3760398200544692,0.18385503475487708,0.5527320867225606,Building Materials,Basic Materials,USLM
2011Q3,2011,Q3,2011-11-01,2011-09-30,7062000.0,39182000.0,10242000.0,1.11,12539000.0,0.3200193966617324,198429000.0,138275000.0,75728000.0,15478000.0,60154000.0,9503000.0,132395000.0,252247812.644,238790812.644,21.872034166403036,4.892621785760435,0.1658880506377596,0.2380546013379136,0.043673996598663604,21.872034166403036,0.051072138853733504,6.437849335000766,8.929758306570376,1.8242474246537697,0.0,2.8036409554877406,0.0,0.1974610565995898,4.207003488822846,0.03558955596208215,26.701366851275537,0.3200193966617324,0.23333333333333342,0.7730977237462527,0.2118669700625931,0.936186239351478,0.2057890181748245,0.2186367558239862,0.23130560230824718,0.5733120893430584,0.003522301142525984,0.4464962148996977,Building Materials,Basic Materials,USLM
2011Q2,2011,Q2,2011-08-01,2011-06-30,5795000.0,36840000.0,8318000.0,0.9,10399000.0,0.28227470141150923,197790000.0,139317000.0,74819000.0,15213000.0,58473000.0,9693000.0,125333000.0,263161157.166,251067157.166,21.710612435717625,4.918096364951029,0.17273876333485008,0.24523927446040325,0.03593084430976328,21.710612435717625,0.04159578515184795,7.143353886156352,11.352940343658327,1.8889378695062342,0.0,2.727844836479934,0.0,0.18625815258607614,4.233813186090844,0.029298751200768493,29.56866934449438,0.28227470141150923,0.20000000000000004,0.29010001711218447,0.11538826412458393,0.992969783928104,0.10486612834679133,0.20403075005194266,0.1509616715096167,-0.061147167978691984,-0.12218439783650978,0.503598940946888,Building Materials,Basic Materials,USLM
2011Q1,2011,Q1,2011-04-29,2011-03-31,4813000.0,33066000.0,7227000.0,0.75,9412000.0,0.28464283554103914,192618000.0,133516000.0,68361000.0,15532000.0,59102000.0,10301000.0,119537000.0,259831127.17200002,256661127.17200002,20.816339257873402,4.401300540818954,0.18386651299463186,0.2652565984601096,0.031221027568871462,20.816339257873402,0.03604811408370533,7.857954611141354,13.496318677124455,1.9460673415321013,0.0,2.296281914377245,0.0,0.1716661994206149,3.669070306464074,0.024987280524146237,70.6062845576087,0.28464283554103914,0.5306122448979592,0.9747099788786474,0.10125963456643709,1.0220362872072488,0.32619416654924616,0.51877563900284,0.4721939295172133,0.6675328861493957,-0.02001058713476037,0.5881103984244714,Building Materials,Basic Materials,USLM
2010Q4,2010,Q4,2011-03-08,2010-12-31,3169000.0,29184000.0,4909000.0,0.49,7097000.0,0.2431811951754386,188498000.0,128294000.0,61887000.0,15711000.0,60204000.0,10600000.0,114724000.0,270221826.414,270664826.414,20.00218272528843,3.939087263700592,0.19451665269658033,0.2857966857374468,0.02209075039436862,20.00218272528843,0.024701077213275757,9.259245696751643,21.317594384190595,2.1062701795407426,0.0,2.083679245283019,0.0,0.15482392386126112,3.186429889886067,0.01681184946259377,57.506240990423485,0.2431811951754386,-0.30985915492957744,0.8654317385629928,-0.15609106567524442,1.0767065835405063,-0.19943598420755781,-0.3029036515618126,-0.29740947473880064,0.5316285922936609,-0.061869806166740815,0.5466538152353869,Building Materials,Basic Materials,USLM
2010Q3,2010,Q3,2010-10-29,2010-09-30,4546000.0,31869000.0,6987000.0,0.71,8865000.0,0.278170008472183,185185000.0,124300000.0,57755000.0,15178000.0,60885000.0,10751000.0,111555000.0,247501319.99999997,252638319.99999997,19.415807560137456,3.805178547898274,0.20474660474660475,0.3050362027353178,0.031109981146253088,19.415807560137456,0.0365728077232502,7.7662091687847115,13.610939287285525,1.9911610619469027,0.0,2.139707934145661,0.0,0.1720927720927721,3.0796547634734486,0.024548424548424548,25.581531782945735,0.278170008472183,-0.19318181818181823,1.1517897644569706,0.8429148761182368,1.0082553158838903,-0.16043185907756416,-0.1972452763552887,-0.18887856977014164,0.39233457332138694,-0.05725708864409079,0.4970824076786161,Building Materials,Basic Materials,USLM
2010Q2,2010,Q2,2010-07-28,2010-06-30,5663000.0,37926000.0,8614000.0,0.88,10559000.0,0.27841058904181826,181790000.0,119896000.0,52837000.0,15925000.0,61894000.0,9328000.0,107008000.0,246566520.00000003,261385520.00000003,18.730823308857993,3.3178649921507066,0.21545189504373177,0.32667478481350504,0.03837309109591162,18.730823308857993,0.04723260158804297,6.501252966302801,10.884977926893873,2.0565033028624806,0.0,2.9338550600343054,0.0,0.2086253369272237,2.706938775510204,0.031151328455910666,33.3152979327118,0.27841058904181826,0.20547945205479456,0.805521551800759,1.054147654475852,1.0949497798890928,0.10913865546218487,0.2147147147147147,0.20391334730957372,0.7347167175242542,0.14232548231152503,0.4724689720182749,Building Materials,Basic Materials,USLM
2010Q1,2010,Q1,2010-04-30,2010-03-31,4662000.0,33615000.0,7155000.0,0.73,9520000.0,0.28320690168079726,175864000.0,114505000.0,46194000.0,15722000.0,61359000.0,9041000.0,101346000.0,247371977.206,269574977.206,17.8997967797405,2.938175804605012,0.22981394714097256,0.3529627527182219,0.033109899431432846,17.8997967797405,0.040714379284747394,7.358975969239923,13.265335543007293,2.160359610549758,0.0,2.665081296316779,0.0,0.19114201883273438,2.30174278081669,0.026509120684165038,80.28950899253489,0.28320690168079726,0.5531914893617021,1.8029965969625186,0.9536492893658671,1.0398729880194209,0.3446327683615819,0.5370919881305638,0.39067055393586003,1.2084215826945959,0.11368243537009538,0.49877054401991766,Building Materials,Basic Materials,USLM
2009Q4,2009,Q4,2010-03-02,2009-12-31,3033000.0,28269000.0,5145000.0,0.47,7080000.0,0.2504510240899926,172070000.0,109981000.0,40760000.0,16150000.0,62089000.0,9460000.0,96684000.0,220888403.603,246088403.603,17.1925902766922,2.5238390092879257,0.24214563840297554,0.3788472554350297,0.02357434951857471,17.1925902766922,0.0275774906574772,7.8138032333297955,18.207088988048135,2.008423305871014,0.0,2.2398520084566598,0.0,0.16428778985296683,1.8471207430340557,0.017626547335386763,37.21165828891509,0.2504510240899926,-0.32857142857142857,1.070037100961691,0.942351364489981,1.050005061712879,-0.17998610145934676,-0.32525027808676304,-0.2217516260777492,0.3727491897847999,0.030709988380676973,0.47974762552041794,Building Materials,Basic Materials,USLM
2009Q3,2009,Q3,2009-10-30,2009-09-30,4495000.0,31613000.0,6611000.0,0.7,8634000.0,0.27311549046278427,168269000.0,106518000.0,36730000.0,15069000.0,61751000.0,10107000.0,93651000.0,228594867.27199998,259806867.27199998,16.737586423632937,2.4374543765346073,0.2550499497827883,0.40290842862239246,0.03340478206755272,16.737586423632937,0.04219944047015528,7.231039992155125,12.713841338820911,2.146067962898289,0.0,2.2735727713465916,0.0,0.18787180050989785,1.7126551197823345,0.026713179492360448,20.71356173178688,0.27311549046278427,0.32075471698113195,1.3543894090857895,0.8164720531967428,1.052221621211347,0.26746917204932474,0.31972988843217853,0.3508377605230895,0.1211377490447258,-0.028688836227686403,0.48166760653536944,Building Materials,Basic Materials,USLM
2009Q2,2009,Q2,2009-07-30,2009-06-30,3406000.0,29136000.0,4894000.0,0.53,6812000.0,0.23380010982976387,163564000.0,102136000.0,29861000.0,14188000.0,61428000.0,10981000.0,89156000.0,269027627.316,311381627.316,16.104698833175654,2.1046659148576263,0.2700288572057421,0.4324332262865199,0.026688810758129945,16.104698833175654,0.03334769327171614,9.233512744233938,19.7465962504404,2.634013739680426,0.0,2.032966032237501,0.0,0.17813210730967693,1.2438680575133916,0.020823653126604877,77.24020307665805,0.23380010982976387,0.2325581395348838,0.2787012738556957,0.8181258632153785,1.0756051422682815,0.09394572025052192,0.2448830409356725,0.13681765389082462,-0.23277916906561621,-0.10743021910315381,0.4783635537142949,Building Materials,Basic Materials,USLM
2009Q1,2009,Q1,2009-04-29,2009-03-31,2736000.0,28313000.0,4305000.0,0.43,6227000.0,0.21993430579592413,164640000.0,97540000.0,28846000.0,14515000.0,67100000.0,12249000.0,85750000.0,173161446.329,219139446.329,15.411597408753357,1.987323458491216,0.29407191448007775,0.4963707197047365,0.022687332231241593,15.411597408753357,0.028050030756612672,6.115969566241656,15.82250057830775,1.7752865114722167,0.0,1.8030859662013226,0.0,0.17196914480077746,1.0621426110919738,0.01661807580174927,38.773275040080605,0.21993430579592413,1.5294117647058822,2.087826786241189,1.1964113494195276,1.1339362744052663,2.1737983034872763,1.5860113421550095,0.7974947807933194,0.1376205068844046,-0.04437432746539203,0.49703599745770527,Building Materials,Basic Materials,USLM
2008Q4,2008,Q4,2009-03-06,2008-12-31,1058000.0,29012000.0,2395000.0,0.17,-5305000.0,-0.18285537019164483,166129000.0,94447000.0,28961000.0,16223000.0,71682000.0,12297000.0,83014000.0,151579556.329,202097556.329,14.922894612103018,1.7851815323922826,0.30912122507208256,0.5437335225046852,0.013472276032602365,14.922894612103018,0.011202049826887037,5.224719299910382,35.81747550307183,1.604916581034866,0.0,2.7906806538180042,0.0,0.17463537371560656,0.9448314121925661,0.0063685449259310535,42.5904906796853,-0.18285537019164483,-0.7571428571428571,0.46390174556967717,1.4003216806724286,1.1084709302519116,-1.4300770166193757,-0.7635754189944134,-0.6532503257564789,-0.3688440946165638,-0.14979765836110295,0.5493545835502613,Building Materials,Basic Materials,USLM
2008Q3,2008,Q3,2008-11-05,2008-09-30,4475000.0,38926000.0,6907000.0,0.7,12335000.0,0.31688331706314543,168404000.0,95303000.0,31461000.0,18231000.0,73101000.0,11817000.0,81956000.0,242721470.064366,294200470.064366,15.120699204815878,1.7256870166200429,0.30704140044179473,0.5425537496196342,0.035557215108725754,15.120699204815878,0.04695549982686799,6.2354588209517035,13.559858662813744,2.5468397643764207,0.0,2.25023271557925,0.0,0.23114652858601933,1.049969831605507,0.026573003016555425,112.37105095572501,0.31688331706314543,-0.2631578947368421,1.5357143695921982,1.8187132310507355,1.1522877899223984,0.10489072017198137,-0.26118540531616313,-0.246536489582197,1.1515151953722913,1.2864283157310492,0.563994928560047,Building Materials,Basic Materials,USLM
2008Q2,2008,Q2,2008-08-08,2008-06-30,6057000.0,41183000.0,9167000.0,0.95,11164000.0,0.2710827283102251,168612000.0,90923000.0,32829000.0,20678000.0,77689000.0,11462000.0,77481000.0,249172290.0,302842290.0,14.439097983166587,1.5876293645420254,0.32383816098498325,0.600541117209067,0.04598019219262442,14.439097983166587,0.06661680762843285,6.050367627419081,10.284476225854384,2.7404758971877303,0.0,2.6190019193857967,0.0,0.24424714729675231,1.0008704903762453,0.035922710127393065,66.14608176267586,0.2710827283102251,1.111111111111111,2.102859989536162,2.3176361184621976,1.1347784952468003,0.6502586844050259,1.1304959549771367,0.8908828382838284,0.9630340046357748,1.2673926318884603,0.6149415667877635,Building Materials,Basic Materials,USLM
2008Q1,2008,Q1,2008-05-09,2008-03-31,2843000.0,33235000.0,4848000.0,0.45,6765000.0,0.2035504738979991,160760000.0,82811000.0,27016000.0,16331000.0,77949000.0,10636000.0,71424000.0,192692229.0,250097229.0,13.107614734167614,1.6542771416324782,0.36272082607613837,0.7041455845237952,0.024978594095961155,13.107614734167614,0.034331187885667365,5.797870588235294,16.94444504045023,2.3268917052082454,0.0,2.4887175629936067,0.0,0.2067367504354317,0.947768048496724,0.017684747449614333,377.8279,0.2035504738979991,0.40625,9.999999683433003,1.9836952807642363,0.8750368671431937,3.063758389261745,0.39499509322865556,0.28662420382165604,0.7307691698909623,0.9557852242981331,0.49375267007816287,Building Materials,Basic Materials,USLM
2007Q4,2007,Q4,2008-03-13,2007-12-31,2038000.0,30642000.0,3768000.0,0.32,-3278000.0,-0.10697735134782325,158227000.0,81705000.0,25331000.0,16465000.0,76522000.0,9887000.0,68581000.0,191744562.3,249702562.3,12.932553185629505,1.5384755542058912,0.37311583990090186,0.7225628786487975,0.019124477732341855,12.932553185629505,0.024943393917140934,6.257573340513022,23.521168093719332,2.346791044611713,0.0,3.4307676747243856,0.0,0.19365847800944214,0.8678408745824476,0.012880229038027644,49.165272384615385,-0.10697735134782325,-0.36,348.67863701446936,2.011877443659091,0.8298553298729159,-1.313924535529592,-0.3595223130106851,-0.2949101796407186,0.4083866125021354,1.1317999463429247,0.5420480023509459,Building Materials,Basic Materials,USLM
2007Q3,2007,Q3,2007-11-05,2007-09-30,3182000.0,32945000.0,5344000.0,0.5,10442000.0,0.3169524965852178,159554000.0,80917000.0,25874000.0,16889000.0,78637000.0,9916000.0,66543000.0,224611776.0,286491776.0,12.96909739941685,1.5320030789271124,0.39181092294771674,0.7725817813314878,0.027648131976627542,12.96909739941685,0.03932424583214899,6.817780421915313,17.647059710873663,2.7758292571400323,0.0,2.269362646228318,0.0,0.20648181806786417,0.9014743324057078,0.01994309136718603,39.72617191368942,0.3169524965852178,0.0,4.0999997435575235,1.9430086250459013,0.9604956145272119,0.45168914222160433,0.00473634354278497,-0.010553601184965747,0.7000000127850656,0.9308683819671069,0.5901612942890578,Building Materials,Basic Materials,USLM
2007Q2,2007,Q2,2007-08-02,2007-06-30,3167000.0,32209000.0,5401000.0,0.5,7193000.0,0.22332267378682977,161474000.0,78993000.0,26349000.0,15687000.0,82481000.0,9492000.0,63361000.0,229762748.0,297217748.0,12.720691345491742,1.6796710652132338,0.42118855047871484,0.860975023103313,0.026853716489001214,12.720691345491742,0.04009216006481587,7.1334952342512965,18.137255131038838,2.908646943400048,0.0,2.635482511588706,0.0,0.1994686451069522,1.0396506661566902,0.019613064641985707,70.78334812076402,0.22332267378682977,0.515151515151515,4.666666265637893,1.7130408804786554,0.9062195366942551,0.2794379224475276,0.5381253035454104,0.39958538481471884,0.2142856494267277,1.0526722098982983,0.6394676263998104,Building Materials,Basic Materials,USLM
2007Q1,2007,Q1,2007-05-09,2007-03-31,2059000.0,29440000.0,3859000.0,0.33,5622000.0,0.19096467391304348,159694000.0,74517000.0,25905000.0,15680000.0,85177000.0,8723000.0,60194000.0,191861365.5,262700365.5,11.942986770830629,1.6521045918367347,0.44537052112164516,0.9544533462162996,0.019042581746667415,11.942986770830629,0.027631278768603138,6.517030078125,23.29545477173385,2.5747328193566568,0.0,2.7304826321219764,0.0,0.1843525742983456,1.0446428571428572,0.01289340864403171,-29.273934314922187,0.19096467391304348,-0.05714285714285704,5.124999959932007,2.094532795532113,0.8558470917774843,4.3624401913875595,-0.044547563805104405,0.0788370142577579,1.3571426638509931,1.316638558778228,0.6536619805901888,Building Materials,Basic Materials,USLM
