Quarters,Year,Quarter,FillingDate,Date,NetIncome,Revenue,OperatingIncome,EPSDiluted,GrossProfit,GrossProfitRatio,TotalAssets,CommonStockEquity,CurrentAssets,CurrentLiability,TotalLiability,Inventory,RetainedEarnings,MarketCap,EnterpriseValue,bookValuePerShare,currentRatio,debtToAssets,debtToEquity,roic,shareholdersEquityPerShare,roe,priceToSalesRatio,peRatio,pbRatio,payoutRatio,inventoryTurnover,dividendYield,assetTurnover,quickRatio,returnOnAssets,priceToFreeCashFlowsRatio,grossProfitMargin,epsdilutedGrowth,fiveYNetIncomeGrowthPerShare,fiveYRevenueGrowthPerShare,fiveYShareholdersEquityGrowthPerShare,grossProfitGrowth,netIncomeGrowth,operatingIncomeGrowth,threeYNetIncomeGrowthPerShare,threeYRevenueGrowthPerShare,threeYShareholdersEquityGrowthPerShare,Industry,Sector,Symbol
2023Q1,2023,Q1,2023-03-31,2023-03-31,-1562000.0,0.0,-251000.0,-0.29,0.0,0.0,3322000.0,3081000.0,2942000.0,241000.0,241000.0,0.0,-157385000.0,7138269.91,5234269.91,0.565418518897109,12.207468879668049,0.0,0.0,-0.13846740120482906,0.565418518897109,-0.5069782538136969,0.0,-1.1424887820102434,2.316867870821162,,0.0,,0.0,11.933609958506224,-0.47019867549668876,0.0,0.0,-0.2083333333333333,-2.238699444885012,0.0,-0.47279260780287474,1.0,-0.20061491160645656,-0.11555555555555555,-2.238699444885012,0.0,-0.47279260780287474,Biotechnology,Healthcare,XTLB
2022Q4,2022,Q4,2022-12-31,2022-12-31,-1301000.0,-459000.0,-225000.0,-0.24,-459000.0,1.0,4186000.0,3999000.0,3806000.0,187000.0,187000.0,0.0,-156467000.0,6593363.81,4499363.81,0.7338879120641153,20.352941176470587,0.0,0.0,-0.09786036081212816,0.7338879120641153,-0.3253313328332083,-14.364627037037037,-1.2669799788624134,1.648753140785196,0.0,0.0,0.0,-0.10965121834687053,19.898395721925134,-0.3107978977544195,-3.286821440677966,1.0,0.07692307692307698,-340.4221275922586,0.0,-0.42002778985814593,0.0,0.08893557422969188,-0.10294117647058823,0.38482499532926384,0.0,-0.6992952108161361,Biotechnology,Healthcare,XTLB
2022Q3,2022,Q3,2022-09-30,2022-09-30,-1428000.0,0.0,-204000.0,-0.26,0.0,0.0,4897000.0,4744000.0,4517000.0,153000.0,153000.0,0.0,-155722000.0,6048457.710000001,3822457.710000001,0.8706087158870125,29.522875816993466,0.0,0.0,-0.07479465054133383,0.8706087158870125,-0.30101180438448566,0.0,-1.0589036607142859,1.2749700063237774,,0.0,,0.0,28.673202614379086,-0.29160710639166837,0.0,0.0,-2.969465648854962,-1.4725735254593617,0.0,-0.3121710145202057,0.0,-3.0,-0.009900990099009901,0.4037377793328976,0.0,-0.6921818608682339,Biotechnology,Healthcare,XTLB
2022Q2,2022,Q2,2022-06-30,2022-06-30,-357000.0,0.0,-202000.0,-0.0655,0.0,0.0,5757000.0,5563000.0,5376000.0,172000.0,194000.0,0.0,-154903000.0,8277123.658999999,5931123.658999999,1.0209098411634592,31.25581395348837,0.0,0.0,-0.04548473466607377,1.0209098411634592,-0.06417400683084666,0.0,-5.7963050833333325,1.4878884880460181,0.0,0.0,0.0,0.0,29.976744186046513,-0.06201146430432517,-23.18522033333333,0.0,-1.284782608695652,0.8650033120715872,0.0,0.39703451948683893,0.0,-1.2831086439333863,0.18875502008032127,0.9343463900334139,0.0,-0.6875546125492248,Biotechnology,Healthcare,XTLB
2022Q1,2022,Q1,2022-03-31,2022-03-31,1261000.0,0.0,-249000.0,0.23,0.0,0.0,6621000.0,5844000.0,6240000.0,260000.0,777000.0,0.0,0.0,12914274.57,10122274.57,1.0724783591154512,24.0,0.0,0.0,-0.1061826866107734,1.0724783591154512,0.21577686516084874,0.0,2.5603240622521812,2.2098347997946615,,0.0,,0.0,10.738461538461538,0.19045461410663042,0.0,0.0,-0.7325581395348837,0.0,0.0,0.0,0.0,-0.7188405797101449,0.12937062937062938,0.0,0.0,0.0,Biotechnology,Healthcare,XTLB
2021Q4,2021,Q4,2021-12-31,2021-12-31,4485000.0,0.0,-286000.0,0.86,0.0,0.0,6618000.0,5333000.0,6237000.0,231000.0,1285000.0,0.0,-155133000.0,14480421.53,11511421.53,1.0201643625770886,27.0,0.0,0.0,-0.11480818983167355,1.0201643625770886,0.8409900618788674,0.0,0.8071583907469343,2.715248739921245,,0.0,,0.0,26.523809523809526,0.6776971894832275,0.0,0.0,9.81508815088151,3.0362917332560317,0.0,0.08584669779325398,0.0,9.794117647058824,0.35294117647058826,1.3435831313978206,0.0,-0.6494027785423608,Biotechnology,Healthcare,XTLB
2021Q3,2021,Q3,2021-09-30,2021-09-30,-510000.0,0.0,-442000.0,-0.09756,0.0,0.0,6855000.0,3079000.0,6473000.0,185000.0,3776000.0,0.0,0.0,22896839.82,19885839.82,0.58899045047344,34.98918918918919,0.0,0.0,-0.14355310165638194,0.58899045047344,-0.16563819421890225,0.0,-11.223941088235293,7.4364533354985385,,0.0,,0.0,16.275675675675675,-0.07439824945295405,0.0,0.0,0.5122000000000001,0.024406853714016158,0.0,-0.5596045259205129,0.0,0.41040462427745666,0.17383177570093458,-1.270892854211448,0.0,-0.7683563409854183,Biotechnology,Healthcare,XTLB
2021Q2,2021,Q2,2021-06-30,2021-06-30,-865000.0,0.0,-535000.0,-0.2,0.0,0.0,6953000.0,3282000.0,6571000.0,258000.0,3671000.0,0.0,-156447000.0,20858080.11,17940080.11,0.6278228835510978,25.468992248062015,0.0,0.0,-0.16301035953686777,0.6278228835510978,-0.2635588056063376,0.0,-6.028346852601157,6.3552955850091415,,0.0,,0.0,24.406976744186046,-0.12440673090752194,0.0,0.0,0.0,0.1726587533947295,0.0,-0.6329106209194979,0.0,0.0,0.0,-14.918799795829846,0.0,-0.7121555872144695,Biotechnology,Healthcare,XTLB
2020Q4,2020,Q4,2020-12-31,2020-12-31,205000.0,0.0,-257000.0,0.04,0.0,0.0,6503000.0,6249000.0,6121000.0,254000.0,254000.0,0.0,-154661000.0,15580435.739999998,11949435.739999998,1.215272173126013,24.098425196850393,0.0,0.0,-0.04112658025284045,1.215272173126013,0.03280524883981437,0.0,19.0005313902439,2.493268641382621,0.0,0.0,0.0,0.0,23.787401574803148,0.031523912040596645,0.0,0.0,1.3486142583231653,1.0373703270821897,0.0,-0.4491860316197833,0.0,1.347457627118644,-0.18433179723502305,58.010247647926185,0.0,-0.03960253795512647,Biotechnology,Healthcare,XTLB
2020Q3,2020,Q3,2020-09-30,2020-09-30,-590000.0,0.0,-217000.0,-0.11474,0.0,0.0,6210000.0,6028000.0,5828000.0,182000.0,182000.0,0.0,0.0,9769395.994199999,6017395.994199999,1.1722932724601707,32.02197802197802,0.0,0.0,-0.03599867285998673,1.1722932724601707,-0.09787657597876576,0.0,-4.139574573813559,1.6206695411745187,0.0,0.0,0.0,0.0,20.615384615384617,-0.09500805152979067,0.0,0.0,0.42630000000000007,0.4262997422432808,0.0,-0.6405053857816312,0.0,0.3669527896995708,0.5421940928270043,-1.2069082896827512,0.0,-0.07382354717235143,Biotechnology,Healthcare,XTLB
2020Q2,2020,Q2,2020-06-30,2020-06-30,-932000.0,0.0,-474000.0,-0.2,0.0,0.0,6789000.0,6595000.0,6408000.0,194000.0,194000.0,0.0,0.0,8175872.220000001,4148872.2200000007,1.2825604067476486,33.03092783505155,0.0,0.0,-0.07187263078089462,1.2825604067476486,-0.14131918119787718,0.0,-2.1930987714592276,1.2397076906747535,0.0,0.0,0.0,0.0,20.757731958762886,-0.13728089556635734,0.0,0.0,0.0,-0.16104540626965547,0.0,-0.5402185674338986,0.0,0.0,0.0,0.6265301833986981,0.0,0.7550826618652035,Biotechnology,Healthcare,XTLB
2019Q4,2019,Q4,2019-12-31,2019-12-31,-1110000.0,0.0,-244000.0,-0.38811,0.0,0.0,7212000.0,6980000.0,6830000.0,232000.0,232000.0,0.0,-153930000.0,3918200.0000000005,-536799.9999999995,2.4405594405594404,29.439655172413794,0.0,0.0,-0.03495702005730659,2.4405594405594404,-0.15902578796561603,0.0,-0.8824774774774775,0.5613467048710602,,0.0,,0.0,29.0,-0.15391014975041598,0.0,0.0,0.11694841983117563,-0.28865275349650366,1.0,0.33549926468381397,0.0,0.11694510739856802,-0.22613065326633167,0.07883817427385895,0.0,1.5976925939709712,Biotechnology,Healthcare,XTLB
2019Q3,2019,Q3,2019-09-30,2019-09-30,-1257000.0,0.0,-199000.0,-0.43951,0.0,0.0,8289000.0,8089000.0,7907000.0,200000.0,200000.0,0.0,0.0,4118400.0,-523600.0,2.8283216783216782,39.535,0.0,0.0,-0.024601310421560142,2.8283216783216782,-0.15539621708493015,0.0,-0.8190930787589499,0.5091358635183583,,0.0,,0.0,23.21,-0.15164676076728195,0.0,0.0,0.5595650866820322,-1.1975524475524473,-1.0,0.33732992392365657,0.0,0.5595655220742817,0.005,-3.3951048951048945,0.0,1.1147712418300653,Biotechnology,Healthcare,XTLB
2019Q2,2019,Q2,2019-06-30,2019-06-30,-2854000.0,0.0,-200000.0,-0.9979,0.0,0.0,9548000.0,9345000.0,9166000.0,203000.0,203000.0,0.0,0.0,5720000.0,960000.0,3.2674825174825175,45.152709359605915,0.0,0.0,-0.021401819154628143,3.2674825174825175,-0.30540395933654363,0.0,-0.5010511562718991,0.6120920278223649,,0.0,,0.0,23.448275862068964,-0.2989107666527021,0.0,0.0,0.0,-3.989510489510489,-1.0,0.6114161329210382,0.0,0.0,0.0,-3.989510489510489,0.0,0.9105039971061055,Biotechnology,Healthcare,XTLB
2018Q4,2018,Q4,2018-12-31,2018-12-31,1047000.0,0.0,-221000.0,0.37,0.0,0.0,8575000.0,8322000.0,8195000.0,253000.0,253000.0,0.0,-152588000.0,4947800.0,1692800.0,2.9097902097902097,32.391304347826086,0.0,0.0,-0.02655611631819274,2.9097902097902097,0.1258111031002163,0.0,1.1814231136580706,0.5945445806296563,,0.0,,0.0,32.10276679841897,0.12209912536443149,0.0,0.0,0.027777777777777804,1.8738263910003041,-1.0,0.2749200520150241,0.0,0.01650485436893204,-0.1631578947368421,1.343155257776502,0.0,0.3188429127655647,Biotechnology,Healthcare,XTLB
2018Q3,2018,Q3,2018-09-30,2018-09-30,1030000.0,0.0,-190000.0,0.36,0.0,0.0,7469000.0,7272000.0,7089000.0,197000.0,197000.0,0.0,0.0,6435000.0,5351000.0,2.5426573426573427,35.984771573604064,0.0,0.0,-0.026127612761276127,2.5426573426573427,0.14163916391639164,0.0,1.5618932038834952,0.8849009900990099,,0.0,,0.0,27.482233502538072,0.13790333377962244,0.0,0.0,28.999999999999996,0.8006993006993007,-1.0,-0.046894113670025175,0.0,29.294117647058822,-0.03260869565217391,2.800699300699301,0.0,-0.22027052277640674,Biotechnology,Healthcare,XTLB
2018Q2,2018,Q2,2018-06-30,2018-06-30,34000.0,0.0,-184000.0,0.012,0.0,0.0,6436000.0,6238000.0,6056000.0,198000.0,198000.0,0.0,0.0,5462600.0,4327600.0,2.181118881118881,30.585858585858585,0.0,0.0,-0.029496633536389868,2.181118881118881,0.0054504648925937805,0.0,40.16617647058823,0.87569733889067,,0.0,,0.0,27.565656565656564,0.0052827843380981974,0.0,0.0,0.0,1.0297202797202798,-1.0,-0.1285602940717664,0.0,0.0,0.0,1.0761523214490427,0.0,-0.21809689548983124,Biotechnology,Healthcare,XTLB
2017Q4,2017,Q4,2017-12-31,2017-12-31,-2000.0,0.0,-286000.0,-0.0007,0.0,0.0,6586000.0,3619000.0,6206000.0,300000.0,2967000.0,0.0,-155645000.0,6541392.0,3252392.0,1.2653846153846153,20.686666666666667,0.0,0.0,-0.0790273556231003,1.2653846153846153,-0.0005526388505111909,0.0,-817.674,1.8075136778115501,,0.0,,0.0,20.35333333333333,-0.0003036744609778318,0.0,0.0,-1.0012727272727273,0.9945787280287282,-1.0,-0.6051001872600404,0.0,-1.0012610340479193,-0.5052631578947369,0.9976781031468532,1.0,-0.30756850445691647,Biotechnology,Healthcare,XTLB
2017Q3,2017,Q3,2017-09-30,2017-09-30,1586000.0,0.0,-190000.0,0.55,0.0,0.0,6825000.0,3620000.0,6444000.0,286000.0,3205000.0,0.0,-155651000.0,6864000.0,779000.0,1.2657342657342658,22.53146853146853,0.0,0.0,-0.052486187845303865,1.2657342657342658,0.438121546961326,0.0,1.081967213114754,1.8961325966850826,,0.0,,0.0,21.276223776223777,0.23238095238095238,0.0,0.0,2.1332962436380867,26.45048654545454,0.0,-0.6033728429156532,0.0,2.142651296829971,0.5711060948081265,3.772727272727273,-1.0,-0.40151634014048243,Biotechnology,Healthcare,XTLB
2017Q2,2017,Q2,2017-06-30,2017-06-30,-1388000.0,0.0,-443000.0,-0.48531,0.0,0.0,7172000.0,2090000.0,6792000.0,382000.0,5082000.0,0.0,-157240000.0,9037600.0,2712600.0,0.7307692307692307,17.780104712041886,0.0,0.0,-0.21196172248803827,0.7307692307692307,-0.6641148325358852,0.0,-1.6278097982708934,4.32421052631579,,0.0,,0.0,16.55759162303665,-0.1935303959843837,0.0,0.0,0.0,-0.6498657384097384,0.0,-0.7422520986544965,0.0,0.0,0.0,-1.4265734265734265,-1.0,-0.6396083769069053,Biotechnology,Healthcare,XTLB
2016Q4,2016,Q4,2016-12-31,2016-12-31,-1205000.0,0.0,-1193000.0,-0.42133,0.0,0.0,3017000.0,2687000.0,2754000.0,330000.0,330000.0,0.0,-154904000.0,9074780.0,7055780.0,0.9395104895104895,8.345454545454546,0.0,0.0,-0.4439895794566431,0.9395104895104895,-0.4484555266096018,0.0,-1.8827344398340249,3.377290658727205,,0.0,,0.0,7.409090909090909,-0.3994033808418959,0.0,0.0,-3.2133,-1.465065316627817,0.0,-0.5403382186918773,0.0,-3.2132867132867133,-2.9766666666666666,-0.00569321982365471,-1.0,-0.5883549411482372,Biotechnology,Healthcare,XTLB
2016Q3,2016,Q3,2016-09-30,2016-09-30,-286000.0,0.0,-300000.0,-0.1,0.0,0.0,4056000.0,3825000.0,2934000.0,0.0,231000.0,0.0,0.0,13585000.0,11263000.0,1.3374125874125875,0.0,0.0,0.0,-0.0784313725490196,1.3374125874125875,-0.07477124183006537,0.0,-11.875,3.5516339869281044,,0.0,,0.0,0.0,-0.07051282051282051,0.0,0.0,0.5,0.5,0.0,-0.3943724241359285,0.0,0.40041928721174,0.3562231759656652,-1.5000000000000002,-1.0,-0.49867574048237706,Biotechnology,Healthcare,XTLB
2016Q2,2016,Q2,2016-06-30,2016-06-30,-477000.0,0.0,-466000.0,-0.2,0.0,0.0,4337000.0,4079000.0,3217000.0,258000.0,258000.0,0.0,-153460000.0,13833000.0,11228000.0,1.710272536687631,12.468992248062015,0.0,0.0,-0.11424368717822996,1.710272536687631,-0.11694042657514096,0.0,-7.249999999999999,3.3912723706790877,0.0,0.0,0.0,0.0,12.468992248062015,-0.10998385981092922,-27.230314960629922,0.0,0.0,-0.4572571428571429,0.0,-0.13590153084481493,0.0,0.0,0.0,0.5,-1.0,-0.31668126422175996,Biotechnology,Healthcare,XTLB
2015Q4,2015,Q4,2015-12-31,2015-12-31,-2363000.0,0.0,-2358000.0,-1.06682,0.0,0.0,5323000.0,4887000.0,4265000.0,436000.0,436000.0,0.0,-152487000.0,15615750.0,11798750.0,2.2063205417607223,9.78211009174312,0.0,0.0,-0.48250460405156537,2.2063205417607223,-0.4835277266216493,0.0,-1.6521106644096488,3.1953652547575198,0.0,0.0,0.0,0.0,9.330275229357799,-0.4439226000375728,-31.356927710843372,0.0,-4.3341,-5.492716944354867,0.0,0.492505001346118,0.0,-4.334085778781039,-4.954545454545454,-7.270413501311696,-1.0,-0.3114539577985859,Biotechnology,Healthcare,XTLB
2015Q3,2015,Q3,2015-09-30,2015-09-30,-443000.0,0.0,-396000.0,-0.2,0.0,0.0,7485000.0,7223000.0,4818000.0,262000.0,262000.0,0.0,-150151000.0,17720000.0,13420000.0,3.2609480812641083,18.389312977099237,0.0,0.0,-0.05482486501453689,3.2609480812641083,-0.06133185656929254,0.0,-10.0,2.4532742627717017,0.0,0.0,0.0,0.0,18.270992366412212,-0.05918503674014696,-35.298804780876495,0.0,-1.0,-0.32214482758620705,0.0,1.0114530811043225,0.0,-0.03747072599531616,0.17671517671517672,-8.178864,0.0,0.021842105318318913,Biotechnology,Healthcare,XTLB
2015Q2,2015,Q2,2015-06-30,2015-06-30,-427000.0,0.0,-481000.0,-0.1,0.0,0.0,7861000.0,7630000.0,5257000.0,231000.0,231000.0,0.0,-149744000.0,26668755.75,21848755.75,2.7895002188094207,22.757575757575758,0.0,0.0,-0.06304062909567497,2.7895002188094207,-0.05596330275229358,0.0,-15.6140256147541,3.495249770642202,0.0,0.0,0.0,0.0,22.61904761904762,-0.05431878895814782,-51.683635174418605,0.0,0.0,0.6877807094543584,0.0,4.597885996505212,0.0,0.0,0.0,0.4692928877601982,0.0,-0.016121920672382686,Biotechnology,Healthcare,XTLB
2014Q4,2014,Q4,2014-12-31,2014-12-31,-768000.0,-1254000.0,-52000.0,-0.30118,-863000.0,-0.6881977671451356,5644000.0,4660000.0,3122000.0,965000.0,965000.0,0.0,-148322000.0,25245000.0,23086000.0,1.8274509803921568,3.2352331606217617,0.0,0.0,-0.011158798283261802,1.8274509803921568,-0.1648068669527897,-20.13157894736842,-8.217773437500002,5.4173819742489275,0.0,0.0,0.0,-0.22218284904323174,2.250777202072539,-0.13607370659107015,-37.566964285714285,0.6881977671451356,-0.5058999999999999,0.3875963398692811,0.0,151.8821994397759,-6.198795180722891,-0.5058823529411764,0.8947368421052632,-0.7620915032679737,0.0,-0.10590740361185129,Biotechnology,Healthcare,XTLB
2014Q3,2014,Q3,2014-09-30,2014-09-30,-510000.0,287000.0,-494000.0,-0.2,166000.0,0.578397212543554,6688000.0,5393000.0,3899000.0,1184000.0,1211000.0,222000.0,-147589000.0,21675000.0,19314000.0,2.1149019607843136,3.293074324324324,0.0,0.0,-0.09160022251066197,2.1149019607843136,-0.09456703133691823,75.5226480836237,-10.625,4.019098831819025,0.0,0.545045045045045,0.0,0.04291267942583732,3.0869932432432434,-0.07625598086124402,-47.637362637362635,0.578397212543554,0.0,-14.013577777777778,0.0,4.160457717320261,-0.3782771535580524,0.0941385435168739,0.31673582295988933,0.0,0.0,-0.042297822111913845,Biotechnology,Healthcare,XTLB
2014Q2,2014,Q2,2014-06-30,2014-06-30,-563000.0,380000.0,-723000.0,-0.2,267000.0,0.7026315789473684,7224000.0,5708000.0,4424000.0,1348000.0,1375000.0,301000.0,-147126000.0,43069500.0,40393500.0,2.027708703374778,3.2818991097922847,0.0,0.0,-0.12666433076384023,2.027708703374778,-0.09863349684653118,113.34078947368421,-19.125,7.545462508759636,0.0,0.3754152823920266,0.0,0.05260243632336656,2.919139465875371,-0.07793466223698782,-78.59397810218978,0.7026315789473684,0.0,-1.0952380873866447,0.0,0.0,0.0,0.0,0.0,-0.4572571428571429,0.0,0.024479987190957682,Biotechnology,Healthcare,XTLB
2013Q4,2013,Q4,2013-12-31,2013-12-31,-1150000.0,711000.0,-1800000.0,-0.41894,537000.0,0.7552742616033755,8015000.0,6265000.0,5089000.0,1219000.0,1230000.0,302000.0,-146073000.0,39802500.0,36915500.0,2.2823315118397085,4.17473338802297,0.0,0.0,-0.28731045490822027,2.2823315118397085,-0.18355945730247406,55.98101265822785,-8.652717391304348,6.353152434158021,0.0,0.5761589403973509,0.0,0.08870867124142233,3.766201804757998,-0.14348097317529632,-76.39635316698656,0.7552742616033755,-3.0947,-1.3062895651837754,0.0,-0.06272199230016579,0.8327645051194539,-3.09471766848816,-3.1712907117008444,-1.5497169456732298,0.0,0.5439239818853294,Biotechnology,Healthcare,XTLB
2013Q3,2013,Q3,2013-09-30,2013-09-30,549000.0,473000.0,829000.0,0.2,293000.0,0.6194503171247357,10282000.0,7323000.0,5549000.0,1289000.0,1302000.0,409000.0,-144774000.0,73154250.0,69010250.0,2.66775956284153,4.30488750969744,0.0,0.0,0.1132049706404479,2.66775956284153,0.07496927488734126,154.66014799154334,33.31249999999999,9.98965587873822,0.0,0.4400977995110024,0.0,0.046002723205602024,3.969743987587277,0.053394281268235755,-96.50956464379948,0.6194503171247357,1.5000000000000002,1.0936228617106316,-0.9495457189435337,0.0,-0.09567901234567901,1.547357926221336,1.829,2.322144827586207,0.0,0.6455561568594356,Biotechnology,Healthcare,XTLB
2013Q2,2013,Q2,2013-06-30,2013-06-30,-1003000.0,512000.0,-1000000.0,-0.4,324000.0,0.6328125,9380000.0,6276000.0,2605000.0,1369000.0,1382000.0,265000.0,-144935000.0,74347375.0,73352375.0,2.5028913260219343,1.9028487947406867,0.0,0.0,-0.15933715742511154,2.5028913260219343,-0.15981516889738687,145.209716796875,-18.531249999999996,11.8462993945188,0.0,0.7094339622641509,0.0,0.05458422174840085,1.6932067202337473,-0.10692963752665245,-110.96623134328358,0.6328125,0.0,0.6708092212538656,-0.6965868996057514,1.6691389298770356,0.0,0.0,0.0,0.19999999999999996,0.0,4.228219016420128,Biotechnology,Healthcare,XTLB
2012Q4,2012,Q4,2012-12-31,2012-12-31,-296000.0,938000.0,-608000.0,-0.12899,558000.0,0.5948827292110874,11086000.0,7353000.0,0.0,0.0,11086000.0,0.0,0.0,85133959.010568,81821959.010568,3.20431809426526,0.0,0.0,0.0,,3.20431809426526,-0.040255677954576366,90.76115033109595,-71.90368159676352,11.578125800430845,0.0,0.0,0.0,0.08461122136027421,0.0,-0.026700342774670757,-141.4185365624053,0.5948827292110874,-4.263608912103158,0.0,0.0,-0.8290134856812349,0.0,-4.92,0.2093628088426528,0.7377113454465729,0.0,267.0691319286818,Biotechnology,Healthcare,XTLB
2012Q3,2012,Q3,2012-09-30,2012-09-30,-50000.0,0.0,-769000.0,-0.024506,0.0,0.0,7857000.0,7323000.0,3432000.0,738000.0,738000.0,0.0,-143598000.0,80315060.0,79381060.0,3.1912445810287635,4.650406504065041,0.0,0.0,,3.1912445810287635,-0.006827802813054759,0.0,-401.57529999999997,10.967507851973235,0.0,0.0,0.0,0.0,4.623306233062331,-0.006363752068219423,-205.40936061381075,0.0,0.9259259259259258,0.9984027343279078,-1.0,0.0,0.0,0.9259259259259259,-0.288107202680067,-2.4177765110996066,0.0,6.786783043086813,Biotechnology,Healthcare,XTLB
2012Q2,2012,Q2,2012-06-30,2012-06-30,-675000.0,0.0,-597000.0,-0.330831,0.0,0.0,7338000.0,6506000.0,3617000.0,832000.0,832000.0,0.0,-144020000.0,67694122.0,66275122.0,2.8352092372215125,4.347355769230769,0.0,0.0,,2.8352092372215125,-0.10375038426068245,0.0,-25.071897037037036,10.404875806947432,0.0,0.0,0.0,0.0,4.3233173076923075,-0.0919869174161897,-196.78523837209303,0.0,0.0,0.9823190326668693,-1.0,-0.8625658620437895,0.0,0.0,0.0,-1.1400733445576383,0.0,0.0,Biotechnology,Healthcare,XTLB
2011Q4,2011,Q4,2011-12-31,2011-12-31,-288000.0,0.0,-283000.0,-0.17092,0.0,0.0,4073000.0,3444000.0,1584000.0,629000.0,629000.0,0.0,-143276000.0,32015000.0,31892000.0,2.0439169139465876,2.518282988871224,0.0,0.0,,2.0439169139465876,-0.08362369337979095,0.0,-27.79079861111111,9.295876887340302,0.0,0.0,0.0,0.0,2.4848966613672494,-0.07070955069972992,-115.16187050359713,0.0,0.1454000000000001,0.9840341645975897,-1.0,-0.9671166456848133,0.0,0.14540059347181009,0.09003215434083602,-1.1249595038842397,0.0,-0.160630976231995,Biotechnology,Healthcare,XTLB
2011Q3,2011,Q3,2011-09-30,2011-09-30,-337000.0,0.0,-311000.0,-0.2,0.0,0.0,4364000.0,3721000.0,1860000.0,643000.0,643000.0,0.0,-142999000.0,25275000.0,25075000.0,2.208308605341246,2.8926905132192844,0.0,0.0,,2.208308605341246,-0.09056705186777748,0.0,-18.75,6.792528890083311,0.0,0.0,0.0,0.0,2.860031104199067,-0.07722273143904675,-102.7439024390244,0.0,-1.0,0.981322519765366,-1.0,0.0,0.0,-0.20357142857142857,-0.05067567567567568,0.9063771382893685,-1.0,0.0,Biotechnology,Healthcare,XTLB
2011Q2,2011,Q2,2011-06-30,2011-06-30,-280000.0,0.0,-296000.0,-0.1,0.0,0.0,4736000.0,4038000.0,2207000.0,698000.0,698000.0,0.0,-142679000.0,32642560.0,32386560.0,1.9792565288996942,3.16189111747851,0.0,0.0,,1.9792565288996942,-0.06934125804853888,0.0,-29.145142857142858,8.08384348687469,0.0,0.0,0.0,0.0,3.128939828080229,-0.05912162162162162,-97.15047619047618,0.0,0.0,0.9862164123984468,-1.0,-0.9755623184509472,0.0,0.0,0.0,0.8870512385683994,-1.0,1.110723145897054,Biotechnology,Healthcare,XTLB
2010Q4,2010,Q4,2010-12-31,2010-12-31,-315000.0,0.0,-308000.0,-0.16431,0.0,0.0,3797000.0,2834000.0,0.0,0.0,963000.0,0.0,0.0,45052085.0,45052085.0,1.478266766121923,0.0,0.0,0.0,-0.1086803105151729,1.478266766121923,-0.11115031757233593,0.0,-35.75562301587301,15.896995412844037,,0.0,,0.0,0.0,-0.0829602317619173,0.0,0.0,0.9664673469387755,0.877735756784296,-1.0,-0.5571494028044193,0.0,-0.08620689655172414,-0.04054054054054054,0.0,0.0,-0.9211177935096926,Biotechnology,Healthcare,XTLB
2010Q3,2010,Q3,2010-09-30,2010-09-30,-290000.0,0.0,-296000.0,-4.9,0.0,0.0,3995000.0,3108000.0,1396000.0,887000.0,887000.0,0.0,-141861000.0,24922430.0,23545430.0,1.6211902290426736,1.5738444193912062,0.0,0.0,-0.09523809523809523,1.6211902290426736,-0.0933075933075933,0.0,-21.484853448275864,8.018799871299871,0.0,0.0,0.0,0.0,1.5738444193912062,-0.07259073842302878,-119.24607655502392,0.0,-8.8,0.8874641105103325,-1.0,0.0,0.0,0.08227848101265822,0.06624605678233439,0.9889111358528182,-1.0,0.0,Biotechnology,Healthcare,XTLB
2010Q2,2010,Q2,2010-06-30,2010-06-30,-316000.0,0.0,-317000.0,-0.5,0.0,0.0,392000.0,-490000.0,196000.0,882000.0,882000.0,0.0,-141721000.0,2844000.0,2707000.0,-0.7753164556962026,0.2222222222222222,0.0,0.0,0.6469387755102041,-0.7753164556962026,0.6448979591836734,0.0,-2.25,-5.804081632653061,0.0,0.0,0.0,0.0,0.17687074829931973,-0.8061224489795918,-26.091743119266056,0.0,0.0,0.31957832054905133,-1.0,-1.1725614847612322,0.0,0.0,0.0,0.9699460750853243,-1.0,-1.0375827460396874,Biotechnology,Healthcare,XTLB
2009Q4,2009,Q4,2009-12-31,2009-12-31,-288000.0,0.0,-305000.0,-0.49086,0.0,0.0,715000.0,7000.0,557000.0,708000.0,708000.0,0.0,-141224000.0,2928055.0,2516055.0,0.011953327379437887,0.786723163841808,0.0,0.0,-40.349104271933854,0.011953327379437887,-41.142857142857146,0.0,-2.541714409722222,418.2935714285714,0.0,0.0,0.0,0.0,0.730225988700565,-0.4027972027972028,-12.84234649122807,0.0,-32.99981788,0.6722169436063743,-1.0,-0.9983258920459863,0.0,-33.0,-22.785714285714285,0.9540609164563828,-1.0,-0.9998076900793856,Biotechnology,Healthcare,XTLB
2009Q3,2009,Q3,2009-09-30,2009-09-30,9000.0,0.0,14000.0,0.01533946230071482,0.0,0.0,873000.0,240000.0,749000.0,633000.0,633000.0,0.0,-140991000.0,4392082.5,3752082.5,0.40982836729501326,1.1832543443917851,0.0,0.0,0.058333333333333334,0.40982836729501326,0.0375,0.0,122.00229166666666,18.30034375,0.0,0.0,0.0,0.0,1.1200631911532386,0.010309278350515464,-18.689712765957445,0.0,-0.9926954941425167,1.0102457079383602,-1.0,0.0,0.0,-0.9925803792250618,-0.9884583676834295,1.0014352302305771,-1.0,0.0,Biotechnology,Healthcare,XTLB
2009Q2,2009,Q2,2009-06-30,2009-06-30,1213000.0,0.0,1213000.0,2.1,0.0,0.0,,,,,,,,6353809.0,,,0.0,0.0,0.0,0.0,,0.0,0.0,1.3095237015663646,0.0,0.0,0.0,0.0,0.0,0.0,0.0,-55.735166666666665,0.0,0.0,1.9346081223413236,-1.0,0.0,0.0,0.0,0.0,1.2109054479959802,-1.0,0.0,Biotechnology,Healthcare,XTLB
2008Q4,2008,Q4,2008-12-31,2008-12-31,801000.0,0.0,709000.0,1.37,1841000.0,0.0,3430000.0,1426000.0,3389000.0,2004000.0,2004000.0,0.0,-149108000.0,1464027.5,-1459972.5,2.4350635490112036,1.691117764471058,0.0,0.0,0.561711079943899,2.4350635490112036,0.561711079943899,0.0,0.45693742197253434,1.0266672510518935,0.0,0.0,0.0,0.0,1.655688622754491,0.23352769679300292,-0.39643311670728404,0.0,1.6523809523809525,1.911646625594772,-1.0,-0.6589602939395176,-0.0795,1.6402877697841727,1.5217071376011773,2.0177924689988984,-1.0,-0.27051776336838723,Biotechnology,Healthcare,XTLB
2008Q3,2008,Q3,2008-09-30,2008-09-30,-1251000.0,2000000.0,-1359000.0,-2.1,2000000.0,1.0,,,,,,,,103653147.0,,,0.0,0.0,0.0,0.0,,0.0,51.8265735,-20.714058153477218,0.0,0.0,0.0,0.0,0.0,0.0,0.0,-15.050551328590098,1.0,-1.1,-0.42415340343205826,9.851806916195223,0.0,0.015228426395939087,0.6482991284790554,0.6256198347107438,-0.5892351663683547,38.02410025235414,0.0,Biotechnology,Healthcare,XTLB
2008Q2,2008,Q2,2008-06-30,2008-06-30,-3557000.0,1970000.0,-3630000.0,-1.0,1970000.0,1.0,9385000.0,2745000.0,9145000.0,6485000.0,6640000.0,0.0,-146977000.0,562047168.0,558959168.0,0.9377148929963116,1.41017733230532,0.0,0.0,-1.3250111951839934,0.9377148929963116,-1.2958105646630236,285.303130964467,-39.502893449536124,204.75306666666668,,0.0,,0.20990942994139583,1.41017733230532,-0.3790090570058604,0.0,1.0,0.0,0.4592175979725488,3.199752275718399,-0.8002618243577568,0.0,0.0,0.0,-0.6535619425127989,0.7396073919870007,-0.7912936414165728,Biotechnology,Healthcare,XTLB
2007Q4,2007,Q4,2007-12-31,2007-12-31,0.0,0.0,-26642000.0,0.0,0.0,0.0,14127000.0,8564000.0,13901000.0,5369000.0,5563000.0,0.0,-139862000.0,65120505.0,62743505.0,18.740180224339476,2.5891227416651144,0.0,0.0,,18.740180224339476,0.0,0.0,0.0,7.603982368052312,0.0,0.0,,0.0,2.4825852113987708,0.0,0.0,0.0,1.0,1.0,-1.0,1.6246319353038752,0.0,1.0,-118.88495575221239,1.0,-1.0,1.6246319353038752,Biotechnology,Healthcare,XTLB
2007Q3,2007,Q3,2007-09-30,2007-09-30,-6234000.0,226000.0,226000.0,-13.64,0.0,0.0,,,,,,,,46384079.0,,,0.0,0.0,0.0,0.0,,0.0,205.23928761061947,-1.8601250802053255,0.0,,0.0,,0.0,0.0,0.0,0.0,0.0,0.22057142857142853,-8.09436940165806,0.5714003000091907,0.0,-1.0,0.1489419795221843,1.029709478112265,-8.09436940165806,0.5714003000091907,0.0,Biotechnology,Healthcare,XTLB
2007Q2,2007,Q2,2007-06-30,2007-06-30,-7325000.0,114000.0,-7607000.0,-17.5,100000.0,0.8771929824561403,13563000.0,9083000.0,13322000.0,4094000.0,4480000.0,0.0,-129572000.0,56797410.0,54346410.0,20.629585046219535,3.2540302882266734,0.0,0.0,-0.8254393649214152,20.629585046219535,-0.8064516129032258,498.2228947368421,-1.9384781569965872,6.253155345150281,,0.0,,0.0084052200840522,3.2454811919882753,-0.5400722554007226,0.0,0.8771929824561403,0.0,-6.404215113376579,0.615827565156948,3.394209489647722,0.0,0.0,0.0,-6.404215113376579,0.615827565156948,3.394209489647722,Biotechnology,Healthcare,XTLB
