Quarters,Year,Quarter,FillingDate,Date,NetIncome,Revenue,OperatingIncome,EPSDiluted,GrossProfit,GrossProfitRatio,TotalAssets,CommonStockEquity,CurrentAssets,CurrentLiability,TotalLiability,Inventory,RetainedEarnings,MarketCap,EnterpriseValue,bookValuePerShare,currentRatio,debtToAssets,debtToEquity,roic,shareholdersEquityPerShare,roe,priceToSalesRatio,peRatio,pbRatio,payoutRatio,inventoryTurnover,dividendYield,assetTurnover,quickRatio,returnOnAssets,priceToFreeCashFlowsRatio,grossProfitMargin,epsdilutedGrowth,fiveYNetIncomeGrowthPerShare,fiveYRevenueGrowthPerShare,fiveYShareholdersEquityGrowthPerShare,grossProfitGrowth,netIncomeGrowth,operatingIncomeGrowth,threeYNetIncomeGrowthPerShare,threeYRevenueGrowthPerShare,threeYShareholdersEquityGrowthPerShare,Industry,Sector,Symbol
2023Q2,2023,Q2,2023-05-11,2023-04-01,5533000.0,299814000.0,12444000.0,0.17,35649000.0,0.1189037203,364349000.0,-1118000.0,172047000.0,198367000.0,365467000.0,129161000.0,-83676000.0,654448674.87,778086674.87,-0.03490073534725561,0.8673166403686097,0.38811963255010995,-126.48568872987478,0.06997390375756915,-0.03490073534725561,-4.949016100178891,2.182848949248534,29.570245566148564,-585.3744855724508,0.0,2.0452381136720836,0.0,0.8228758690156965,0.15833278720754965,0.015185989257552511,29.484982648675437,0.11890372030659009,1.4857142857142858,1.248404910754241,0.032580336068077524,0.9880758288907858,3.78060882392383,1.4869312681510165,2.32736,14.258723010991773,-0.015491017851216862,0.9855882476331583,Auto Manufacturers,Consumer Cyclical,BLBD
2023Q1,2023,Q1,2023-02-08,2022-12-31,-11363000.0,235732000.0,-9375000.0,-0.35,7457000.0,0.0316333803,351605000.0,-9196000.0,157957000.0,184317000.0,360801000.0,129120000.0,-90806000.0,343001790.81,488477790.81,-0.2871389090051614,0.8569855195125788,0.42985736835369237,-16.435406698564595,-0.0515945057751004,-0.2871389090051614,1.235645933014354,1.4550497633329373,-7.546461999691983,-37.299020314267075,0.0,1.7679290582403966,0.0,0.6704455283627935,0.08023676600639117,-0.03231751539369463,18.26420611341853,0.031633380279300224,0.5,-0.08282939343278241,0.08365956708148253,0.894826318508629,2.6943876391729153,0.49365001559645294,0.5932931326189753,-15.425994571607559,0.27217332016524265,0.8879413452366106,Auto Manufacturers,Consumer Cyclical,BLBD
2022Q4,2022,Q4,2022-12-12,2022-10-01,-22441000.0,257672000.0,-23051000.0,-0.7,-4401000.0,-0.0170798535,366126000.0,1382000.0,174476000.0,164774000.0,364744000.0,142977000.0,-79512000.0,267389461.5,429240461.5,0.04315689906125938,1.0588806486460243,0.4706849554524945,124.69609261939219,-0.10667659458711148,0.04315689906125938,-16.238060781476122,1.0377125240615976,-2.9788051056102667,193.48007344428362,0.0,1.8329731355392826,0.0,0.703779573152412,0.13966402466408534,-0.0612931067446726,9.445387032392526,-0.01707985345710826,-3.6666666666666665,-2.159784270676056,-0.3805927602369687,1.017754024689492,-1.2038160514981706,-3.538119312436805,-13.644541963795941,-2.6003715234724782,-0.3799352935606745,1.0168478650783825,Auto Manufacturers,Consumer Cyclical,BLBD
2022Q3,2022,Q3,2022-08-10,2022-07-02,-4945000.0,206083000.0,1823000.0,-0.15,21593000.0,0.1047781719,463170000.0,21987000.0,266139000.0,186727000.0,441183000.0,216725000.0,-56417000.0,293356186.2,485317186.2,0.6872900572225942,1.4252839707166076,0.4716842627976769,9.936326010824578,0.01762373754783536,0.6872900572225942,-0.22490562605175785,1.423485615989674,-14.830949757330636,13.342256160458453,0.0,0.8512631214672972,0.0,0.44494030269663404,0.21160839085938296,-0.010676425502515276,-6.620391916228476,0.10477817190161245,0.5588235294117647,-1.1825633093832244,-0.5417616438818195,1.2726830332600385,5.839721254355401,0.5517991480105139,1.1091551404107538,-1.2800281118284103,-0.44815211673174216,1.2971199758708032,Auto Manufacturers,Consumer Cyclical,BLBD
2022Q2,2022,Q2,2022-05-12,2022-04-02,-11033000.0,207659000.0,-16701000.0,-0.34,3157000.0,0.0152028085,397912000.0,27578000.0,194617000.0,168941000.0,370334000.0,155675000.0,-49982000.0,611158305.03,758434305.03,0.8623225368329575,1.151982052906044,0.40748456945254224,5.879432881282182,-0.05124067066297077,0.8623225368329575,-0.40006526941765175,2.9430860450546326,-13.848416229266745,22.161081479077524,0.0,1.3136470210374176,0.0,0.521871670118016,0.15431422804411007,-0.02772723617282213,30.930629334986588,0.01520280845039223,-0.4166666666666668,-3.8935223821808416,-0.28290240570494435,1.2418120235260612,-0.805087361857134,-0.6454884414615958,0.9997028693417167,-7.590805802251748,-0.1840558413040736,1.295575580840093,Auto Manufacturers,Consumer Cyclical,BLBD
2022Q1,2022,Q1,2022-02-09,2022-01-01,-6705000.0,129223000.0,-56207596000.0,-0.24,16197000.0,0.125341464,364048000.0,38463000.0,164206000.0,112325000.0,213260000.0,141953000.0,-37835000.0,439772558.0,597312558.0,1.3678919001580812,1.4618829290006676,0.4439222300355997,4.201674336375218,-370.8182173568215,1.3678919001580812,-0.17432337571172296,3.4032065344404634,-16.397187099179718,11.433652029222891,0.0,0.7962212845096617,0.0,0.35496143365710014,0.090888048074783,-0.018417900936140288,-13.486646160451423,0.1253414639808703,0.040000000000000036,0.36780287301845466,-0.24012067724122454,1.3319370572180314,0.24391367790492283,0.025152660657167782,-0.03347784009963292,-4.141035827826599,-0.21976183439292027,1.4513740385197964,Auto Manufacturers,Consumer Cyclical,BLBD
2021Q4,2021,Q4,2021-12-15,2021-10-02,-6878000.0,192204000.0,-54386842000.0,-0.25,13021000.0,0.0677457285,356020000.0,-32656000.0,156073000.0,124782000.0,263894000.0,125206000.0,-33753000.0,580004609.08,717868609.08,-1.2003799781942244,1.2507653347437933,0.4655637323745857,-5.0756369426751595,-560.9428070622848,-1.2003799781942244,0.21061979421852034,3.01765108468086,-21.081877329165454,-17.761042659235667,0.0,1.4311055380732554,0.0,0.5398685467108589,0.1737109519001138,-0.01931913937419246,-13.83895896256353,0.06774572849680548,-2.5625,-1.5170749824990493,-0.45627582211310486,0.6957974987748466,-0.5022363240185023,-2.587719298245614,-6727.0502102399205,-1.4576522607233033,-0.42413286232264363,-0.14502736325253987,Auto Manufacturers,Consumer Cyclical,BLBD
2021Q3,2021,Q3,2021-08-12,2021-07-03,4332000.0,196659000.0,8086000.0,0.16,26159000.0,0.1330170498,362945000.0,-46811000.0,162196000.0,172208000.0,409756000.0,133540000.0,-31365000.0,628763828.6800001,790347828.6800001,-1.722755811628092,0.9418610052959212,0.4761244816707766,-3.6915895836448698,0.040891988630209805,-1.722755811628092,-0.09254235115677939,3.1972288513620026,36.28600119344414,-13.431967458076093,0.0,1.2767710049423393,0.0,0.5418424279160754,0.1258594258106476,0.011935692735813967,-99.22105549629163,0.13301704981719625,15.545454545454547,1.933754793846241,-0.5276936704681159,0.6332788552163098,0.41453522954631483,15.585858585858587,6.1431095406360425,-0.8091199007835921,-0.396239352968975,-0.015196794472679668,Auto Manufacturers,Consumer Cyclical,BLBD
2021Q2,2021,Q2,2021-05-12,2021-04-03,-297000.0,164698000.0,1132000.0,-0.011,18493000.0,0.1122843022,325983000.0,-52588000.0,124325000.0,135824000.0,378571000.0,91960000.0,-35697000.0,725418591.0,882015591.0,-1.93919623435733,0.9153389680763341,0.5378163891982097,-3.3338214041226135,0.003335067309626663,-1.93919623435733,0.005647676275956492,4.404537948244666,-610.6217095959596,-13.794374971476381,0.0,1.5898760330578512,0.0,0.5052349355641245,0.18571092001413594,-0.0009110904556372571,-213.92468033028604,0.11228430217731848,0.8122866894197953,-1.2298463724256827,-0.33337493051566763,0.6584489790941798,0.27820016588332874,0.8126182965299684,1.6824644549763033,-1.1425649070321306,-0.32995711795432603,0.3374549996512073,Auto Manufacturers,Consumer Cyclical,BLBD
2021Q1,2021,Q1,2021-02-11,2021-01-02,-1585000.0,130434000.0,422000.0,-0.0586,14468000.0,0.1109219989,280458000.0,-54230000.0,106147000.0,108999000.0,252984000.0,69141000.0,-35078000.0,494120329.34000003,493777329.34000003,-2.004045859280209,0.9738346223359847,0.08405180098267834,-0.43468559837728193,-0.013328944488364778,-2.004045859280209,0.02922736492716209,3.7882785879448613,-77.9369604637224,-9.111567939148072,0.0,1.6772392646909937,0.0,0.46507498448965623,0.39549904127560803,-0.005651470095344045,-33.35495675307142,0.11092199886532653,-2.3788235294117643,0.4762320196684026,-0.23282493690256978,0.6553926807079611,-0.5120240143006509,-2.375312916227391,-0.9689454706012216,0.8212396222517225,-0.2903566960219584,0.2659549984768911,Auto Manufacturers,Consumer Cyclical,BLBD
2020Q4,2020,Q4,2020-12-17,2020-10-03,1152465.0,281411000.0,13589000.0,0.0425,29649000.0,0.1053583549,290725000.0,-53230000.0,116896000.0,111648000.0,258997000.0,56523000.0,-33464000.0,326203752.24,302776752.24,-1.967953451153717,1.0470048724562913,0.07250838421188409,-0.3960172834867556,-54.65847996600189,-1.967953451153717,-0.021650666917151982,1.1591720019473297,70.76218198383465,-6.128193729851588,0.0,4.454151407391682,0.0,0.9679628514919597,0.5951741186586414,0.00396410697394445,4.102159862173038,0.10535835486175026,2.541666666666667,-0.9442522763206623,-0.29317250686641155,0.6607615608015164,0.4063656199601556,2.535168711656442,3.1316509577379144,-0.9294854205390164,-0.19912214560630487,0.19041694562068268,Auto Manufacturers,Consumer Cyclical,BLBD
2020Q3,2020,Q3,2020-08-13,2020-07-04,326000.0,189181000.0,3289000.0,0.012,21082000.0,0.1114382523,390055000.0,-61928000.0,191408000.0,152104000.0,451983000.0,155717000.0,-45405000.0,384874889.44,599605889.44,-2.291276319125716,1.2584021459001735,0.5826588558023869,-3.669890840976618,0.005739101364272348,-2.291276319125716,-0.00526417775481204,2.03442676294131,295.14945509202454,-6.214876783361323,0.0,1.0795160451331582,0.0,0.4850110881798721,0.25099931625729766,0.0008357795695478843,-11.817215433080536,0.11143825225577622,1.9230769230769234,-0.9766140587900741,-0.44811584427026624,0.6454217113745179,-0.12772559890769167,1.9314285714285715,-0.23706796566921828,-0.985754387352697,-0.5020988668893559,0.09093377654706353,Auto Manufacturers,Consumer Cyclical,BLBD
2020Q2,2020,Q2,2020-05-14,2020-04-04,-350000.0,255412000.0,4311000.0,-0.013,24169000.0,0.0946275038,396100000.0,-65063000.0,198367000.0,173531000.0,461163000.0,143942000.0,-46691000.0,238308711.14,418990711.14,-2.421685750551368,1.1431214019397111,0.5422065135066902,-3.300923720086685,0.008295567704318291,-2.421685750551368,0.005379401503158477,0.9330364710350335,-170.22050795714284,-3.662737825492215,0.0,1.6065012296619472,0.0,0.6448169654127746,0.30054572381879896,-0.0008836152486745772,7.262188363248514,0.09462750379778553,0.3981481481481482,0.9758303588206888,0.09874577484696806,0.6481961407060486,0.13469483568075116,0.3881118881118881,3.315315315315315,-1.1092642288446413,0.04989420300021057,0.32091217998806515,Auto Manufacturers,Consumer Cyclical,BLBD
2020Q1,2020,Q1,2020-02-13,2020-01-04,-572000.0,153217000.0,999000.0,-0.0216,21300000.0,0.1390185162,360934000.0,-67856000.0,164098000.0,134236000.0,428790000.0,138627000.0,-46052000.0,618871276.1700001,831502276.1700001,-2.562398322659254,1.2224589528889418,0.6104467852848443,-3.247037844847913,0.00405481368306112,-2.562398322659254,0.008429615656684744,4.039181527963608,-270.4856976267483,-9.120361886494932,0.0,0.9515967307955882,0.0,0.4245014323948423,0.18544205727226676,-0.0015847772722990907,-6.495631342639728,0.13901851622209024,-1.0502325581395349,0.3473509908856007,-0.2619188353497279,-1.5076464859047067,-0.5431929312859226,-1.0493443754313319,-0.9450585711928725,0.9427336467774696,-0.043331387121491025,0.37820016439483434,Auto Manufacturers,Consumer Cyclical,BLBD
2019Q4,2019,Q4,2019-12-12,2019-09-28,11592000.0,343532000.0,18183000.0,0.43,46628000.0,0.1357311691,365413000.0,-67811000.0,172091000.0,169682000.0,433224000.0,78830000.0,-45649000.0,504300934.5,621104934.5,-2.561564854684996,1.0141971452481702,0.5138377671292482,-2.768916547462801,0.10057568971984501,-2.561564854684996,-0.1709457167716152,1.467988235448226,10.876055350672878,-7.436860310274144,0.0,3.7663833565901306,0.0,0.9401198096400512,0.5457384990747398,0.03172300930727697,7.260411674513022,0.1357311691487256,-0.21818181818181825,1.4874234428719992,0.0,-1.0870742799718813,0.11598295916902016,-0.20608177522087529,-0.12522851919561243,-0.10443073964201073,-0.001305006049486484,0.35084352454974055,Auto Manufacturers,Consumer Cyclical,BLBD
2019Q3,2019,Q3,2019-08-08,2019-06-29,14601000.0,308774000.0,20786000.0,0.55,41782000.0,0.1353157973,408378000.0,-61186000.0,222028000.0,207072000.0,469564000.0,140688000.0,-57241000.0,520822296.83000004,702126296.83,-2.313173509146517,1.0722260856127337,0.5151575256257683,-3.438351910567777,0.1127149791363118,-2.313173509146517,-0.23863302062563332,1.6867427206630092,8.917579221114993,-8.512115464812213,0.0,1.8977595814852724,0.0,0.7560985165704323,0.3939933936022253,0.03575364000999074,2468.3521176777253,0.13531579731454074,14.681592039800996,6.201094504433634,0.0,-1.0751913704129656,0.6098481929567696,14.67134831460674,5.869134170522141,4.233012176831263,-0.23821747479127026,0.5075972859114376,Auto Manufacturers,Consumer Cyclical,BLBD
2019Q2,2019,Q2,2019-05-09,2019-03-30,-1068000.0,211642000.0,3026000.0,-0.0402,25954000.0,0.1226316138,355370000.0,-77590000.0,171436000.0,174135000.0,432960000.0,125940000.0,-71842000.0,450258090.4,632287090.4,-2.917434973423856,0.9845005311970597,0.5842614739567211,-2.6759762856038147,0.019929669732724007,-2.917434973423856,0.013764660394380719,2.1274515001748235,-105.39749307116104,-5.803042794174506,0.0,1.4744163887565507,0.0,0.5955539297070659,0.26020616188589313,-0.003005318400540282,47.310926804665336,0.1226316137628637,0.07373271889400924,-0.049571065378381664,0.0,-1.0896449051311237,0.35813710099424384,0.12459016393442623,0.6392199349945829,-1.8427772143026881,-0.12651489905343757,0.48615159417865855,Auto Manufacturers,Consumer Cyclical,BLBD
2019Q1,2019,Q1,2019-02-07,2018-12-29,-1220000.0,154926000.0,1846000.0,-0.0434,19110000.0,0.1233492119,297705000.0,-79711000.0,124163000.0,115895000.0,377416000.0,84217000.0,-71169000.0,460037108.84999996,651095108.8499999,-3.0305063725947723,1.0713404374649467,0.7049797618447792,-2.6329615736849368,0.011751388334804708,-3.0305063725947723,0.015305290361430668,2.9693989959722704,-94.26989935450818,-5.771312727854374,0.0,1.612691024377501,0.0,0.5204010681715121,0.3463221019025842,-0.004098016492836869,-7.797899972031527,0.12334921188180163,-1.0834615384615385,0.0,0.0,0.0,-0.5524485350944986,-1.0817037235467453,-0.9055899350483302,0.5852385326720959,-0.06253110697010618,0.4788868366852552,Auto Manufacturers,Consumer Cyclical,BLBD
2018Q4,2018,Q4,2018-12-12,2018-09-29,14932000.0,331613000.0,19553000.0,0.52,42699000.0,0.1287615383,307430000.0,-28336000.0,149843000.0,148857000.0,335766000.0,57333000.0,-69235000.0,662219173.0,744098173.0,-1.0483417398728805,1.0066238067406974,0.4623458998796474,-5.016198475437606,0.13858313603852312,-1.0483417398728805,-0.5269621682665161,1.9969638494268922,11.087248409456203,-23.370241847826087,0.012121618001607286,5.039226972249839,0.0002733234061768852,1.0786618091923366,0.6412194253545349,0.048570406271346324,26.718546419205165,0.12876153829916198,-0.3246753246753247,1.6149292458670381,0.0,-1.0356358739061189,0.1548697698320396,-0.31789319811794803,0.22030830680896213,-0.27719132968392723,-0.16649177432974105,0.819285453437628,Auto Manufacturers,Consumer Cyclical,BLBD
2018Q3,2018,Q3,2018-08-08,2018-06-30,21891000.0,314186000.0,16023000.0,0.77,36973000.0,0.1176786999,331538000.0,-44477000.0,191831000.0,181043000.0,376015000.0,113027000.0,-84167000.0,585786727.95,689659727.95,-1.6969673476194707,1.0595880536668085,0.4397595449088792,-3.2780313420419542,0.2426440002531969,-1.6969673476194707,-0.49218697304224657,1.8644584034616438,6.689812342400987,-13.170553948108013,0.008313918962130556,2.452626363612234,0.00031069328019247075,0.9476621081143036,0.3562302878321725,0.06602863020226943,18.57988860536666,0.11767869987841598,18.25,8.869725733304174,0.0,-1.0551611454605678,0.7063411482370315,10.923202614379084,3.0574829070650797,0.6193862300297464,-0.05484110508383447,0.7373918750219399,Auto Manufacturers,Consumer Cyclical,BLBD
2018Q2,2018,Q2,2018-05-10,2018-03-31,1836000.0,216628000.0,3949000.0,0.04,21668000.0,0.1000240043,277215000.0,-69952000.0,140809000.0,138234000.0,347167000.0,105387000.0,-106058000.0,566424596.4,703683596.4,-2.926889846480544,1.0186278339627008,0.5324675793156936,-2.1101326623970724,0.03957055722300717,-2.926889846480544,-0.026246569075937785,2.614733997451853,77.12753218954248,-8.097332405077767,0.4155773420479303,1.8499435414235152,0.0013470460231588912,0.781444005555255,0.16304961152827813,0.006623018234943996,-200.78858433179724,0.10002400428384142,1.173913043478261,3.0078167957570323,0.0,-1.0899354278697329,0.05184466019417476,1.2342135476463834,1.813891178895301,1.1425270760345592,0.0475941160703519,0.5748039796304302,Auto Manufacturers,Consumer Cyclical,BLBD
2018Q1,2018,Q1,2018-02-07,2017-12-30,-7839000.0,162500000.0,-4852000.0,-0.23,20600000.0,0.1267692308,248800000.0,-65316000.0,113800000.0,102600000.0,314200000.0,74300000.0,-107900000.0,476088495.49999994,602288495.5,-2.7301403253505,1.1091617933723197,0.6004823151125402,-2.287341539592137,-0.04882663124421366,-2.7301403253505,0.1200165349990814,2.9297753569230767,-15.183330000637836,-7.289002625696613,-0.09822681464472509,1.9098250336473754,0.0016173463700090607,0.6531350482315113,0.40131578947368424,-0.0315072347266881,-12.778497879593095,0.12676923076923077,-1.8214285714285714,0.0,0.0,0.0,-0.4786262053605325,-1.5389851485148516,-1.2371224709217086,-8.90036763491649,-0.13352200791859659,-1.5408784925961787,Auto Manufacturers,Consumer Cyclical,BLBD
2017Q4,2017,Q4,2017-12-08,2017-09-30,14544000.0,312687000.0,20462000.0,0.28,39511000.0,0.1263595864,295816000.0,-58510000.0,160447000.0,138756000.0,354326000.0,76155000.0,-100055000.0,495842679.8,584450679.8,-2.430823422635108,1.156324771541411,0.5112096708764908,-2.58458383182362,0.1509859277390466,-2.430823422635108,-0.2485728935224748,1.5857476639578876,8.52314837389989,-8.474494612886687,0.09055280528052806,3.587105245880113,0.0026560843865461856,1.057032073991941,0.5244025483582692,0.0491656975958028,12.4486625944616,0.1263595864234842,-0.5882352941176471,1.6725893923277249,0.0,-1.0826300372124542,-0.12197777777777778,-0.273961661341853,-0.28651626625754034,1.6725893923277249,0.0,-1.0826300372124542,Auto Manufacturers,Consumer Cyclical,BLBD
2017Q3,2017,Q3,2017-08-04,2017-07-01,20032000.0,332600000.0,28679000.0,0.68,45000000.0,0.1352976548,366800000.0,-59632000.0,223200000.0,190400000.0,426400000.0,126600000.0,-114600000.0,402203969.0,504903969.0,-2.5204723924541876,1.1722689075630253,0.41712104689203927,-2.5657365173061444,0.2137749934639661,-2.5204723924541876,-0.3359270190501744,1.2092723060733614,5.019518383087061,-6.744767389991951,0.04862220447284345,2.2717219589257502,0.0024216568583886847,0.9067611777535441,0.514469537815126,0.05461286804798255,30.839132725042173,0.13529765484064943,8.714285714285715,8.977795091676313,0.0,-1.0819297698712629,0.8218623481781376,6.289665211062591,4.320779220779221,8.977795091676313,0.0,-1.0819297698712629,Auto Manufacturers,Consumer Cyclical,BLBD
2017Q2,2017,Q2,2017-05-12,2017-04-01,2748000.0,208700000.0,5390000.0,0.07,24700000.0,0.118351701,309300000.0,-82193000.0,163000000.0,154100000.0,391500000.0,110400000.0,-134600000.0,395282066.54999995,511782066.54999995,-3.5660862692380597,1.0577547047371836,0.5008082767539606,-1.8845887119341063,0.05148136431919286,-3.5660862692380597,-0.03343350406968963,1.894020443459511,35.96088669486899,-4.809193806650201,0.3700873362445415,1.6666666666666667,0.002572846293980194,0.6747494342062722,0.3841985723556132,0.008884578079534432,19.116068601895734,0.11835170100622903,1.170731707317073,4.1161539491988695,0.0,-1.1095762093096717,0.3572920101110012,1.3224216825061599,897.3333333333334,4.1161539491988695,0.0,-1.1095762093096717,Auto Manufacturers,Consumer Cyclical,BLBD
2017Q1,2017,Q1,2017-02-09,2016-12-31,-8523000.0,136660000.0,6000.0,-0.41,18198000.0,0.1331625933,257826000.0,-93118000.0,110143000.0,110378000.0,350944000.0,71865000.0,-137379000.0,349113051.3,492834051.3,-4.120937600707797,0.9978709525448912,0.60785180703265,-1.6830258381838097,6.76482957034608e-05,-4.120937600707797,0.09152902768530252,2.5546103563588467,-10.240321814501936,-3.74914679546382,-0.11181508858383199,1.6483962986154594,0.002729774771957946,0.5300473963060358,0.2894689159071554,-0.033057178096856016,-9.928702898014903,0.133162593297234,-2.0512820512820515,0.0,0.0,0.0,-0.5297674418604651,-1.790850886146423,-0.9996531591421469,0.0,0.0,0.0,Auto Manufacturers,Consumer Cyclical,BLBD
2016Q4,2016,Q4,2016-12-15,2016-10-01,10777000.0,286400000.0,17299000.0,0.39,38700000.0,0.1351256983,277900000.0,-86974000.0,132500000.0,130500000.0,364800000.0,53800000.0,-128900000.0,322020631.71,421861631.71,-3.9459898369006896,1.0153256704980842,0.5474991003958258,-1.7493733759514338,0.1904538925488425,-3.9459898369006896,-0.12391059397061191,1.1243737140712289,7.470089814187622,-3.7024930635592246,0.08944975410596641,4.604089219330855,0.002993597009238039,1.0305865419215545,0.6555785440613027,0.03878013673983447,417.1251706088083,0.13512569832402235,3.294117647058824,1.5442610241860688,0.0,-1.1341345011023511,-0.17484008528784648,3.993611111111111,12.205343511450382,1.5442610241860688,0.0,-1.1341345011023511,Auto Manufacturers,Consumer Cyclical,BLBD
2016Q3,2016,Q3,2016-08-16,2016-07-02,-3600000.0,323100000.0,1310000.0,-0.17,46900000.0,0.1451562984,310300000.0,-99051000.0,180300000.0,187800000.0,409300000.0,101400000.0,-139600000.0,250910048.20000002,362560048.20000005,-4.697726968114305,0.9600638977635783,0.49742184982275217,-1.5582881545870308,0.03158586351772485,-4.697726968114305,0.03634491322651967,0.7765708703187868,-17.424308902777778,-2.53313998041413,-0.2677777777777778,2.7238658777120315,0.003842014327108961,1.0412504028359653,0.3943610223642173,-0.01160167579761521,7.826753016407761,0.14515629835964097,-4.571428571428571,-0.6087457206954677,0.0,-1.1527029974888436,0.8685258964143426,-4.6,-0.7943162191866855,-0.6087457206954677,0.0,-1.1527029974888436,Auto Manufacturers,Consumer Cyclical,BLBD
2016Q2,2016,Q2,2016-05-23,2016-04-02,1000000.0,191200000.0,6369000.0,0.0476,25100000.0,0.1312761506,279400000.0,-119155000.0,140700000.0,150900000.0,398500000.0,92900000.0,-136300000.0,226657375.20000002,380707375.20000005,-5.67761802970001,0.9324055666003976,0.6537222619899785,-1.5328773446351391,0.05015355539806284,-5.67761802970001,-0.00839243002811464,1.1854465230125524,56.664343800000005,-1.9022061617221269,0.0,1.7879440258342303,0.0,0.6843235504652827,0.3181113320079523,0.0035790980672870437,8.741462270045124,0.13127615062761505,1.3661538461538463,2.2453719056070995,0.0,-1.174457883133517,0.3422459893048128,1.4278990158322635,2.804659498207885,2.2453719056070995,0.0,-1.174457883133517,Auto Manufacturers,Consumer Cyclical,BLBD
2016Q1,2016,Q1,2016-02-09,2016-01-02,-2337000.0,131300000.0,1674000.0,-0.13,18700000.0,0.1424219345,251000000.0,-121530000.0,113500000.0,112000000.0,372500000.0,71500000.0,-137700000.0,211903580.46,380253580.46000004,-5.815447749041777,1.0133928571428572,0.7368525896414343,-1.521846457664774,0.028507095553453172,-5.815447749041777,0.019229819797580844,1.6138886554455447,-22.66833338254172,-1.743631864231054,0.0,1.574825174825175,0.0,0.5231075697211155,0.3743392857142857,-0.009310756972111554,-4.900977876818466,0.14242193450114243,-1.1688311688311688,0.0,0.0,0.0,-0.5461165048543689,-1.1463185574755823,-0.9286961707202794,0.0,0.0,0.0,Auto Manufacturers,Consumer Cyclical,BLBD
2015Q4,2015,Q4,2015-12-15,2015-10-03,15972000.0,307600000.0,23477000.0,0.77,41200000.0,0.1339401821,266700000.0,-121230000.0,128900000.0,133400000.0,388000000.0,49200000.0,-135300000.0,214202337.25,348491337.25,-5.80109216338628,0.9662668665667167,0.7017247844019497,-1.543759795430174,0.26569458891971026,-5.80109216338628,-0.13174956693887652,0.6963665060143043,3.3527788825757576,-1.7669086632846653,0.0,5.414634146341464,0.0,1.1533558305211848,0.5926986506746627,0.05988751406074241,4.023259090738341,0.13394018205461639,1.0263157894736843,1.8507496812374145,0.0,-1.1971942745285287,0.1226158038147139,0.495085650098287,0.219077785855229,1.8507496812374145,0.0,-1.1971942745285287,Auto Manufacturers,Consumer Cyclical,BLBD
2015Q3,2015,Q3,2015-08-18,2015-07-04,10683000.0,262700000.0,19258000.0,0.38,36700000.0,0.1397030834,307600000.0,-133846000.0,175100000.0,169700000.0,441500000.0,106500000.0,-153900000.0,266160251.0,454310251.0,-6.4619757966789715,1.0318208603417796,0.7020481144343304,-1.6134213947372353,0.16594450310573414,-6.4619757966789715,-0.0798156089834586,1.0131718728587742,6.2285933492464665,-1.988555885121707,0.0,2.1220657276995305,0.0,0.8540312093628089,0.427348261638185,0.034730169050715215,32.549865598630305,0.1397030833650552,1.7037037037037037,5.85969658588465,0.0,-1.2100511759305863,0.5956521739130435,1.9371052631578947,2.771665133394663,5.85969658588465,0.0,-1.2100511759305863,Auto Manufacturers,Consumer Cyclical,BLBD
2015Q2,2015,Q2,2015-05-19,2015-04-04,-11400000.0,183000000.0,-10870000.000000007,-0.54,23000000.0,0.1256830601,261700000.0,-145593000.0,129100000.0,133300000.0,407200000.0,84500000.0,-164500000.0,215313413.4,410963413.4,-6.883624743092759,0.9684921230307577,0.8339701948796332,-1.4990418495394695,-0.10863187637857637,-6.883624743092759,0.07830046774226783,1.1765760295081968,-4.721785381578947,-1.4788720158249367,0.0,1.893491124260355,0.0,0.6992739778372182,0.34491372843210805,-0.04356132976690867,-17.516548438008467,0.12568306010928962,-15.314199395770395,-13.087265743599387,0.0,-1.2115152154800586,0.18556701030927836,-15.285714285714286,-5.03218645948946,-13.087265743599387,0.0,-1.2115152154800586,Auto Manufacturers,Consumer Cyclical,BLBD
2015Q1,2015,Q1,2015-02-27,2014-12-31,-700000.0,165800000.0,-1802000.0,-0.0331,19400000.0,0.1170084439,115170000.0,106760000.0,137000.0,4672000.0,8410000.0,0.0,-5650000.0,208333705.5,208214705.5,5.047603782960602,0.0293236301369863,0.0,0.0,-0.010741169658367111,5.047603782960602,-0.006556762832521544,1.2565362213510254,-74.40489482142857,1.9514209956912703,0.0,0.0,0.0,1.4396110098115829,0.025470890410958905,-0.006077971694017539,-581.9377248603352,0.11700844390832328,0.9632222222222222,0.0,0.0,0.0,0.0,0.7888386123680241,0.46289120715350224,0.0,0.0,0.0,Auto Manufacturers,Consumer Cyclical,BLBD
2014Q4,2014,Q4,2014-11-14,2014-09-30,-3315000.0,0.0,-3355000.0,-0.9,0.0,0.0,115533000.0,108553000.0,509000.0,3242000.0,6980000.0,0.0,-3857000.0,36162000.0,35685000.0,29.418157181571814,0.15700185070943862,0.0,0.0,-0.030721215074387763,29.418157181571814,-0.03053807817379529,0.0,-2.727149321266969,0.3331275966578538,0.0,0.0,0.0,0.0,0.14713140037014188,-0.02869310067253512,-104.81739130434782,0.0,-7.1818181818181825,0.0,0.0,0.0,0.0,-7.5880829015544045,-7.5152284263959395,0.0,0.0,0.0,Auto Manufacturers,Consumer Cyclical,BLBD
2014Q3,2014,Q3,2014-08-14,2014-06-30,-386000.0,0.0,-394000.0,-0.11,0.0,0.0,115882000.0,111888000.0,878000.0,256000.0,3994000.0,0.0,-521000.0,35388010.0,34570010.0,30.763816332141875,3.4296875,0.0,0.0,-0.003485261818595152,30.763816332141875,-0.00344987844987845,0.0,-22.919695595854925,0.31628065565565566,0.0,0.0,0.0,0.0,3.1953125,-0.0033309746121054176,-174.3251724137931,0.0,-1.8720626631853785,0.0,0.0,0.0,0.0,-1.9242424242424243,-1.9848484848484849,0.0,0.0,0.0,Auto Manufacturers,Consumer Cyclical,BLBD
2014Q2,2014,Q2,2014-05-13,2014-03-31,-132000.0,0.0,-132000.0,-0.0383,0.0,0.0,116088000.0,112278000.0,1088000.0,72000.0,3810000.0,0.0,0.0,32982000.0,31957000.0,32.544347826086955,15.11111111111111,0.0,0.0,-0.0011756532891572704,32.544347826086955,-0.0011756532891572704,0.0,-62.46590909090909,0.2937530059317053,0.0,0.0,0.0,0.0,14.23611111111111,-0.0011370684308455654,-268.1463414634146,0.0,0.0,0.0,0.0,0.0,0.0,0.0,0.0,0.0,0.0,0.0,Auto Manufacturers,Consumer Cyclical,BLBD
2014Q1,2014,Q1,2013-12-31,2013-12-31,0.0,0.0,0.0,0.0,0.0,0.0,,,,,,,,120249999.99999999,,,0.0,0.0,0.0,0.0,,0.0,0.0,0.0,0.0,0.0,0.0,0.0,0.0,0.0,0.0,0.0,0.0,0.0,0.0,0.0,0.0,0.0,0.0,0.0,0.0,0.0,0.0,Auto Manufacturers,Consumer Cyclical,BLBD
