Quarters,Year,Quarter,FillingDate,Date,NetIncome,Revenue,OperatingIncome,EPSDiluted,GrossProfit,GrossProfitRatio,TotalAssets,CommonStockEquity,CurrentAssets,CurrentLiability,TotalLiability,Inventory,RetainedEarnings,MarketCap,EnterpriseValue,bookValuePerShare,currentRatio,debtToAssets,debtToEquity,roic,shareholdersEquityPerShare,roe,priceToSalesRatio,peRatio,pbRatio,payoutRatio,inventoryTurnover,dividendYield,assetTurnover,quickRatio,returnOnAssets,priceToFreeCashFlowsRatio,grossProfitMargin,epsdilutedGrowth,fiveYNetIncomeGrowthPerShare,fiveYRevenueGrowthPerShare,fiveYShareholdersEquityGrowthPerShare,grossProfitGrowth,netIncomeGrowth,operatingIncomeGrowth,threeYNetIncomeGrowthPerShare,threeYRevenueGrowthPerShare,threeYShareholdersEquityGrowthPerShare,Industry,Sector,Symbol
2023Q1,2023,Q1,2023-03-31,2023-03-31,-1004000.0,8912000.0,-430000.0,-0.0707,1044000.0,0.1171454219,19741000.0,4304000.0,6975000.0,8522000.0,15437000.0,322000.0,-42160000.0,6748800.0,16253800.0,0.30292792792792794,0.8184698427599155,0.5711970011650879,2.619888475836431,-0.024824334425852454,0.30292792792792794,-0.23327137546468402,0.7572710951526033,-1.6804780876494023,1.5680297397769516,0.0,24.434782608695652,0.0,0.4514462286611621,0.7119220840178362,-0.050858619117572564,-12.781818181818181,0.11714542190305206,0.5286666666666666,-1.1180746622725126,-0.898719297454265,-0.8999815801133693,19.31578947368421,0.425629290617849,0.6455070074196207,0.9082943889936571,-0.7526531721098895,1.2048232187704695,Oil & Gas Equipment & Services,Energy,ENSV
2022Q4,2022,Q4,2023-03-31,2022-12-31,-1748000.0,6502000.0,-1213000.0,-0.15,-57000.0,-0.0087665334,19838000.0,1169000.0,5960000.0,10241000.0,18669000.0,320000.0,-41156000.0,18873770.0,31880770.0,0.10095863200621816,0.5819744165608828,0.6574251436636758,11.156544054747648,-0.07864005537787597,0.10095863200621816,-1.495295124037639,2.902763764995386,-2.699337814645309,16.145226689478186,0.0,20.496875,0.0,0.3277548139933461,0.44653842398203303,-0.08811372114124408,-7.592023330651649,-0.008766533374346354,0.4444444444444445,0.7304187793462966,-0.8646663275557467,-0.9582031263494256,0.9606625258799172,0.4487543361715547,0.5401819560272934,0.8293016555102483,-0.5746674049253083,1.1395393922248036,Oil & Gas Equipment & Services,Energy,ENSV
2022Q3,2022,Q3,2022-12-23,2022-09-30,-3171000.0,3109000.0,-2638000.0,-0.27,-1449000.0,-0.4660662592,18583000.0,2298000.0,3638000.0,7914000.0,16285000.0,250000.0,-39452000.0,14881440.0,25529440.0,0.19920249653259361,0.4596916856204195,0.5843512888123554,4.725413402959095,-0.18239253466180697,0.19920249653259361,-1.3798955613577024,4.786568028304921,-1.1732450331125828,6.475822454308094,0.0,18.232,0.0,0.1673034493892267,0.18688400303260044,-0.17063983210461175,-12.708317677198975,-0.4660662592473464,0.28947368421052627,0.6271188500415292,-0.8402100211046625,-0.9321891366366868,0.07824427480916031,0.2733730522456462,0.25878055633604946,0.8143124718388063,-0.7878651100851696,0.2053710462487315,Oil & Gas Equipment & Services,Energy,ENSV
2022Q2,2022,Q2,2022-11-14,2022-06-30,-4364000.0,3450000.0,-3559000.0,-0.38,-1572000.0,-0.4556521739,20721000.0,5215000.0,4016000.0,7874000.0,15506000.0,378000.0,-36376000.0,22528240.0,32085240.0,0.45371498172959807,0.5100330200660401,0.4760870614352589,1.8916586768935761,-0.23240934334439078,0.45371498172959807,-0.836816874400767,6.52992463768116,-1.2905728689275893,4.319892617449664,0.0,13.285714285714286,0.0,0.16649775589981178,0.2871475742951486,-0.21060759615848657,33.524166666666666,-0.45565217391304347,-1.59375,0.48854934437806685,-0.8561940100461376,-0.8752697161808886,-11.767123287671232,-1.5911677052289352,-2.8268817204301073,0.566345714319333,-0.8473300880146424,-0.7215864192357285,Oil & Gas Equipment & Services,Energy,ENSV
2022Q1,2022,Q1,2022-10-19,2022-03-31,7382000.0,8583000.0,-930000.0,0.64,146000.0,0.0170103693,26627000.0,8565000.0,8387000.0,10079000.0,18062000.0,405000.0,-32441000.0,30920400.000000004,41648400.0,0.7479042961928047,0.832126202996329,0.4400796184324182,1.3681260945709282,-0.09803993251566509,0.7479042961928047,0.8618797431406888,3.6025166025865087,1.0471552424817123,3.610087565674256,0.0,20.8320987654321,0.0,0.3223419837007549,0.6603829745014387,0.2772373906185451,72.07552447552449,0.017010369334731445,2.7777777777777777,42.580241743875376,-0.8147637119169786,-0.825378893182422,1.0723847297967277,2.80224609375,0.7128743439333127,-0.4580489929005984,-0.8966685283397884,-0.6992629192557724,Oil & Gas Equipment & Services,Energy,ENSV
2021Q4,2021,Q4,2022-07-07,2021-12-31,-4096000.0,4080000.0,-3239000.0,-0.36,-2017000.0,-0.4943627451,25148000.0,5342000.0,5593000.0,12532000.0,19806000.0,346000.0,-35581000.0,9751496.0,26254496.0,0.4672848145556333,0.44629747845515483,0.66216001272467,3.1171845750655187,-0.14327635628944443,0.4672848145556333,-0.7667540247098465,2.390072549019608,-0.5951840820312501,1.8254391613627854,0.0,17.621387283236995,0.0,0.16223954191188167,0.23890839451005427,-0.16287577540957532,-8.584063380281691,-0.49436274509803924,-21.499999999999996,0.6377993676654563,-0.8517182630298851,-0.9103053560249897,-0.03277009728622632,-21.382513661202186,-17.941520467836256,-1.5157904535616058,-0.896834451579318,-0.6321070310425777,Oil & Gas Equipment & Services,Energy,ENSV
2021Q3,2021,Q3,2021-11-15,2021-09-30,-183000.0,3027000.0,-171000.0,-0.016,-1953000.0,-0.6451932607,28109000.0,9074000.0,7306000.0,4493000.0,19035000.0,371000.0,-31485000.0,16349190.0,32052190.0,0.7936674538616286,1.6260850211440019,0.6181650005336369,1.9149217544633017,-0.006115836798446503,0.7936674538616286,-0.020167511571523033,5.401119920713578,-22.33495901639344,1.8017621776504298,0.0,13.423180592991914,0.0,0.10768792913301789,0.8795904740707767,-0.00651037034401793,-8.541896551724138,-0.645193260654113,0.8857142857142857,0.9827432511749858,-0.8777030774666142,-0.8394708854473175,-0.004113110539845758,0.8873846153846154,0.9421515561569689,0.9858995890369855,-0.7856452415777885,-0.4272340702679725,Oil & Gas Equipment & Services,Energy,ENSV
2021Q2,2021,Q2,2021-08-05,2021-06-30,-1625000.0,3087000.0,-2956000.0,-0.14,-1945000.0,-0.6300615484,30652000.0,9230000.0,8438000.0,4217000.0,21422000.0,290000.0,-31308000.0,18750120.0,34695120.0,0.8073121665354676,2.0009485416172637,0.6443625212057941,2.139869989165764,-0.09443284050799462,0.8073121665354676,-0.176056338028169,6.073896987366375,-2.884633846153846,2.031432286023835,0.0,17.351724137931033,0.0,0.10071120970899125,1.276025610623666,-0.053014485188568446,53.57177142857143,-0.6300615484288954,0.4166666666666666,0.8482331555296835,-0.8341450363147003,-0.8608656288470492,-0.49385560675883255,0.2693345323741007,-0.2536047497879559,0.8508020964469198,-0.8941972679655106,-0.6917872882823951,Oil & Gas Equipment & Services,Energy,ENSV
2021Q1,2021,Q1,2021-05-13,2021-03-31,-2224000.0,5143000.0,-2358000.0,-0.24,-1302000.0,-0.2531596345,32434000.0,10811000.0,8704000.0,3668000.0,21623000.0,334000.0,-29702000.0,15893510.0,32425510.0,1.1767715249809514,2.3729552889858234,0.6237898501572424,1.8714272500231246,-0.07128486122117751,1.1767715249809514,-0.20571639996300065,3.09031888003111,-1.7865906025179856,1.470123947830913,0.0,19.29640718562874,0.0,0.1585681692051551,1.8735005452562705,-0.06857001911574274,-5.959321334833146,-0.2531596344545985,0.7362637362637363,0.4278674879022823,-0.8286952715872133,-0.8236590243210569,0.2984913793103448,0.37405009850830284,0.33144315282109443,-1.4044985919700883,-0.9096085644328951,-0.6114626033286099,Oil & Gas Equipment & Services,Energy,ENSV
2020Q4,2020,Q4,2021-03-23,2020-12-31,-3553000.0,2392000.0,-3527000.0,-0.91,-1856000.0,-0.7759197324,30183000.0,2555000.0,4880000.0,4574000.0,27628000.0,295000.0,-27529000.0,7311610.24,31413610.240000002,0.6534607074460249,1.0668998688237865,0.8471324918000199,10.007436399217221,-0.11264982468726747,0.6534607074460249,-1.3906066536203523,3.0566932441471573,-0.5144673684210527,2.8616869823874755,0.0,14.4,0.0,0.07924990888910977,0.6996064713598601,-0.11771527018520359,-3.3771871778290996,-0.7759197324414716,-1.4333333333333333,-1.5939700358441375,-0.8197975345814108,-0.9071642602249557,0.06262626262626263,-1.4227245687091017,-0.15639344262295082,-0.6227179592766998,-0.852558511962496,-0.7294672671173458,Oil & Gas Equipment & Services,Energy,ENSV
2020Q3,2020,Q3,2020-11-12,2020-09-30,8405000.0,1764000.0,-3050000.0,2.1,-1980000.0,-1.1224489796,31226000.0,3004000.0,2988000.0,4531000.0,28222000.0,310000.0,-23809000.0,8908825.632000001,37889825.632,0.7682958767780269,0.65945707349371,0.8199257029398578,8.522969374167776,-0.09528923204491235,0.7682958767780269,2.7979360852197073,5.050354666666667,0.26498589030339087,2.9656543382157126,0.0,12.07741935483871,0.0,0.05649138538397489,-0.5096005296843964,0.26916672004099146,-6.139783343900759,-1.1224489795918366,2.764705882352941,4.312938161374407,-0.7841356378391303,-0.8951298366829767,0.20768307322929172,2.9154512306289884,0.2195496417604913,3.916055104352879,-0.7325077402462865,-0.7384630833968124,Oil & Gas Equipment & Services,Energy,ENSV
2020Q2,2020,Q2,2020-08-14,2020-06-30,-4388000.0,2141000.0,-3908000.0,-1.19,-2499000.0,-1.1672115834,32969000.0,-9504000.0,3199000.0,37623000.0,42473000.0,314000.0,-32214000.0,9548265.7125,49428265.7125,-2.575504362829597,0.08502777556282061,1.2226333828748217,-4.241266835016835,-0.11357730707878948,-2.575504362829597,0.4617003367003367,4.459722425268566,-0.5439987302016864,-1.0046575875946968,0.0,14.777070063694268,0.0,0.06493979192574843,0.051511043776413364,-0.13309472534805422,-173.60483113636366,-1.167211583372256,-0.5454545454545453,-0.8541583096123687,-0.7438650499031334,-1.323038375234754,-4.261052631578948,-0.5385694249649369,-0.7353463587921847,-0.601816163532275,-0.7220276469734286,-1.7080290558810505,Oil & Gas Equipment & Services,Energy,ENSV
2020Q1,2020,Q1,2020-05-15,2020-03-31,-2852000.0,9386000.0,-2252000.0,-0.77,-475000.0,-0.0506072874,39593000.0,-5474000.0,7050000.0,41820000.0,45067000.0,359000.0,-27857000.0,6501189.416999999,47660189.416999996,-1.4789725976691996,0.16857962697274032,1.0450332129416815,-7.558640847643405,-0.05592762828166978,-1.4789725976691996,0.5210084033613446,0.6926474980822501,-0.5698798577314165,-1.1876487791377421,0.0,27.467966573816156,0.0,0.23706210693809512,0.14273075083692013,-0.07203293511479301,-5.738031259488084,-0.05060728744939271,0.12499999999999999,-1.6634889618518935,-0.6700755673620161,-1.173281715579717,-3.9479166666666665,0.1280953836747172,-3.3898635477582846,-53.09568934005245,-0.373235801973298,-1.345311336320077,Oil & Gas Equipment & Services,Energy,ENSV
2019Q4,2019,Q4,2020-03-20,2019-12-31,-3271000.0,4883000.0,-513000.0,-0.88,-96000.0,-0.0196600451,42976000.0,-2676000.0,8731000.0,39738000.0,45652000.0,398000.0,-25020000.0,10328760.6268,50708760.6268,-0.7235134853072147,0.21971412753535657,0.9550214072970961,-15.33744394618834,-0.038917988074281776,-0.7235134853072147,1.2223467862481316,2.115248950808929,-0.7894191857841639,-3.859776018983558,0.0,12.510050251256281,0.0,0.11362155621742367,0.1794252352911571,-0.07611224869694713,-2.578322672690964,-0.019660045054269916,0.4054054054054054,-1.8669230278229758,-0.8216594058283765,-1.0990186535801032,0.959493670886076,0.40233875388269685,0.8894872899612236,0.10596908389612955,-0.45147432216720873,-1.1388773665531202,Oil & Gas Equipment & Services,Energy,ENSV
2019Q3,2019,Q3,2019-11-13,2019-09-30,-5473000.0,4697000.0,-4642000.0,-1.48,-2370000.0,-0.5045773898,40458000.0,611000.0,4053000.0,4312000.0,39847000.0,338000.0,-21678000.0,14235879.9255,56121879.9255,0.16526238717325856,0.939935064935065,0.9093627959859607,60.214402618657935,-0.11062593925078214,0.16526238717325856,-8.957446808510639,3.030845204492229,-0.6502777236205006,23.29931248036006,0.0,20.90828402366864,0.0,0.11609570418705818,-0.48608534322820035,-0.13527608878342973,7.135779411278196,-0.5045773898232915,-0.6818181818181818,-0.9661104470783933,-0.4575779007253768,-0.9736306511600735,-0.2048805287239451,-0.7055157369897164,-0.245505768714784,-0.5959759819795907,-0.41316408828703743,-0.96657362658289,Oil & Gas Equipment & Services,Energy,ENSV
2019Q2,2019,Q2,2019-08-14,2019-06-30,-3209000.0,7206000.0,-3727000.0,-0.88,-1967000.0,-0.272966972,48672000.0,5973000.0,10629000.0,4148000.0,42699000.0,372000.0,-16264000.0,21716416.65,60859416.65,1.6296438574731436,2.562439729990357,0.8146162064431295,6.638037836932865,-0.07358077904377926,1.6296438574731436,-0.5372509626653273,3.013657597835137,-1.691836759894048,3.6357637117026615,0.0,24.658602150537636,0.0,0.14805226824457593,2.2225168756027003,-0.065931130834977,2.634208715429403,-0.2729669719678046,-1.7333333333333334,-1.5044451724165326,-0.34391727582957615,-0.7607194099536634,-1.2747206703910614,-1.7457587729491053,-1.7097695677013902,0.06512477892721391,0.2076650407794764,-0.7191427520709445,Oil & Gas Equipment & Services,Energy,ENSV
2019Q1,2019,Q1,2019-05-15,2019-03-31,4303000.0,26240000.0,5251000.0,1.2,7160000.0,0.2728658537,58577000.0,8997000.0,22839000.0,9395000.0,49580000.0,396000.0,-13163000.0,28430096.2335,74249096.2335,2.48690415675374,2.430973922299095,0.7499701247930075,4.882849838835167,0.09276557297417637,2.48690415675374,0.478270534622652,1.0834640332888719,1.6517601808912388,3.159952899133044,0.0,48.18181818181818,0.0,0.4479573894190553,2.084832357637041,0.07345886610785804,-9.614506673486641,0.2728658536585366,10.230769230769232,-0.32308903555370333,-0.31546736837702255,-0.6562416040079596,1.8111503729878289,9.339147286821705,3.902894491129785,3.8110478291680114,1.2194823779211061,-0.6273336870306472,Oil & Gas Equipment & Services,Energy,ENSV
2018Q4,2018,Q4,2019-03-28,2018-12-31,-516000.0,12534000.0,1071000.0,-0.13,2547000.0,0.2032072762,49021000.0,4602000.0,13530000.0,7452000.0,44419000.0,514000.0,-17466000.0,20100879.4329,59886879.4329,1.2701651131846285,1.815619967793881,0.8168540013463618,8.701216862233812,-0.03352714250438871,1.2701651131846285,-0.1121251629726206,1.603708268142652,-9.73879817485465,4.367857330052152,0.0,19.429961089494164,0.0,0.2556863385079864,1.4856414385399892,-0.010526101058729932,-4.487805187073008,0.2032072762087123,0.8859649122807016,-1.2795598536539048,-0.5090458804480968,-0.7873169503343919,2.0884615384615386,0.8744525547445255,1.2914285714285714,0.5934589160399233,0.019000119870694,-0.8195504081954497,Oil & Gas Equipment & Services,Energy,ENSV
2018Q3,2018,Q3,2018-11-14,2018-09-30,-4110000.0,4472000.0,-3675000.0,-1.14,-2340000.0,-0.523255814,31809000.0,5017000.0,4730000.0,2159000.0,26792000.0,525000.0,-16949000.0,41823568.827,66529568.827,1.3856750422165498,2.190829087540528,0.7779244867804709,4.932230416583615,-0.12353972151807129,1.3856750422165498,-0.8192146701215866,9.35231861068873,-2.544012702372263,8.336370107036078,0.0,12.975238095238096,0.0,0.1405891414379578,1.4951366373320982,-0.12920871451476,-40.96333871400588,-0.5232558139534884,-0.19999999999999996,-1.6555586561323952,-0.44694063334474404,-0.7154580067574239,-2.673469387755102,-0.2522851919561243,-0.3575914296268932,-0.749468605026013,-0.4090198652148699,-0.8108593676293324,Oil & Gas Equipment & Services,Energy,ENSV
2018Q2,2018,Q2,2018-08-14,2018-06-30,-3282000.0,8792000.0,-2707000.0,-0.95,-637000.0,-0.0724522293,35278000.0,9024000.0,6574000.0,2492000.0,26254000.0,494000.0,-12842000.0,59945609.99999999,83614610.0,2.6193344266577654,2.6380417335473516,0.6775894325075118,2.648936170212766,-0.08301911863646558,2.6193344266577654,-0.3636968085106383,6.81819949954504,-4.566240859232175,6.642908909574468,0.0,19.087044534412957,0.0,0.24922047735132377,2.176163723916533,-0.0930324848347412,22.485225056264063,-0.07245222929936306,-2.583333333333333,-11.678628090688985,-0.31285482162848577,-0.5029081608660261,-1.1404320987654322,-2.6080352768250856,-1.9142181695373184,-0.48543882794692744,0.12661585044614357,-0.6714641413170207,Oil & Gas Equipment & Services,Energy,ENSV
2018Q1,2018,Q1,2018-05-10,2018-03-31,2041000.0,21121000.0,2961000.0,0.6,4536000.0,0.2147625586,45374000.0,10329000.0,15237000.0,5977000.0,35045000.0,507000.0,-9560000.0,46551277.5,73519277.5,3.0287213922324687,2.5492722101388656,0.6166747476528408,2.7089747313389485,0.07501838773429732,3.0287213922324687,0.19759899312614967,2.2040280999952655,5.702018312101911,4.50685230903282,0.0,32.7120315581854,0.0,0.46548684268523827,2.32441023925046,0.044981707585842114,19.485674968606112,0.21476255859097582,2.0714285714285716,-0.6772327722242214,-0.29229370027182566,-0.4066092470317369,1.364347146207975,2.070350504391531,5.7028407277369935,-0.48468486403829647,-0.19426149498124473,-0.6451441766492972,Oil & Gas Equipment & Services,Energy,ENSV
2017Q4,2017,Q4,2018-03-22,2017-12-31,-1906852.0,14128833.0,441753.0,-0.56,1918500.0,0.1357861615,44250000.0,8225000.0,13653000.0,5647000.0,36025000.0,576000.0,-11601000.0,32888641.275,62226641.275,2.4154589371980677,2.4177439348326546,0.6718418079096046,3.614468085106383,0.3648616888295192,2.4154589371980677,-0.23183610942249241,2.3277677126624683,-4.311902716492942,3.9986189999999997,0.0,21.19849479166667,0.0,0.3192956610169492,2.1620329378431027,-0.043092700564971755,-8.389867477219,0.13578616153223694,0.24324324324324317,-2.4811325538474582,-0.4441523989498403,-0.4854899265493887,2.154767773401879,0.24021688371507396,1.1442742848632728,-1.548934103386671,-0.43950336707647636,-0.6694249705134077,Oil & Gas Equipment & Services,Energy,ENSV
2017Q3,2017,Q3,2017-11-14,2017-09-30,-2509732.0,5742126.0,-3061897.0,-0.74,-1661373.0,-0.2893306416,39883328.0,10001204.0,5735919.0,26816551.0,29882124.0,431462.0,-9693742.0,27244727.3175,52964895.317499995,2.9376192346249566,0.21389473239865933,0.6569165692491861,2.6196864897466345,-0.05407916978756384,2.9376192346249566,-0.2509429864644297,4.744710812249679,-2.7139080305686023,2.7241447447227354,0.0,17.159098599644928,0.0,0.1439730907109858,0.16259790455528753,-0.06292684502155889,-9.45226853853178,-0.289330641647362,0.0,-1.2666626148299065,-0.5542794418519484,0.5688069014182708,-1.1576216685151468,0.0069736883234145395,0.007005999675693206,0.02091540682454165,-0.279888181270979,-0.5312720112442012,Oil & Gas Equipment & Services,Energy,ENSV
2017Q2,2017,Q2,2017-08-14,2017-06-30,-2527357.0,7106041.0,-3083500.0,-0.74,-770002.0,-0.1083587894,39089265.0,12384201.0,5765412.0,3476492.0,26705064.0,410017.0,-7184593.0,15836157.3405,38313849.3405,3.6375687430295014,1.6583993289787522,0.5909122875551638,1.8651447113947843,-0.06193799420345966,3.6375687430295014,-0.2040791327595539,2.2285485463002535,-1.5664741210383022,1.2787387204471248,0.0,19.209064502203567,0.0,0.18179008993901521,1.3149508182386151,-0.06465603791731567,3.9106161308843252,-0.10835878937371737,-51.0,-1.4513105482909328,-0.4614692493491325,0.6864239956764335,-1.381700814755623,-51.18879202494192,-4.939583261466442,-1.1234959234728403,-0.30347761045038446,-0.4658958206268366,Oil & Gas Equipment & Services,Energy,ENSV
2017Q1,2017,Q1,2017-05-12,2017-03-31,50357.0,13774901.0,782697.0,0.0148,2017292.0,0.1464469327,45528139.0,14581630.0,11397819.0,4292314.0,30946509.0,409403.0,-4657236.0,17107748.175,43342509.175,4.283012001373465,2.6554019580114594,0.579363742497799,1.8089440618092765,0.012421086495073537,4.283012001373465,0.0034534547920911447,1.2419507171049724,84.93232408106122,1.1732397664047163,0.0,28.718912660630235,0.0,0.30255796310936406,2.359296640460134,0.0011060632194959694,-5.698519680467827,0.1464469327220573,1.0149494949494948,-0.9227175619956977,-0.38408520493167714,0.8137108947887779,2.2307029670473137,1.018397482361331,1.236046384332757,-0.991582135293,-0.6181430487673264,-0.4079702140477004,Oil & Gas Equipment & Services,Energy,ENSV
2016Q4,2016,Q4,2017-03-31,2016-12-31,-2737168.0,6659831.0,-3315861.0,-0.99,-1639138.0,-0.2461230623,42369996.0,14415446.0,7037068.0,4001098.0,27954550.0,407379.0,-4707593.0,23238851.064,46421473.063999996,5.20972929761361,1.7587842137333303,0.5617981649089606,1.6512417305714995,-0.06569985959735182,5.20972929761361,-0.18987744118357489,3.489405521551523,-2.1225269205251562,1.6120799220502786,0.0,20.37161709366462,0.0,0.15718271486265895,1.414333515450009,-0.06460156380472634,-9.839078681379723,-0.24612306228191075,-0.064516129032258,-0.6478182636187629,-0.4544013820616038,1.4186961549253225,0.2047767595076726,-0.1608873266197986,-0.08316374163175201,-2.9417801854414294,-0.6584235386777727,-0.12765584297096852,Oil & Gas Equipment & Services,Energy,ENSV
2016Q3,2016,Q3,2016-11-14,2016-09-30,-2357824.0,5503211.0,-3061274.0,-0.93,-2061230.0,-0.3745504216,42352745.0,12567944.0,5654933.0,3132300.0,29784801.0,362582.0,-1970425.0,22302438.7905,47167881.7905,4.944071709815371,1.8053612361523481,0.6055503132087424,2.0406454707309325,-0.05233372408891928,4.944071709815371,-0.18760618284104386,4.052622876080892,-2.3647268403515276,1.7745495039204506,0.0,20.86270416071399,0.0,0.129937528252301,1.3969919867190244,-0.055671102309897504,-11.946216190280808,-0.3745504215629748,0.010638297872340318,-0.19134217549257657,-0.3064679922338833,0.8501438891880192,0.14735326370897586,0.009588553719129768,0.0884225433980423,-1.1698448976426405,-0.030630497671226012,0.015242373706003667,Oil & Gas Equipment & Services,Energy,ENSV
2016Q2,2016,Q2,2016-08-12,2016-06-30,-2380651.0,4138352.0,-3358216.0,-0.94,-2417449.0,-0.5841574134,43054353.0,14749814.0,4959401.0,2532707.0,28304539.0,358131.0,387399.0,23640813.900000002,46600229.900000006,5.802392031858091,1.9581424144206179,0.5464395667494992,1.595043978181691,-0.057690276773736726,5.802392031858091,-0.1614021031044866,5.712615529080176,-2.4825997069709085,1.6027872554867473,0.0,18.305594880085778,0.0,0.09611924722222628,1.3794572368615872,-0.05529408373643427,-17.368456398520355,-0.5841574133858115,-1.2380952380952381,-0.5991475020220224,-0.471286448223966,0.7880716167379657,-10.457212864576915,-1.2133875186064307,-1.717933402774574,-11.497872111094987,-0.561654137080996,0.101165890517084,Oil & Gas Equipment & Services,Energy,ENSV
2016Q1,2016,Q1,2016-05-12,2016-03-31,-1075569.0,8307059.0,-1235577.0,-0.42,-210998.0,-0.0253998437,46682515.0,16963394.0,6949333.0,2789009.0,29719121.0,295978.0,2768050.0,22115313.0,43996196.0,6.673273301625891,2.4916853979316667,0.5027505908796902,1.3835475377156246,-0.01998762309392853,6.673273301625891,-0.06340529495453563,2.662231362507477,-5.140375233945939,1.3037080315413294,0.0,28.7793586009771,0.0,0.17794797473957863,2.004615259398589,-0.023040082566245627,-14.069070748325286,-0.02539984367512016,-0.20000000000000004,-1.6941030680420035,-0.4876849437704116,0.774934684817011,-1.456487264749979,-0.20823298135250506,-0.8333961491435287,-1.228196941108448,-0.6265684608648633,0.3074357646003172,Oil & Gas Equipment & Services,Energy,ENSV
2015Q4,2015,Q4,2016-03-30,2015-12-31,-890200.0,8626960.0,-673928.0,-0.35,462221.0,0.053578665,47192138.0,17886816.0,9823360.0,3354122.0,29305322.0,308297.0,3843619.0,20583242.099999998,41389514.099999994,7.0388915845283675,2.9287426038766626,0.4579366376662147,1.2082088282229773,-0.015526009625961788,7.0388915845283675,-0.04976849988281872,2.385920660348489,-5.780510587508425,1.1507493619881817,0.0,26.48335533592607,0.0,0.18280502570152682,2.404385708092908,-0.018863311511760707,-12.189523812907844,0.05357866502220945,0.46153846153846156,-1.8072311292640098,-0.2606586542521841,1.0020223572850309,1.3008389523834318,0.4598926944753369,0.7352072499670939,-1.9265567304116886,-0.5452060146317057,0.4993343792329641,Oil & Gas Equipment & Services,Energy,ENSV
2015Q3,2015,Q3,2015-11-12,2015-09-30,-1648191.0,5308854.0,-2545115.0,-0.65,-1536440.0,-0.2894108597,45768141.0,18609347.0,7674581.0,2987441.0,27158794.0,324578.0,4733819.0,25985448.060000002,45107290.06,7.3261626803751945,2.568948139896319,0.4341304139925631,1.067707641756586,-0.03781499517798612,7.3261626803751945,-0.08856791159840267,4.894737745660363,-3.9415104287063816,1.3963653888553962,0.0,21.08982740666342,0.0,0.11599452990673141,1.984253747605392,-0.0360117532411902,-96.20676808589413,-0.2894108596695257,-0.015625000000000014,0.15495873724654907,-0.19628746975973846,1.0951191964309244,-0.18081963534189388,-0.02086080553182976,-0.08685059874434928,-0.9951211781986551,-0.44767724452424074,2.9124657268091885,Oil & Gas Equipment & Services,Energy,ENSV
2015Q2,2015,Q2,2015-08-14,2015-06-30,-1614511.0,5702549.0,-2341734.0,-0.64,-1301164.0,-0.2281723489,47108214.0,20071208.0,7982811.0,2036857.0,27037006.0,304845.0,6382010.0,56643210.0,75410310.0,7.972750485009589,3.9191808752406283,0.41452477905445534,0.9729121436039126,-0.03722760894519251,7.972750485009589,-0.08043915443455123,9.932963311669921,-8.77095448714812,2.822112650120511,0.0,22.974669094129805,0.0,0.12105211630396347,3.212767513870635,-0.03427238825059256,9.85163896832888,-0.22817234889169738,-1.6095238095238094,-2.6795064009878753,0.0,0.0979028464243117,-1.1985819586076718,-1.558291146243966,-1.4690121406226873,-1.1176988166185582,-0.4155555113467558,2.6962704155697246,Oil & Gas Equipment & Services,Energy,ENSV
2015Q1,2015,Q1,2015-05-14,2015-03-31,2891880.0,19139497.0,4992907.0,1.05,6552277.0,0.3423432183,59202600.0,21252817.0,19395120.0,6082284.0,37949783.0,343837.0,7996521.0,65363970.0,90138384.0,8.535075917971323,3.1887889483621614,0.43161719248816777,1.2023281431350958,0.06499094514192445,8.535075917971323,0.1360704324513781,3.4151352044413708,5.650646811070999,3.075543820849725,0.0,36.60810209488798,0.0,0.3232881157246472,2.920153679111334,0.04884717900903001,17.11328062818891,0.3423432183196873,0.0,5.548542808699266,0.0,0.14404342598482206,0.2808678646731951,0.14810402127018446,0.33882396349149696,5.068046513504349,0.17006594357733007,2.614316321156649,Oil & Gas Equipment & Services,Energy,ENSV
2014Q4,2014,Q4,2015-03-19,2014-12-31,2518831.0,18278289.0,3729323.0,1.05,5115498.0,0.2798674427,58282681.0,18041312.0,19475754.0,5812683.0,40241369.0,390081.0,5104641.0,59628740.849999994,88451207.85,7.306840268454201,3.3505618661812453,0.5108983404521148,1.650463392019383,0.05123653407352061,7.306840268454201,0.13961462447963874,3.262271476832432,5.918295118846799,3.3051222023098985,0.0,33.743737839064195,0.0,0.31361441660516615,2.995166087674143,0.04321748685514312,-3.6745814197950666,0.27986744273492997,2.4,4.043271480769107,0.0,-0.05186294296026608,4.636500512899256,2.3629846116883635,2.361308743561356,2.699344029994548,0.6781084145166073,2.392311855830795,Oil & Gas Equipment & Services,Energy,ENSV
2014Q3,2014,Q3,2014-11-14,2014-09-30,-1848026.0,5748754.0,-2739513.0,-0.75,-1406709.0,-0.2446980685,36696762.0,15382692.0,7819268.0,4309891.0,21314070.0,376618.0,2585810.0,134014062.0,147209141.0,6.267215325508155,1.8142611959327974,0.40994118227651805,0.9779506733931876,-0.056542224941324694,6.267215325508155,-0.12013670949142062,23.311844966752794,-18.12935288789227,8.712003204640643,0.0,18.999259196320942,0.0,0.1566556199154574,1.3530465155615305,-0.05035937503150823,-21.932998120997546,-0.2446980684857971,-1.142857142857143,-1.0100793457256025,0.0,-0.6704898835267042,-12.870260828474267,-1.1715449361295107,-1.373950704902733,0.03293657727578545,-0.24968121943443244,1.3452835673266201,Oil & Gas Equipment & Services,Energy,ENSV
2014Q2,2014,Q2,2014-08-13,2014-06-30,-851019.0,7294856.0,-1153989.0,-0.35,118507.0,0.016245283,35180913.0,16579297.0,11885842.0,6080097.0,18601616.0,443725.0,4433837.0,94208880.60000001,101191377.60000001,6.810597788803363,1.9548770356788716,0.35829655699952984,0.7602976169616842,-0.024139872613614756,6.810597788803363,-0.051330222264550786,12.914426357422272,-27.675316473545244,5.682320583315445,0.0,16.172965237478167,0.0,0.20735266307614017,1.5815422023694687,-0.02418979291412932,15.387156398150712,0.01624528297748441,-1.2121212121212122,-1.053201668622927,1.5563908925692103,-0.648242066995524,-0.9856746952939862,-1.203303379204177,-1.162246211957716,0.40306005060661526,-0.026786029347715238,1.0987614301679567,Oil & Gas Equipment & Services,Energy,ENSV
2014Q1,2014,Q1,2014-05-13,2014-03-31,4185956.0,25242045.0,7112579.0,1.65,8272564.0,0.3277295481,39941190.0,17234523.0,20929816.0,9753829.0,22706667.0,367813.0,5284856.0,86476909.19999999,99705347.19999999,7.234453574804683,2.145805098695087,0.3591001169469412,0.8322183329355851,0.13703661816157922,7.234453574804683,0.24288203392690358,3.4259074175646225,5.164704860729544,5.017656084824628,0.0,46.136164300881155,0.0,0.6319802940272936,1.9407123089814267,0.10480298659103547,-57.06845172534627,0.32772954806157745,2.2352941176470584,1.3638473308420462,10.326364983188892,-0.5535035985282801,1.2880848746382585,2.8202823899193135,1.951087793108742,1.8824424852304595,0.6610957414101809,0.9241955177365081,Oil & Gas Equipment & Services,Energy,ENSV
2013Q4,2013,Q4,2014-03-20,2013-12-31,1095719.0,15155598.0,2410155.0,0.51,3615497.0,0.2385585181,33422248.0,12845116.0,15129379.0,6955618.0,20577132.0,315004.0,1098900.0,58395658.949999996,70289657.94999999,5.972103160931965,2.1751308079310854,0.4117673054188336,1.071394684174125,0.04933386930172634,5.972103160931965,0.08530238263321249,3.8530752102292496,13.323593674564373,4.5461371427085595,0.0,36.63477606633567,0.0,0.4534583670134935,1.9486487038247355,0.03278412032607741,-7.826592039120857,0.23855851811324105,2.186046511627907,1.182148823180161,2.96189973275532,-0.716253627841847,10.114483860883945,2.191750233843075,2.8721817126797586,5.082327170017533,0.5345403774796866,0.6986032395325653,Oil & Gas Equipment & Services,Energy,ENSV
2013Q3,2013,Q3,2013-11-14,2013-09-30,-919420.0,4803503.0,-1287351.0,-0.43,-396676.0,-0.0825805667,26376586.0,10474318.0,9662727.0,4575577.0,15902268.0,298065.0,3181.0,46135799.000853,51939888.000853,4.869843731765955,2.1118051340847286,0.42503772095448594,1.0703364171299745,-0.03583204812025742,4.869843731765955,-0.08777850739303504,9.604615423546733,-12.544810587341203,4.404658995540617,0.0,17.446459664838205,0.0,0.18211238558318352,1.7653983311831491,-0.034857429994920495,174.23477006715862,-0.08258056672390961,-3.8666666666666667,-2.7991520430173185,-0.16413866027100224,-0.7959905720515188,-1.2304133867415126,-5.8160622711582075,-3.332309715851034,0.44329109216821805,-0.14118055296229956,0.3926667385331854,Oil & Gas Equipment & Services,Energy,ENSV
2013Q2,2013,Q2,2013-08-13,2013-06-30,190907.0,7947635.0,551964.0,0.15,1721584.0,0.2166158864,28146332.0,11276159.0,12541112.0,4763070.0,16870173.0,284689.0,922601.0,29210535.900000002,35238320.900000006,5.269316895688997,2.632989227536022,0.4179048978744371,1.0431291364373276,0.014819821789482475,5.269316895688997,0.016930144386931755,3.675374611441014,38.25231120388462,2.5904686072624554,0.0,21.86965776689651,0.0,0.2823684094964843,2.2910521995267756,0.006782659992783429,4.404083932670768,0.21661588636116277,-0.9090909090909092,-0.8491076573321087,0.21489334256672676,-0.7820652331296091,-0.773540956043307,-0.9514729294202308,-0.9175571917072659,1.5118336952358458,0.0,-0.27437864393648975,Oil & Gas Equipment & Services,Energy,ENSV
2013Q1,2013,Q1,2013-05-13,2013-03-31,3934031.0,18567166.0,6695114.0,1.65,7602187.0,0.4094425073,30853345.0,10829333.0,15919455.0,8507279.0,20024012.0,264884.0,731694.0,41054817.6,53625613.6,5.104092669260818,1.8712745873269232,0.43347218915809616,1.2349852941081414,0.1653765261657313,5.104092669260818,0.36327546673465483,2.2111515349192223,2.6089536152612935,3.7910753690924457,0.0,41.395399495628276,0.0,0.6017877802228575,1.6719478695832122,0.127507438820653,653.4581883585083,0.40944250727332326,1.323943661971831,3.380933858232713,2.1958454451533562,-0.779756242215651,5.829724652615257,6.166465069678477,1.5124632190278977,8.261991782885667,0.0,-0.3158463123227745,Oil & Gas Equipment & Services,Energy,ENSV
2012Q4,2012,Q4,2013-03-28,2012-12-31,548950.0,10838278.0,2664761.0,0.71,1113103.0,0.1027010933,25857026.0,6816348.0,9553558.0,7997228.0,19040678.0,273103.0,-3202337.0,16116434.1,30541130.1,4.694677639639901,1.1946086819082813,0.5785012940003231,2.194477600028637,0.059956105613635895,4.694677639639901,0.08053432717930481,1.4869921310377903,7.339663949357864,2.364379591534939,0.0,35.60991640516582,0.0,0.41916181698544913,1.0409818252024325,0.02123020644369542,-4.7205001146702665,0.10270109329175724,3.1515151515151514,0.12798099723424286,1.6471464771360358,-0.7983836017569547,2.9024204688080664,2.1625272128148003,3.7011673333184665,2.127890611355955,0.0,-0.3908176889789746,Oil & Gas Equipment & Services,Energy,ENSV
2012Q3,2012,Q3,2012-11-13,2012-09-30,-472204.0,5494134.0,-986522.0,-0.33,285234.0,0.0519160982,21854071.0,2718767.0,6052106.0,6647264.0,19135304.0,515278.0,-3751286.0,9800534.25,24614309.25,1.872518046656487,0.9104657194298286,0.6987903535226915,5.61703669347171,-0.026941622138378297,1.872518046656487,-0.1736831438663188,1.7838178409918652,-5.188718355837731,3.6047716667150955,0.0,10.108912082409883,0.0,0.25140094035568933,0.6351267228140781,-0.021607141296466,-54.74180174493945,0.0519160981512282,-0.10000000000000009,-2.0521057533343137,0.5001187724336554,-0.9177070698136921,-0.7122995439906317,-0.07392068701231064,-0.8461714084673095,0.13174651331696868,0.0,-0.9015489962279062,Oil & Gas Equipment & Services,Energy,ENSV
2012Q2,2012,Q2,2012-08-13,2012-06-30,-439701.0,5627382.0,-534361.0,-0.3,991427.0,0.1761790829,21601327.0,3131774.0,5944279.0,9236922.0,18469553.0,564256.0,-3279081.0,11978430.75,26995173.75,2.156971646724259,0.643534610338812,0.7245784483518073,4.997760374790774,-0.016870064977984534,2.156971646724259,-0.14039997777617413,2.128597409950133,-6.81055464395123,3.824806882616689,0.0,8.216049098281632,0.0,0.2605109399066085,0.4834876812860388,-0.02035527724755058,14.088194181448664,0.17617908291990841,-3.0,-0.31851516434096816,1.7579308063075176,-0.9065867225253715,-0.6535059116278907,-2.582301439074156,-1.9597724684692452,-1.0460869907003434,1.7196222565704393,-0.8885954050541139,Oil & Gas Equipment & Services,Energy,ENSV
2012Q1,2012,Q1,2012-05-14,2012-03-31,277887.0,9537994.0,556758.0,0.15,2861310.0,0.2999907528,24362989.0,3428682.0,8548677.0,10518660.0,20934307.0,578285.0,-2839380.0,18294330.599999998,34234565.599999994,2.3614634579742426,0.8127154029125383,0.6920180442555715,4.917232919238354,0.01827678339344134,2.3614634579742426,0.08104776120970099,1.9180480298058478,16.458426086862644,5.335674349502228,0.0,11.545663470434128,0.0,0.39149523073708237,0.6782246027535827,0.011406112772123321,-21.814777593215528,0.29999075277254317,1.25,-0.7812053494348347,1.0879338754414,-0.8979928314830042,1.1300618849563648,1.3188181492767457,1.5505162467938514,1.039631482703236,6.022158317449168,-0.8542550691230429,Oil & Gas Equipment & Services,Energy,ENSV
2011Q4,2011,Q4,2012-03-30,2011-12-31,-871616.0,6405057.0,-1011338.0,-0.6,1343299.0,0.2097247534,22120672.0,3127374.0,6402945.0,9085572.0,18993298.0,549432.0,-3117267.0,22214544.3,35948859.3,2.153941199685109,0.7047376874015197,0.6397328254765497,4.5249848595019335,-0.03953449130887731,2.153941199685109,-0.27870539308697967,3.4682820621268475,-6.371654576097731,7.1032579729830845,0.0,9.212710581109219,0.0,0.28955074240059253,0.5583635240577038,-0.039402781253661735,-13.403936065262187,0.20972475342530128,0.23076923076923084,-1.8250624884925677,0.7450329205358199,-0.9031178634949337,1.318627222530038,0.22894772227058166,0.40326119986428877,0.7853568057463036,1.4803796166889143,-0.89766201541012,Oil & Gas Equipment & Services,Energy,ENSV
2011Q3,2011,Q3,2011-11-14,2011-09-30,-1130424.0,4532274.0,-1694775.0,-0.78,579351.0,0.1278278851,21111980.0,3879942.0,5035261.0,7281487.0,17232038.0,344537.0,-2245651.0,27223706.25,40997237.25,2.6722633513576057,0.691515483032518,0.6773089023388617,3.6854499371382357,-0.05674551440624825,2.6722633513576057,-0.2913507469957025,6.006632928635824,-6.020684771820131,7.016524022781784,0.0,11.473145119392111,0.0,0.21467782747046937,0.5397109134439161,-0.05354419623360765,-11.623844445288906,0.12782788507490941,-0.3220338983050849,-2.364539269296922,0.3733330162220562,-0.8798087647914392,-0.1506723801509685,-0.3294366831588269,-0.46846539290346784,-4.276876250108705,0.1683072761397459,-0.8880524822424923,Oil & Gas Equipment & Services,Energy,ENSV
2011Q2,2011,Q2,2011-08-15,2011-06-30,-850303.0,4470679.0,-1154113.0,-0.59,682129.0,0.1525783891,20617887.0,4711597.0,5738737.0,5592246.0,15906290.0,299204.0,-1115228.0,20690016.75,31890871.75,3.2450557223449326,1.0261953783864302,0.6254828149945725,2.737104637769317,-0.04072524378795072,3.2450557223449326,-0.1804702312188415,4.6279361032183255,-6.083130586978994,4.391295934266025,0.0,12.662096763412254,0.0,0.21683497440838628,0.81378376416202,-0.041241035029438274,239.96771920668058,0.15257838909928448,-1.9833333333333334,-1.2255164177191102,0.33780004344266745,-0.854880649796696,-0.8030854883263613,-1.9606988231678657,-1.7060626119556386,-1.9905581029067767,0.007243844635844375,-0.8657870694948593,Oil & Gas Equipment & Services,Energy,ENSV
2011Q1,2011,Q1,2011-05-10,2011-03-31,885088.0,9261521.0,1634576.0,0.6,3464087.0,0.3740300324,22674160.0,5458867.0,7804724.0,5838554.0,17215293.0,240418.0,-264926.0,18512120.25,29893951.25,3.7597289402871072,1.3367563269946634,0.5882611748351427,2.443424249024569,0.05440353371795548,3.7597289402871072,0.16213767435623547,1.9988207390557124,5.228892564920098,3.391201919739023,0.0,24.11397649094494,0.0,0.4084614821453143,1.1426106532542133,0.03903509545667844,11.550907868505698,0.3740300324320379,6.0,-0.3601501297411948,0.8132100783739934,-0.8014324117956728,1.0433944979563619,6.414640711602696,21.410004120518934,0.44029864104654554,1.3294835256350763,-0.8377661058063585,Oil & Gas Equipment & Services,Energy,ENSV
2010Q4,2010,Q4,2011-03-28,2010-12-31,-163462.0,6014786.0,-80087.0,-0.12,1695261.0,0.2818489303,22620876.0,4605444.0,7375954.0,6223475.0,18015432.0,300527.0,-1150011.0,7662879.899999999,18839869.9,3.5158905987812754,1.1851825547624117,0.5665031274650902,2.7825323682146608,-0.005904432431507476,3.5158905987812754,-0.03549321194655716,1.2740070719058,-11.719665579767774,1.6638742974618732,0.0,14.373167801894672,0.0,0.2658953614351628,1.0241993420074798,-0.007226156935743779,-7.320437169641347,0.28184893028613156,0.8441558441558442,-1.0508554510988695,-0.014827328641146414,-0.8092062909827288,2.8018434419887646,0.8374804508654313,0.9493105816304894,-1.3723022211704694,0.628349750915975,-0.8490074817581644,Oil & Gas Equipment & Services,Energy,ENSV
2010Q3,2010,Q3,2010-11-12,2010-09-30,-1005799.0,3406290.0,-1579955.0,-0.77,445905.0,0.1309063527,19849852.0,4580406.0,4501469.0,4254455.0,15269446.0,328698.0,-1005798.0,10217173.2,21994034.2,3.49677607501065,1.0580600805508578,0.6389326731504094,2.7689071667446075,-0.05519699670242788,3.49677607501065,-0.21958730295960663,2.999501862730419,-2.5395663547090424,2.230626106070073,,9.006397970173229,,0.17160279079158877,0.7586177312957829,-0.050670352605147885,0.0,0.13090635265934492,-3.529411764705882,-1.7485724550814064,-0.01182594380664173,-0.7800939893012842,0.0,-10.923407029814475,-11.095997488860647,-3.4839952351467196,0.03090309377630794,-0.8463246055589057,Oil & Gas Equipment & Services,Energy,ENSV
2010Q2,2010,Q2,2010-09-29,2010-06-30,-84355.0,0.0,-130618.0,-0.17,0.0,0.0,3594949.0,3514544.0,3594525.0,80405.0,80405.0,0.0,-555224.0,2323089.6,-693912.3999999999,7.261799630974199,44.70524221130527,0.0,0.0,-0.02459250791271612,7.261799630974199,-0.02400169125781325,0.0,-6.884860411356765,0.6609931757861048,0.0,0.0,0.0,0.0,43.64699956470369,-0.023464866956387977,-17.74041497071379,0.0,0.34615384615384615,-1.737786747035366,-1.0,-0.5353918788509431,0.0,0.3173670623841778,0.3050163878602137,0.24114332224864832,-1.0,-0.6855088452722411,Oil & Gas Equipment & Services,Energy,ENSV
2010Q1,2010,Q1,2010-05-13,2010-03-13,-123573.0,0.0,-187944.0,-0.26,0.0,0.0,3695971.0,3610685.0,3694532.0,85286.0,85286.0,0.0,-470760.0,2323089.6,-824860.3999999999,7.460447500604367,43.31932556339845,0.0,0.0,-0.0349701968898775,7.460447500604367,-0.03422425384656928,0.0,-4.699832487679347,0.6433930403787647,0.0,0.0,0.0,0.0,39.7874563234294,-0.03343451558467315,-25.353490199502335,0.0,-0.08333333333333341,-1.1552407676313574,-1.0,-0.5135716815748658,0.0,0.23830862637531974,0.03677736777367774,-1.2918860330381325,-1.0,-0.6777341089752953,Oil & Gas Equipment & Services,Energy,ENSV
2009Q4,2009,Q4,2010-02-16,2009-12-31,-162235.0,0.0,-195120.0,-0.24,0.0,0.0,3804059.0,3729780.0,3602412.0,74279.0,74279.0,0.0,-342117.0,2177896.5,-1061681.5,7.70652324387316,48.49839120074314,0.0,0.0,-0.03549232864872972,7.70652324387316,-0.043497203588415405,0.0,-3.356082996887231,0.5839209015008928,0.0,0.0,0.0,0.0,46.75897629208794,-0.042647866397445465,-30.153077753779698,0.0,0.35135135135135137,-1.3039540300595371,-1.0,-0.41228813687824,0.0,0.10508315635601401,0.2774671357156082,-1.4607098062240427,-1.0,-0.6533682363281144,Oil & Gas Equipment & Services,Energy,ENSV
2009Q3,2009,Q3,2009-11-16,2009-09-30,-181285.0,0.0,-270050.0,-0.37,0.0,0.0,9482267.0,9205144.0,9300933.0,277123.0,277123.0,0.0,-179882.0,7150760.175,-1450270.8250000002,19.019796395283247,33.56247225961035,0.0,0.0,-0.019249442623786667,19.019796395283247,-0.01969387985674097,0.0,-9.861213248476156,0.776822195828767,0.0,0.0,0.0,0.0,32.175131620255264,-0.019118318435876146,-3.808167664584557,0.0,-1.056316590563166,-1.7026453380231408,-1.0,0.5759038598618248,1.0,-1.0570038283454788,-1.0884841506717489,-1.6564895157069182,-1.0,-0.1445405929011271,Oil & Gas Equipment & Services,Energy,ENSV
2009Q2,2009,Q2,2009-09-28,2009-06-30,3180225.0,-2606637.0,3051959.0,6.57,-1666185.0,0.6392086815,11694419.0,9370571.0,11598792.0,2323848.0,2323848.0,0.0,2178001.0,6533689.5,-3945084.5,19.361603960518785,4.991200801429353,0.0,0.0,0.19481539200934558,19.361603960518785,0.3393843342097296,-2.506559026055412,0.5136184939744829,0.6972562824613356,0.0,0.0,0.0,-0.22289581038613376,4.866653498851904,0.2719438220915464,-318.3593772840228,0.6392086815310302,2.360248447204969,196.28393136647048,-4.745337660313113,0.6691500945860015,-8.643015399011931,2.3606649330112464,0.5087331711209168,1.5303672321775563,-3.3400197767537754,-0.1341463364413866,Oil & Gas Equipment & Services,Energy,ENSV
2009Q1,2009,Q1,2009-05-15,2009-03-31,-2337258.0,452757.0,2022862.0,-4.83,218001.0,0.4814966969,11564079.0,7841741.0,6121873.0,3226988.0,3722338.0,0.0,695031.0,5154355.05,342726.0499999998,16.202714178566335,1.8970857654258397,0.01441247504448906,0.02125382615926744,0.15575813148639786,16.202714178566335,-0.2980534552212321,11.384374068208773,-0.5513249981388447,0.6572972825804883,0.0,0.0,0.0,0.039152015478275445,1.8725337683313357,-0.20211363135793176,-11.33637518309822,0.48149669690363706,-0.7250000000000001,-25.59387000441349,-0.16989596560083553,0.4041219191134603,-0.6105448952138331,-0.7267117271195318,20.767059168417454,-6.068967926561046,-0.7340792439640181,-0.14426440631747106,Oil & Gas Equipment & Services,Energy,ENSV
2008Q4,2008,Q4,2009-02-17,2008-12-31,-1353589.0,860763.0,-102335.0,-2.8,559759.0,0.650305601,14118442.0,10186423.0,3713573.0,1999719.0,3932019.0,0.0,3032290.0,4500986.100000001,2787146.1000000006,21.04732869537189,1.8570474151618301,0.03164442648841848,0.043859360641120046,-0.00551878288562778,21.04732869537189,-0.13288167985955424,5.229065491894982,-0.8313059023086034,0.44186129910371874,0.0,0.0,0.0,0.06096727953410157,1.836930088677459,-0.09587382233818717,17.31015344973464,0.6503056009610079,-19.666666666666664,-12.753511684958447,0.6045171467419723,0.8555293825386705,-0.36994231364493346,-12.771362727193669,-1.684212989583194,-2.1397745323837185,-0.6184186009325613,0.14215667236279206,Oil & Gas Equipment & Services,Energy,ENSV
2008Q3,2008,Q3,2008-11-14,2008-09-30,114990.0,1293117.0,149566.0,0.15,888425.0,0.6870414665,18555207.0,11552860.0,3970715.0,2456380.0,7002347.0,0.0,4385879.0,11325061.799999999,10096241.799999999,23.870679805032058,1.6164905267100367,0.028016232855823164,0.04499725609069962,0.009427905168572094,23.870679805032058,0.009953379509489425,8.75795600862103,24.62184059483433,0.9802820946501558,0.0,0.0,0.0,0.06969024921144776,1.5996999649891304,0.006197182278807238,88.35831382829322,0.6870414664720981,-0.7457627118644067,0.8503283851493231,1.6896486381360456,1.1289318063214908,-0.16453983276220713,-0.5981281628316605,-0.43314433849279144,-0.7683703522897237,0.015315646482865541,0.5011844784985298,Oil & Gas Equipment & Services,Energy,ENSV
2008Q2,2008,Q2,2008-09-29,2008-06-30,286136.0,1479509.0,263852.0,0.59,1063396.0,0.7187492607,20000804.0,11701796.0,4852961.0,3534886.0,8299008.0,0.0,4270889.0,20327034.0,19323551.0,24.17841343700217,1.3728762398561085,0.029582160797135954,0.05056206756638041,0.023397478383999033,24.17841343700217,0.02445231484124317,13.739040451933716,17.759941076970392,1.7370866831040297,0.0,0.0,0.0,0.07397247630645248,1.3617092602137664,0.014306224889759432,-4.950633544620412,0.7187492607344734,0.311111111111111,1.5989944976231518,1.7023696129975776,1.2027092115192777,0.11495135044455629,0.3968824296154541,-0.028262486833673387,1.5026062313995785,0.33103123588913486,0.5469288344745575,Oil & Gas Equipment & Services,Energy,ENSV
2008Q1,2008,Q1,2008-05-15,2008-03-31,204839.0,1325261.0,271526.0,0.45,953760.0,0.7196771051,23224649.0,11216043.0,8565481.0,7183925.0,12008606.0,0.0,3984753.0,14156327.25,9048152.25,23.174743841132948,1.1923121413433464,0.028436037935384944,0.058881461135625104,0.017226733234396826,23.174743841132948,0.018263036259757563,10.68191643004661,17.277382785992902,1.262149873177198,0.0,0.0,0.0,0.05706269231453186,1.1657195753018024,0.00881989648153563,4.602194493164,0.7196771051136343,0.5000000000000001,4.75534696595748,2.171940444444392,1.1577973884104242,-0.00013628405791024122,0.2627078941204029,0.4289488364260228,-0.7426673820264974,0.004963059769599287,0.5110154820689146,Oil & Gas Equipment & Services,Energy,ENSV
2007Q4,2007,Q4,2008-02-14,2007-12-31,162222.0,1364775.0,190018.0,0.3,953890.0,0.698935722,21870560.0,11269500.0,6407398.0,5211395.0,10601060.0,0.0,3779914.0,15463065.633977,13450701.633977,23.28519743706829,1.2294976680907894,0.03334011566233329,0.06470269310972093,0.013319665022806829,23.28519743706829,0.01439478237721283,11.330120814036746,23.830099545648864,1.372116387947735,0.0,0.0,0.0,0.06240238018596689,1.2211430912452423,0.007417368370997359,-46.39884786228635,0.6989357220054587,0.0,9.367283682466878,2.9500159011624603,1.184797687612309,-0.0021089939805796804,0.08432816865633731,0.4767167148497,-0.6960703259819507,-0.008907112975980682,0.7757666246938624,Oil & Gas Equipment & Services,Energy,ENSV
2007Q3,2007,Q3,2007-11-14,2007-09-30,149606.0,1220822.0,128676.0,0.3,955906.0,0.7830019446,22037822.0,11012558.0,6914173.0,5835416.0,11025264.0,0.0,3617692.0,22650123.116023,20304495.116023,22.75430030765925,1.1848637697809377,0.03649031197366055,0.07302272551027654,0.008788071569958823,22.75430030765925,0.013585036283123322,18.553174104024173,37.84962353786446,2.0567540362577885,0.0,0.0,0.0,0.055396672139379294,1.1844721952985013,0.006788601886338859,-41.56107907025344,0.783001944591431,2.3043478260869565,3.731618383912654,2.7225749136640713,1.126990193606264,2.658021903304922,2.3665393960430405,0.5607495906361817,-0.4201397885082053,0.3370572865777591,0.8853298393976474,Oil & Gas Equipment & Services,Energy,ENSV
2007Q2,2007,Q2,2007-09-28,2007-06-30,-109478.0,669850.0,82445.0,-0.23,-576534.0,1.0,21139302.0,11006173.0,7347982.0,5308209.0,10133129.0,0.0,3468086.0,26525629.103302002,23335017.103302002,23.090632349454843,1.3842676503506173,0.040997900498322984,0.07874371954720319,-0.003469417180381245,23.090632349454843,-0.009946963399539512,39.599356726583565,-60.572966950670455,2.410068341039342,0.0,0.0,0.0,0.03168742279191621,1.3779361362749658,-0.005178884335916106,51.55021893174933,-0.8606911995222811,-1.2555555555555558,-1.8546521860041416,1.503901533071609,1.1241715590323824,-1.460352530192634,-1.2625673938486923,-0.6608192667985897,-5.8258970182656435,-0.02273533020891705,0.9906269774309767,Oil & Gas Equipment & Services,Energy,ENSV
2007Q1,2007,Q1,2007-05-15,2007-03-31,416952.0,1499667.0,243071.0,0.9,1252375.0,0.8351020593,19738225.0,11034459.0,6874494.0,3903074.0,8703766.0,0.0,3577564.0,18517890.396697998,16273837.396697998,23.14997555863724,1.7613025015667139,0.04739109013095149,0.08477225752526699,0.01345367114315291,23.14997555863724,0.03778635635874854,12.348001520802951,11.103130814037346,1.6781874305480677,0.0,0.0,0.0,0.07597780448849883,1.7468390299543386,0.021124087905574084,-54.657936919851466,0.8351020593238365,0.20000000000000004,4.693978920681075,6.728054240438748,1.1839503135131872,0.17474216408635335,0.2030608005170583,3.7422935851412515,3.4548234208095856,1.791813485123851,1.0061693214228875,Oil & Gas Equipment & Services,Energy,ENSV
