Quarters,Year,Quarter,FillingDate,Date,NetIncome,Revenue,OperatingIncome,EPSDiluted,GrossProfit,GrossProfitRatio,TotalAssets,CommonStockEquity,CurrentAssets,CurrentLiability,TotalLiability,Inventory,RetainedEarnings,MarketCap,EnterpriseValue,bookValuePerShare,currentRatio,debtToAssets,debtToEquity,roic,shareholdersEquityPerShare,roe,priceToSalesRatio,peRatio,pbRatio,payoutRatio,inventoryTurnover,dividendYield,assetTurnover,quickRatio,returnOnAssets,priceToFreeCashFlowsRatio,grossProfitMargin,epsdilutedGrowth,fiveYNetIncomeGrowthPerShare,fiveYRevenueGrowthPerShare,fiveYShareholdersEquityGrowthPerShare,grossProfitGrowth,netIncomeGrowth,operatingIncomeGrowth,threeYNetIncomeGrowthPerShare,threeYRevenueGrowthPerShare,threeYShareholdersEquityGrowthPerShare,Industry,Sector,Symbol
2023Q1,2023,Q1,2023-05-15,2023-03-31,-2031690.0,0.0,-2300012.0,-0.7,0.0,0.0,14402320.0,13503779.0,14318637.0,898541.0,898541.0,0.0,-99075121.0,5203397.54,-188992.45999999996,4.645381065771884,15.935429768925403,0.0,0.0,-0.15977309465732967,4.645381065771884,-0.1504534397371284,0.0,-0.6402794643867914,0.3853289912401558,0.0,0.0,0.0,0.0,15.671334975254329,-0.14106685589543907,-3.195569864817394,0.0,0.4488188976377953,0.7417498930016951,0.0,-0.048601899782411494,0.0,0.44648773941287145,0.4136475622142184,0.8050779232652688,0.0,0.18247086627065714,Biotechnology,Healthcare,CWBR
2022Q4,2022,Q4,2023-03-09,2022-12-31,-3670542.0,0.0,-3922576.0,-1.27,0.0,0.0,16365667.0,15332029.0,16218503.0,1033638.0,1033638.0,0.0,-96909270.0,4915552.3698,-1015178.6301999995,5.286538316986196,15.6906992583477,0.0,0.0,-0.24734992284284832,5.286538316986196,-0.23940353882711807,0.0,-0.3347974474750596,0.3206067748632618,0.0,0.0,0.0,0.0,15.251782538954643,-0.22428306771731332,-1.8024146231085025,0.0,-0.5874999999999999,0.40562882266637734,0.0,-0.08236678563733575,0.0,-0.5869141714288679,-0.5875668303107078,0.530866273520152,0.0,-0.06951687437686593,Biotechnology,Healthcare,CWBR
2022Q3,2022,Q3,2022-11-08,2022-09-30,-2313006.0,0.0,-2470810.0,-0.8,0.0,0.0,19292616.0,18746117.0,19022858.0,546499.0,546499.0,0.0,-93112711.0,8361800.64,4150421.6399999997,6.45660178762645,34.80858702394698,0.0,0.0,-0.12745600891166747,6.45660178762645,-0.12338587239159982,0.0,-0.903780690581866,0.4460550758325044,0.0,0.0,0.0,0.0,33.55815655655363,-0.11989073954511924,-4.674943694713643,0.0,0.13978494623655913,0.6391772158633906,0.0,-0.14823283318263228,0.0,0.14530987702175444,0.09945565908622893,0.6721224314804803,0.0,-0.1597137388417953,Biotechnology,Healthcare,CWBR
2022Q2,2022,Q2,2022-08-15,2022-06-30,-2706251.0,0.0,-2743685.0,-0.93,0.0,0.0,21456932.0,20713089.0,21165459.0,743843.0,743843.0,0.0,-90720803.0,16500422.798999999,13622275.798999999,7.14394963904464,28.454202029191645,0.0,0.0,-0.131551572942965,7.14394963904464,-0.1306541482055139,0.0,-1.5242879170298689,0.7966181576779784,0.0,0.0,0.0,0.0,27.01823637514906,-0.12612478801722446,-4.836228342385641,0.0,0.17699115044247776,0.4138834121622862,0.0,0.20694176537279965,0.0,0.17298705505574027,0.15610757295863162,0.5783830566614262,0.0,-0.2583866396781551,Biotechnology,Healthcare,CWBR
2022Q1,2022,Q1,2022-05-16,2022-03-31,-3272320.0,0.0,-3251226.0,-1.13,0.0,0.0,24226899.0,23003101.0,23903183.0,1223798.0,1223798.0,0.0,-87995835.0,27258088.662,25694104.662,7.957133092437661,19.531967694014863,0.0,0.0,-0.14179561686449038,7.957133092437661,-0.14225560284241676,0.0,-2.0824742584771663,1.1849745241739364,0.0,0.0,0.0,0.0,19.225233249278066,-0.135069700831295,-10.821816446582492,0.0,-0.06603773584905645,0.3948319605923434,0.0,0.08078196737608158,0.0,-0.16742822730944099,-0.1688322053262832,0.46610095264312806,0.0,-0.2938690138811756,Biotechnology,Healthcare,CWBR
2021Q4,2021,Q4,2022-03-29,2021-12-31,-2803016.0,0.0,-2781602.0,-1.06,0.0,0.0,27296431.0,25607827.0,26946890.0,1688604.0,1688604.0,0.0,-84734062.0,27663972.248999998,23038104.248999998,9.716802691945905,15.958087272089845,0.013418494161379559,0.014303322183487104,-0.10750199292441123,9.716802691945905,-0.1094593461600627,0.0,-2.4673398447422348,1.0802936246406225,0.0,0.0,0.0,0.0,15.64577011543263,-0.10268800342433046,-10.19393037837782,0.0,0.34161490683229817,0.24334180956991974,0.0,0.33267274500099164,0.0,0.1833781846393818,0.1845351434435541,0.6478882193547258,0.0,-0.23262565368044186,Biotechnology,Healthcare,CWBR
2021Q3,2021,Q3,2021-11-15,2021-09-30,-3432453.0,0.0,-3411063.0,-1.61,0.0,0.0,16208196.0,13870748.0,15825475.0,2337448.0,2337448.0,0.0,-81941753.0,61334956.800000004,52516467.800000004,6.513048402440548,6.770407298900339,0.02232932030190158,0.026092176139311304,-0.24041346658836035,6.513048402440548,-0.24745983417765213,0.0,-4.467283077146286,4.421892517981005,0.0,0.0,0.0,0.0,6.4237441859669175,-0.2117726735288739,-18.763936993998964,0.0,0.3661417322834645,-0.08639067155228627,0.0,-0.021344031603001846,0.0,0.34553761127204635,0.34428346269606974,0.5174041155985946,0.0,-0.5646998447261962,Biotechnology,Healthcare,CWBR
2021Q2,2021,Q2,2021-08-12,2021-06-30,-5244691.0,0.0,-5202039.0,-2.54,0.0,0.0,15285459.0,12151653.0,14870226.0,3133806.0,3133806.0,0.0,-78519995.0,86604000.0,85358408.0,5.893139185257032,4.745101004976058,0.02339210095032148,0.029424721064697946,-0.4175545134275388,5.893139185257032,-0.43160309136542985,0.0,-4.128174567386334,7.126931619920352,0.0,0.0,0.0,0.0,4.411370072046578,-0.34311635653204786,-19.9823489712219,0.0,-0.2828282828282829,-0.8238530835608167,0.0,-0.2500426686986528,0.0,-0.2907666966017488,-0.29615111782852216,0.02035844745892323,0.0,-0.6710372609319546,Biotechnology,Healthcare,CWBR
2021Q1,2021,Q1,2021-05-17,2021-03-31,-4063237.0,0.0,-4013451.0,-1.98,0.0,0.0,18605731.0,15795638.0,18160717.0,2456893.0,2810093.0,0.0,-73296630.0,83721967.19999999,82531304.19999999,7.697645575628567,7.391741113674873,0.033682686264785835,0.039674940638675056,-0.24589633757527257,7.697645575628567,-0.25723791593603246,0.0,-5.151186553971624,5.3003219749654935,0.0,0.0,0.0,0.0,7.251859971109853,-0.21838631333539113,-20.22569216166548,0.0,0.2355212355212355,-0.7555611046150955,0.0,-0.04958812642876895,0.0,0.19558147969530887,0.08048590160448979,0.268338948681077,0.0,0.5765176791980691,Biotechnology,Healthcare,CWBR
2020Q4,2020,Q4,2021-03-30,2020-12-31,-5051148.0,0.0,-4364752.0,-2.59,0.0,0.0,21908015.0,18487155.0,21428533.0,3072019.0,3420860.0,0.0,-69258286.0,78360051.0,76163661.0,9.48421576448438,6.9753907772054795,0.031868930160947946,0.03776595154852112,-0.24408906530356722,9.48421576448438,-0.2732247336055764,0.0,-3.878328797730734,4.2386214103792605,0.0,0.0,0.0,0.0,6.840726245508248,-0.23056164604597906,-33.45767559824343,0.0,-0.12608695652173915,-1.4266341281506454,0.0,0.041701064572960515,0.0,-0.3098492278313671,-0.667491354530715,-0.2169625893027334,0.0,0.6462628048507874,Biotechnology,Healthcare,CWBR
2020Q3,2020,Q3,2020-11-16,2020-09-30,-3856282.0,0.0,-2617556.0,-2.3,0.0,0.0,24495837.0,19038228.0,23977687.0,2336595.0,5457609.0,0.0,-64550336.0,47671790.712,36772297.712,11.376980624465533,10.261807031171427,0.14661462680372997,0.188644027164713,-0.13780170756265916,11.376980624465533,-0.20255467052921103,0.0,-3.0905280469633705,2.5040035612558063,0.0,0.0,0.0,0.0,9.996140965807083,-0.15742601487754837,-17.885081585473372,0.0,0.36986301369863017,-1.2995961109926168,0.0,0.12699127761748616,0.0,0.26816658771945806,0.10837499838199498,-0.04374352727144975,0.0,0.5008728851774968,Biotechnology,Healthcare,CWBR
2020Q2,2020,Q2,2020-08-13,2020-06-30,-5269344.0,0.0,-2935714.0,-3.65,0.0,0.0,13643263.0,7736221.0,13109160.0,5907042.0,5907042.0,0.0,-61313417.0,67172272.5,58614596.5,5.3553983379079515,2.2192427275783717,0.25943566432751464,0.45752945785804205,-0.33440474196083975,5.3553983379079515,-0.6811263535516888,0.0,-3.186937145306892,8.682827507125248,0.0,0.0,0.0,0.0,2.090098902293229,-0.38622314911029715,-28.430084546695795,0.0,-0.016713091922005586,-3.5231523194646597,0.0,-0.513550166642917,0.0,-0.02245231664730492,0.10537246308311492,-1.290561141400383,0.0,-0.09522683518055093,Biotechnology,Healthcare,CWBR
2020Q1,2020,Q1,2020-05-14,2020-03-31,-5153633.0,0.0,-3281493.0,-3.59,0.0,0.0,11040122.0,5646534.0,10466663.0,2025563.0,5393588.0,0.0,-57210888.0,49156070.400000006,42434774.400000006,3.9285374365482233,5.167285836086066,0.31226738255247544,0.6105462218061558,-0.440928581344319,3.9285374365482233,-0.9127073351546277,0.0,-2.384534870837718,8.70552987018231,0.0,0.0,0.0,0.0,5.02021709519773,-0.46680942475092213,-20.194330674501842,0.0,-0.3296296296296295,-3.76362940373115,0.0,-0.6773693517569669,0.0,-0.33387781026579294,0.08076047029083776,-0.9169572064956253,0.0,-0.4664042475777603,Biotechnology,Healthcare,CWBR
2019Q4,2019,Q4,2020-03-12,2019-12-31,-3863647.0,0.0,-3569791.0,-2.7,0.0,0.0,13532237.0,8136826.0,12925164.0,2039223.0,5395411.0,0.0,-52993325.0,68743776.0,59536111.0,5.681498322117191,6.338278844442222,0.24801427879219082,0.41246894059182293,-0.32288403156028717,5.681498322117191,-0.4748346591164663,0.0,-4.44811443695555,8.448475609531284,0.0,0.0,0.0,0.0,6.161098124138459,-0.28551428710567217,-31.79657231981506,0.0,-0.1111111111111111,-4.836011104146326,0.0,4.7128749910420895,0.0,-0.11299806100558653,-0.10606584048729235,-0.9192378412162282,0.0,-0.22077475434070512,Biotechnology,Healthcare,CWBR
2019Q3,2019,Q3,2019-11-07,2019-09-30,-3471387.0,0.0,-3227467.0,-2.43,0.0,0.0,15419341.0,10977970.0,14904132.0,1195146.0,4441371.0,0.0,-49276606.0,55719846.0,57938568.0,7.683812155546876,12.470553388456306,0.2105294253496307,0.2957035772551756,-0.23516172045585237,7.683812155546876,-0.3162139266184914,0.0,-4.01279416555976,5.075605599213698,0.0,0.0,0.0,0.0,12.065284910797509,-0.22513199494063982,-23.169028760944194,0.0,-0.09954751131221728,-190.59439715736286,0.0,164.28055649752622,0.0,-0.09911305037783934,-0.09119693440681387,-0.6377768832819743,0.0,0.15457588542556452,Biotechnology,Healthcare,CWBR
2019Q2,2019,Q2,2019-08-09,2019-06-30,-3158353.0,0.0,-2957731.0,-2.21,0.0,0.0,17911595.0,13742887.0,17372059.0,1032446.0,4168708.0,0.0,-45927179.0,74899072.5,74221655.5,9.63298400657765,16.826118751004895,0.1750967459905162,0.22820983684141477,-0.180977818389317,9.63298400657765,-0.22981728657159153,0.0,-5.928649560387961,5.450024620008882,0.0,0.0,0.0,0.0,16.299576927025722,-0.17633008115692655,-26.400186847961944,0.0,-0.04245283018867917,-106.54173128355018,0.0,172.63772798086154,0.0,-0.04819916080425525,-0.0458571203782118,-0.5874576152448889,0.0,0.22588772315352026,Biotechnology,Healthcare,CWBR
2019Q1,2019,Q1,2019-05-08,2019-03-31,-3013123.0,0.0,-2828045.0,-2.12,0.0,0.0,20310883.0,16014794.0,19743064.0,1269789.0,4296089.0,0.0,-42869137.0,137286277.79999998,136222803.79999998,11.268636058832676,15.54830290701841,0.14899893815547063,0.18896902451570716,-0.1532292153175378,11.268636058832676,-0.1881462227987447,0.0,-11.390696446842693,8.572466046082141,0.0,0.0,0.0,0.0,15.381500391009846,-0.14835017266359124,-48.14243090625174,0.0,0.29801324503311255,-266.00888468424154,0.0,0.0,0.0,0.2968181444784858,0.30943557756687845,-0.879705939164465,0.0,0.3913144485601967,Biotechnology,Healthcare,CWBR
2018Q4,2018,Q4,2019-03-18,2018-12-31,-4284984.0,0.0,-4095266.0,-3.02,0.0,0.0,23041164.0,17962618.0,22443398.0,2162209.0,5078546.0,0.0,-39948553.0,132353420.7,129547415.7,12.662402305405621,10.379846721570393,0.12657073227724086,0.16235589934607528,-0.20058367457414242,12.662402305405621,-0.2385500821762173,0.0,-7.721932024717011,7.368270076221628,0.0,0.0,0.0,0.0,10.259307957741365,-0.18597081293288828,-64.93789021830538,0.0,0.09580838323353288,0.0,0.0,0.0,0.0,0.09386647877102036,0.08937792208427521,-1.828645628411474,0.0,0.39077792926079186,Biotechnology,Healthcare,CWBR
2018Q3,2018,Q3,2018-11-14,2018-09-30,-4728866.0,0.0,-4497218.0,-3.34,0.0,0.0,24729725.0,21185908.0,24462167.0,737443.0,3543817.0,0.0,-35758428.0,180110366.4,174227226.4,14.962200963020194,33.171603771410126,0.11348181186810609,0.13246418326748138,-0.19215070485997568,14.962200963020194,-0.2232080871870113,0.0,-9.521858221400226,8.501423040258647,0.0,0.0,0.0,0.0,32.84824996643808,-0.19122194039763887,-45.551767172799195,0.0,-0.2846153846153845,0.0,0.0,0.0,0.0,-0.3571337349843634,-0.42869741325221783,-2.3326345679795626,0.0,0.4821392894897248,Biotechnology,Healthcare,CWBR
2018Q2,2018,Q2,2018-08-14,2018-06-30,-3484451.0,0.0,-3147775.0,-2.6,0.0,0.0,28540698.0,24041984.0,28330263.0,1801648.0,4498714.0,0.0,-31145386.0,263713807.5,251952934.5,17.914306045579355,15.72463822011847,0.09449895023590524,0.11218150715015865,-0.12369802026140374,17.914306045579355,-0.144931924087463,0.0,-18.920757351732025,10.968887072714132,0.0,0.0,0.0,0.0,15.554101023063328,-0.12208709822023274,-153.44589758822679,0.0,0.040590405904059,0.0,0.0,0.0,0.0,0.026444644308525694,0.12417562146101176,-2.2194804845355827,0.0,0.6272199826659551,Biotechnology,Healthcare,CWBR
2018Q1,2018,Q1,2018-05-15,2018-03-31,-3579099.0,0.0,-3594071.0,-2.71,0.0,0.0,9102556.0,6457283.0,8875048.0,1244011.0,2645273.0,0.0,-27829273.0,206307660.0,200748334.0,4.88268902860902,7.134219874261562,0.1539415961846321,0.21700489199559628,-0.4563910208638195,4.88268902860902,-0.5542732136720661,0.0,-14.410586295601211,31.949607907846072,0.0,0.0,0.0,0.0,6.797894873919925,-0.39319714155013163,-72.56724443947314,0.0,-0.2723004694835681,-339.83313761081865,0.0,0.0,0.0,-0.2709800906600284,-0.2607338280054876,-2.5954933260724635,0.0,-0.5990097709611233,Biotechnology,Healthcare,CWBR
2017Q4,2017,Q4,2018-04-02,2017-12-31,-2816015.0,0.0,-2850777.0,-2.13,0.0,0.0,8863219.0,7618913.0,8616733.0,1244306.0,1244306.0,0.0,-24242688.0,197182513.5,194359063.5,5.761058159449823,6.924930844985076,0.0,0.0,-0.37187580159071365,5.761058159449823,-0.3696084992701715,0.0,-17.50545660268145,25.88066217582482,0.0,0.0,0.0,0.0,6.792910264838392,-0.3177192169120497,-93.8781511124738,0.0,0.036199095022624465,0.0,0.0,0.0,0.0,0.014088377963452144,0.005297354218954283,-3.606329750625109,0.0,4.792874205900539,Biotechnology,Healthcare,CWBR
2017Q3,2017,Q3,2017-11-14,2017-09-30,-2856255.0,0.0,-2865959.0,-2.21,0.0,0.0,10703965.0,9806287.0,10455538.0,897678.0,897678.0,0.0,-21409292.0,139715712.0,137400784.0,7.580242628688747,11.647314515895454,0.0,0.0,-0.29176168021085713,7.580242628688747,-0.2912677346685856,0.0,-12.228924938424615,14.24756505698844,0.0,0.0,0.0,0.0,11.521104449479658,-0.26684083888540366,-59.59207774676002,0.0,-0.3899371069182389,0.0,0.0,0.0,0.0,-0.5005776392914502,-0.5007841788063829,-173.1007160405245,0.0,162.0527522919094,Biotechnology,Healthcare,CWBR
2017Q2,2017,Q2,2017-08-14,2017-06-30,-1903437.0,0.0,-1909641.0,-1.59,0.0,0.0,8177606.0,7074781.0,7905203.0,1000195.0,1102825.0,0.0,-18548185.0,59165172.0,54736587.0,5.9190508142188785,7.90366178595174,0.025100255502649552,0.02901291220180526,-0.2618850570960623,5.9190508142188785,-0.26904535984930134,0.0,-7.770834022875461,8.36282734405489,0.0,0.0,0.0,0.0,7.730183614195232,-0.23276213111759114,-41.605344933430935,0.0,0.14973262032085563,0.0,0.0,0.0,0.0,0.14695760550446793,0.14475905214322918,-76.35903908193606,0.0,105.69285181854828,Biotechnology,Healthcare,CWBR
2017Q1,2017,Q1,2017-05-15,2017-03-31,-2231351.0,0.0,-2232869.0,-1.87,0.0,0.0,9613715.0,8782869.0,9362382.0,830846.0,830846.0,0.0,-16641646.0,63345007.800000004,60683213.800000004,7.36238513652847,11.268492596702638,0.021350747343768774,0.023370495449721498,-0.24833975368087316,7.36238513652847,-0.25405718791889076,0.0,-7.0971586048093735,7.2123366294089095,0.0,0.0,0.0,0.0,11.061468671691264,-0.23210080598395105,-34.838811900138104,0.0,-0.3262411347517732,-234.56397543444658,0.0,0.0,0.0,-0.33067855720123185,-0.33111388517291784,-234.56397543444658,0.0,0.0,Biotechnology,Healthcare,CWBR
2016Q4,2016,Q4,2017-03-31,2016-12-31,-1676852.0,0.0,-1677444.0,-1.41,0.0,0.0,9586890.0,8697974.0,9319568.0,888916.0,888916.0,0.0,-14409536.0,73365748.5,70313491.5,7.29121438732408,10.484194232075922,0.021404334460914852,0.023591815749276785,-0.18837638794687667,7.29121438732408,-0.1927865040755468,0.0,-10.938017860252426,8.434808899175831,0.0,0.0,0.0,0.0,10.359523284539822,-0.17491094609409308,-45.24524225214352,0.0,0.04729729729729734,0.0,0.0,0.0,0.0,-0.014722950738326026,-0.013600525941788686,0.0,0.0,0.0,Biotechnology,Healthcare,CWBR
2016Q3,2016,Q3,2016-11-14,2016-09-30,-1652522.0,0.0,-1654936.0,-1.48,0.0,0.0,8423904.0,7413077.0,8171498.0,1010827.0,1010827.0,0.0,-12732388.0,70175385.0,64368300.0,6.655094959578776,8.083972826210617,0.02435355388665398,0.027674338199913478,-0.21707513899256037,6.655094959578776,-0.22291984826273895,0.0,-10.61640707355182,9.466431415726559,0.0,0.0,0.0,0.0,8.00259787283086,-0.19617056414697984,-57.190881618988165,0.0,-0.06474820143884898,0.0,0.0,0.0,0.0,-0.08115453336290522,-0.08366548473806039,0.0,0.0,0.0,Biotechnology,Healthcare,CWBR
2016Q2,2016,Q2,2016-08-15,2016-06-30,-1528479.0,0.0,-1527165.0,-1.39,0.0,0.0,9427341.0,8612480.0,9190272.0,712231.0,814861.0,0.0,-11078659.0,72337254.0,66912323.0,7.857965965918474,12.90349900523847,0.021756187667339073,0.023814627145723414,-0.1732698991860113,7.857965965918474,-0.17747257468232147,0.0,-11.831574722321994,8.399120114067028,0.0,0.0,0.0,0.0,12.710442258199938,-0.1621325673909536,-58.19663550499606,0.0,-0.23008849557522126,0.0,0.0,0.0,0.0,-0.25741957669171944,-0.25482731760545324,0.0,0.0,0.0,Biotechnology,Healthcare,CWBR
2016Q1,2016,Q1,2016-05-13,2016-03-31,-1215568.0,0.0,-1217032.0,-1.13,0.0,0.0,9440309.0,8728676.0,9221941.0,609003.0,711633.0,0.0,-9550837.0,48173681.7,44034825.7,8.099273367349873,15.1426856682151,0.02172111103566631,0.023491993516542485,-0.13614689043254588,8.099273367349873,-0.13926144125409168,0.0,-9.907648461459992,5.519013616727211,0.0,0.0,0.0,0.0,14.939545453799077,-0.12876358178529962,-40.13279524341509,0.0,-0.05607476635514003,-141.0482210121269,0.0,0.0,0.0,-0.0562322034178127,-0.058779416894960884,-141.0482210121269,0.0,0.0,Biotechnology,Healthcare,CWBR
2015Q4,2015,Q4,2016-03-30,2015-12-31,-1150853.0,0.0,-1149467.0,-1.07,0.0,0.0,10599777.0,9812079.0,10379710.0,582693.0,787698.0,0.0,-8334537.0,35887809.599999994,31289127.599999994,9.104546483661684,17.813342532002274,0.019340501219978497,0.020893125707609976,-0.11481980009853844,9.104546483661684,-0.11728941440442948,0.0,-7.795915203766249,3.657513315985327,0.0,0.0,0.0,0.0,17.66193690330929,-0.10857332187271487,-37.65594447271639,0.0,-0.07000000000000006,0.0,0.0,0.0,0.0,-0.06595797495836583,-0.06543605809782457,0.0,0.0,0.0,Biotechnology,Healthcare,CWBR
2015Q3,2015,Q3,2015-11-16,2015-09-30,-1079642.0,0.0,-1078870.0,-1.0,0.0,0.0,11571696.0,10875983.0,11345225.0,490757.0,695713.0,0.0,-7184377.0,38138650.199999996,32844099.199999996,10.095003262595801,23.11780575722812,0.017711837573334107,0.018844825336707494,-0.09739750953828342,10.095003262595801,-0.09926845233207886,0.0,-8.831318668595701,3.5066853451315616,0.0,0.0,0.0,0.0,22.91262478171478,-0.09330023878954304,-42.7699516437969,0.0,-0.23456790123456783,0.0,0.0,0.0,0.0,-0.24262321874773404,-0.24549334521639446,0.0,0.0,0.0,Biotechnology,Healthcare,CWBR
2015Q2,2015,Q2,2015-08-11,2015-06-30,-868841.0,0.0,-866219.0,-0.81,0.0,0.0,12472326.0,11860849.0,12245179.0,406570.0,611477.0,0.0,-6105122.0,32579457.119999997,25391050.119999997,11.009148262934591,30.11825515901321,0.016428932341890357,0.017275913385289703,-0.07190001346239147,11.009148262934591,-0.07325285061802911,0.0,-9.374401392199493,2.7468064992649346,0.0,0.0,0.0,0.0,29.857166047667068,-0.06966150499914771,-30.90042094700271,0.0,-0.08000000000000007,0.0,0.0,0.0,0.0,-0.10993709631264818,-0.1108989337553511,0.0,0.0,0.0,Biotechnology,Healthcare,CWBR
2015Q1,2015,Q1,2015-05-15,2015-03-31,-782784.0,0.0,-779746.0,-0.75,0.0,0.0,13315956.0,12663179.0,13283289.0,447919.0,652777.0,0.0,-5237592.0,41650478.099999994,31902585.099999994,12.176578567293806,29.65556049196395,0.01538440048915752,0.016177454334334214,-0.060713382051561134,12.176578567293806,-0.06181575732286498,0.0,-13.302034181843267,3.2891012675411124,0.0,0.0,0.0,0.0,29.470194387824584,-0.05878541503141044,-43.48847500772655,0.0,-0.6304347826086956,-93.79454047078644,0.0,0.0,0.0,-0.574482721167249,-0.5816316802602834,-93.79454047078644,0.0,0.0,Biotechnology,Healthcare,CWBR
2014Q4,2014,Q4,2015-03-31,2014-12-31,-497169.0,0.0,-493001.0,-0.46,0.0,0.0,1973181.0,1069604.0,1218064.0,698768.0,903577.0,0.0,-4456327.0,45010135.35,44020452.35,0.9945077270246422,1.743159389096238,0.10379635725257845,0.19148114629339458,-0.38847393086531373,0.9945077270246422,-0.4648159505761011,0.0,-22.63321694936732,42.081121003661174,0.0,0.0,0.0,0.0,1.7094257321457194,-0.25196320053760907,-368.9990518859804,0.0,-35.22047244094489,0.0,0.0,0.0,0.0,-0.21504630025636828,-0.2140938027163139,0.0,0.0,0.0,Biotechnology,Healthcare,CWBR
2014Q3,2014,Q3,2014-09-30,2014-09-30,-409177.0,0.0,-406065.0,-0.0127,0.0,0.0,2100000.0,1500000.0,1850000.0,400000.0,600000.0,0.0,-3960000.0,1350304604.55,1348684604.55,0.04648951043229263,4.625,0.09523809523809523,0.13333333333333333,-0.23977356489743862,0.04648951043229263,-0.2727846666666667,0.0,-825.0125279219018,900.2030697,0.0,0.0,0.0,0.0,4.55,-0.19484619047619048,-6348.96678382178,0.0,0.383495145631068,0.0,0.0,0.0,0.0,0.38396069893978674,0.38561386414253895,0.0,0.0,0.0,Biotechnology,Healthcare,CWBR
2014Q2,2014,Q2,2014-06-30,2014-06-30,-664206.0,0.0,-660928.0,-0.0206,0.0,0.0,2260000.0,1790000.0,2230000.0,260000.0,470000.0,0.0,-3550000.0,1350304604.55,1348354604.55,0.05547748244920254,8.576923076923077,0.08849557522123894,0.11173184357541899,-0.33294620381200013,0.05547748244920254,-0.37106480446927376,0.0,-508.24014106692806,754.3601142737431,0.0,0.0,0.0,0.0,8.26923076923077,-0.29389646017699117,-4048.561599360771,0.0,-1.6075949367088604,0.0,0.0,0.0,0.0,-1.5925393932060625,-1.6162828901793596,0.0,0.0,0.0,Biotechnology,Healthcare,CWBR
2014Q1,2014,Q1,2014-03-31,2014-03-31,-256199.0,0.0,-252621.0,-0.0079,0.0,0.0,,,,,,,,1350304604.55,,,0.0,0.0,0.0,0.0,,0.0,0.0,-1317.6325869246173,0.0,0.0,0.0,0.0,0.0,0.0,0.0,-7796.891211998729,0.0,0.0,0.0,0.0,0.0,0.0,0.0,0.0,0.0,0.0,0.0,Biotechnology,Healthcare,CWBR
2013Q4,2013,Q4,2013-12-31,2013-12-31,,,,,,,320000.0,-30000.0,290000.0,140000.0,350000.0,0.0,-2640000.0,0.0,50000.0,0.0,2.0714285714285716,0.625,-6.666666666666667,,0.0,,0.0,0.0,0.0,0.0,0.0,,,1.0714285714285714,,0.0,0.0,0.0,0.0,0.0,0.0,0.0,0.0,0.0,0.0,0.0,0.0,Biotechnology,Healthcare,CWBR
2013Q3,,,,,,,,,,,,,,,,,,0.0,,0.0,0.0,0.0,0.0,0.0,0.0,0.0,0.0,0.0,0.0,0.0,0.0,,0.0,0.0,0.0,0.0,0.0,0.0,0.0,0.0,0.0,0.0,0.0,0.0,0.0,0.0,0.0,Biotechnology,Healthcare,CWBR
2013Q2,,,,,,,,,,,,,,,,,,0.0,,0.0,0.0,0.0,0.0,0.0,0.0,0.0,0.0,0.0,0.0,0.0,0.0,,0.0,0.0,0.0,0.0,0.0,0.0,0.0,0.0,0.0,0.0,0.0,0.0,0.0,0.0,0.0,Biotechnology,Healthcare,CWBR
