Quarters,Year,Quarter,FillingDate,Date,NetIncome,Revenue,OperatingIncome,EPSDiluted,GrossProfit,GrossProfitRatio,TotalAssets,CommonStockEquity,CurrentAssets,CurrentLiability,TotalLiability,Inventory,RetainedEarnings,MarketCap,EnterpriseValue,bookValuePerShare,currentRatio,debtToAssets,debtToEquity,roic,shareholdersEquityPerShare,roe,priceToSalesRatio,peRatio,pbRatio,payoutRatio,inventoryTurnover,dividendYield,assetTurnover,quickRatio,returnOnAssets,priceToFreeCashFlowsRatio,grossProfitMargin,epsdilutedGrowth,fiveYNetIncomeGrowthPerShare,fiveYRevenueGrowthPerShare,fiveYShareholdersEquityGrowthPerShare,grossProfitGrowth,netIncomeGrowth,operatingIncomeGrowth,threeYNetIncomeGrowthPerShare,threeYRevenueGrowthPerShare,threeYShareholdersEquityGrowthPerShare,Industry,Sector,Symbol
2023Q3,2023,Q3,2023-05-05,2023-03-31,590889000.0,5061665000.0,908374000.0,4.54,1720901000.0,0.3399871386,30515727000.0,9781297000.0,7233414000.0,5788169000.0,20722562000.0,3067614000.0,16522900000.0,43120573338.29,55990965338.29,76.2418372519806,1.2496894959355886,0.43928899350816714,1.3704954465650108,0.03060882078852593,76.2418372519806,0.060410086719583304,8.519049233461716,18.243939783229166,4.40847193764692,0.28917783204628955,1.0890431455848095,0.00396265603101965,0.16587070004919102,0.6547379663586188,0.01936342529214526,68.24376459108886,0.3399871386194069,0.4934210526315789,0.6741420587188165,0.39979337898960954,0.727772921583649,0.19673309925806623,0.4950245042847709,0.36870511727143146,0.6089009849598394,0.367083595970289,0.5535354969341058,Specialty Industrial Machinery,Industrials,PH
2023Q2,2023,Q2,2023-02-07,2022-12-31,395237000.0,4674811000.0,663674000.0,3.04,1437999000.0,0.3076058048,30520887000.0,9322380000.0,7285000000.0,5703403000.0,21186411000.0,3095722000.0,16102883000.0,37339176702.0,50603314702.0,72.65325107863703,1.277307600392257,0.459363877596349,1.5039285032362981,0.021758809827559792,72.65325107863703,0.04239657683981987,7.987312578412261,23.618219386089862,4.0053266120883295,0.4331173447830036,1.0455757978268074,0.004584568143165054,0.15316759961792722,0.6535019531321914,0.012949721939601559,72.27492311087109,0.30760580481221594,0.020134228187919483,6.301053675703522,0.4387811788642448,0.754100749179344,0.0004731030481055354,0.01903551336327587,0.0684790360933704,0.9342045576015205,0.3373047315812117,0.4736487713176864,Specialty Industrial Machinery,Industrials,PH
2023Q1,2023,Q1,2022-11-04,2022-09-30,387854000.0,4232775000.0,621139000.0,2.98,1437319000.0,0.3395689589,29954907000.0,8762521000.0,7167827000.0,5498708000.0,21181503000.0,3130182000.0,15878565000.0,31118662234.62,44580332234.619995,68.23064717569558,1.303547487882608,0.46616659500895796,1.5936026858024077,0.02106995746681795,68.23064717569558,0.04426283257980209,7.351834726537555,20.05823211480351,3.5513366797774295,0.4413413294693364,0.8930650038879528,0.005500750601340569,0.14130489538825808,0.6447249062870769,0.012947928698293072,83.24882955626359,0.3395689588981224,2.01010101010101,0.40928360682095416,0.30456189479157536,0.644678574358149,0.19064379900892825,2.0105642275539273,2.278851128073565,0.1448039026078056,0.2697694132881964,0.4377125462606435,Specialty Industrial Machinery,Industrials,PH
2022Q4,2022,Q4,2022-08-24,2022-06-30,128831000.0,4187832000.0,189438000.0,0.99,1207178000.0,0.2882584593,25943943000.0,8848011000.0,12046644000.0,5859318000.0,17084023000.0,2214553000.0,15661808000.0,31619991055.45,42564327055.45,68.85052885474377,2.055980576579049,0.4424976958976513,1.2974819990617101,0.010165823751693987,68.85052885474377,0.01456044754013077,7.550444013859678,61.35943805343823,3.573683515475964,1.3331884406703356,1.3459393385482308,0.005431880094425145,0.16141848600268663,0.5886217474456925,0.00496574479831381,38.46190185211991,0.2882584592696173,-0.6292134831460674,-0.5444646747295718,0.24225116218164613,0.743993773106851,0.04211167856242597,-0.6298895681551792,-0.6190370851524652,-0.6884405069226243,0.13799636939560259,0.4846650246346415,Specialty Industrial Machinery,Industrials,PH
2022Q3,2022,Q3,2022-05-06,2022-03-31,348088000.0,4086387000.0,497261000.0,2.67,1158396000.0,0.2834768219,22545320000.0,8959866000.0,8229694000.0,5406664000.0,13572461000.0,2330242000.0,15704238000.0,36442353298.0,44128156298.0,69.7663939364622,1.5221389751610235,0.36164995662070887,0.9100040112207035,0.023305527371493523,69.7663939364622,0.038849688153818375,8.91798875094307,26.173232988497162,4.067287758321385,0.38077440187538786,1.2565179925518466,0.0036370593006482413,0.1812521179561878,0.5901424612293273,0.01543947923560189,74.41603986432814,0.2834768219456454,-0.10101010101010109,0.5130047811731204,0.3591247020498815,0.9601160085437476,0.09297592595213496,-0.10223893492619845,-0.09843805241544361,-0.15173945029561536,0.11057875646220146,0.49407586117324764,Specialty Industrial Machinery,Industrials,PH
2022Q2,2022,Q2,2022-02-04,2021-12-31,387729000.0,3824580000.0,551555000.0,2.97,1059855000.0,0.277116703,22395475000.0,8755082000.0,7907649000.0,5257491000.0,13627195000.0,2307306000.0,15754034000.0,40876423797.0,48879120797.0,68.13626112870492,1.504072760181615,0.37740561430378233,0.9654024942313504,0.02534674752007106,68.13626112870492,0.044286164310054436,10.687820308896663,26.35631059128928,4.66887960581066,0.34208171171101465,1.1982480867297185,0.0032447799410900116,0.1707746765808718,0.5414830001611035,0.017312827702917664,78.05208598892129,0.27711670301052665,-0.13913043478260867,0.6671539466672649,0.4857832989237277,1.006298055049784,0.01043271504187196,-0.1405896395268166,-0.1397370649788582,0.2618467305515121,0.1175451490382999,0.5274308693287534,Specialty Industrial Machinery,Industrials,PH
2022Q1,2022,Q1,2021-11-05,2021-09-30,451157000.0,3762809000.0,641147000.0,3.45,1048912000.0,0.27875770468285793,20236871000.0,8490781000.0,5631274000.0,3283243000.0,11731026000.0,2264725000.0,15233799000.0,35994565726.020004,42082233726.020004,65.95973962546596,1.7151560210438277,0.32446962774037547,0.7733387541146097,0.03362312365477897,65.95973962546596,0.053134923630700166,9.56587637746694,19.945698352247664,4.239252634830647,0.29462249283508846,1.1983340140635177,0.003692807436871315,0.18593828067590093,0.8966625376190553,0.022293812121449014,95.6905266060358,0.27875770468285793,-0.10156249999999992,1.229653700891612,0.42449633219239585,0.8973367365077003,-0.06997743464247873,-0.10792347025534961,-0.1017670537569331,0.23471654702919462,0.11202493270654469,0.430912389366998,Specialty Industrial Machinery,Industrials,PH
2021Q4,2021,Q4,2021-08-25,2021-06-30,505738000.0,3958869000.0,713787000.0,3.84,1127835000.0,0.28488818397375615,20341200000.0,8398307000.0,5616750000.0,3096503000.0,11927530000.0,2090642000.0,14915497000.0,39676285948.86,45528045948.86,65.00618697260163,1.8139010361042764,0.32372116689280866,0.7840719564074045,0.036639426741834874,65.00618697260163,0.06021904176639411,10.02212650857101,19.613063458183884,4.724319550221254,0.26464493472904943,1.3541457600105613,0.003373324816050369,0.19462317857353548,1.0599511771827768,0.024862741627829234,64.02467948171947,0.28488818397375615,0.06963788300835655,1.175669118167109,0.39256074705584393,0.9093819582404183,0.09333693954648961,0.07228075234232381,0.10712369052087567,0.470477616999914,0.06516547286910239,0.47206314522239506,Specialty Industrial Machinery,Industrials,PH
2021Q3,2021,Q3,2021-05-06,2021-03-31,471647000.0,3746326000.0,644722000.0,3.59,1031553000.0,0.27535057013191055,19841546000.0,7392202000.0,5049053000.0,3036647000.0,12433617000.0,1898159000.0,14429912000.0,40717459137.090004,46986155137.090004,57.26590819455155,1.6627065971118804,0.34061337760676513,0.9142466615495627,0.035980459214932654,57.26590819455155,0.06380331598081329,10.868637469640923,21.582592032330325,5.50816375649502,0.24192881540643743,1.4302136965343788,0.0028023605209702403,0.1888122024362416,0.9740595465986004,0.02377067795019602,84.08181377171356,0.27535057013191055,0.0527859237536656,1.6328347929522578,0.38314346324658966,0.536741840333867,0.15598301134071452,0.05441688687386263,0.20331549045518002,0.3280942543080337,0.029678210122617947,0.2977452941150241,Specialty Industrial Machinery,Industrials,PH
2021Q2,2021,Q2,2021-02-05,2020-12-31,447306000.0,3411905000.0,535788000.0,3.41,892360000.0,0.26154303827333997,19827429000.0,7105982000.0,4799679000.0,3207083000.0,12705125000.0,1870948000.0,14072152000.0,35144644082.21001,41793128082.21001,55.07924769680225,1.496587085522888,0.3637999661983407,1.0150909473173448,0.029043971650159508,55.07924769680225,0.0629478093245944,10.30059280144377,19.64239473772429,4.94578287451474,0.254157109450801,1.346667571733688,0.0032348029968397697,0.1720800513268765,0.853538558247479,0.022559959740619927,62.11232482575855,0.26154303827333997,0.3805668016194331,1.565035887895279,0.3232199421233458,0.5535802986184938,0.05453479742664959,0.3917034059407173,0.12475202629938219,7.218041242028986,0.04439135122943575,0.32980352860773826,Specialty Industrial Machinery,Industrials,PH
2021Q1,2021,Q1,2020-11-06,2020-09-30,321409000.0,3230540000.0,476361000.0,2.47,846212000.0,0.2619413472670204,19785917000.0,6528964000.0,4869484000.0,3328223000.0,13241668000.0,1795779000.0,13738533000.0,26042725123.3,33242504123.3,50.727048321761835,1.4630882606123448,0.40140535311049774,1.2164522579692583,0.02550062654533535,50.727048321761835,0.04922817770169969,8.06141546716648,20.256686280797986,3.9887990075148214,0.35326328758684417,1.3277402174766495,0.004359835595638793,0.16327471706264612,0.8743921305753851,0.016244331763850015,37.45769567699426,0.2619413472670204,0.08810572687224677,0.7526496106623177,0.19705630282246334,0.43083417746270963,0.0534406262293286,0.08688403738722288,0.05742623049073122,0.16528742191757578,-0.006519086331031088,0.22275975633645542,Specialty Industrial Machinery,Industrials,PH
2020Q4,2020,Q4,2020-08-26,2020-06-30,295716000.0,3160603000.0,450491000.0,2.27,803284000.0,0.2541552988464543,19738189000.0,6113983000.0,4885204000.0,3148373000.0,13609660000.0,1814631000.0,13530666000.0,23554471422.18,31330742422.18,47.57099594070599,1.5516598573294842,0.42870118428798104,1.3840053202634028,0.02466213889209836,47.57099594070599,0.04836716098163832,7.452524541101809,19.913085039514264,3.8525575589889605,0.38397313638761515,1.2990624540195774,0.004820613375899354,0.16012629122155025,0.9070040303356686,0.014981921593718655,32.26635500797944,0.2541552988464543,-0.19787985865724383,0.7780178929380497,0.08450533111192143,0.2924197571634714,-0.1415512231509,-0.1947894230952504,-0.13745143879037833,0.04552132745871403,-0.06255348477292343,0.20498015165741726,Specialty Industrial Machinery,Industrials,PH
2020Q3,2020,Q3,2020-05-06,2020-03-31,367253000.0,3702432000.0,522279000.0,2.83,935739000.0,0.2527363095392434,20365280000.0,6295990000.0,5481426000.0,3673609000.0,14057853000.0,2011367000.0,13348291000.0,16643025375.599998,25078521375.6,49.07634064522083,1.4921092582253581,0.44846488729838235,1.4506238097582747,0.02738157209788623,49.07634064522083,0.05833125529106622,4.495160309655923,11.329400560104341,2.6434326254647798,0.30841409055882457,1.3755286827316944,0.006805613609533816,0.18180118319021393,0.8946964687858724,0.018033289991593534,41.50566702645006,0.2527363095392434,0.8025477707006369,0.3924396739902569,0.26667096570595555,0.32218889141684853,0.1478516552197044,0.7960865440104854,0.6115345214879909,0.5980118015732397,0.23273658238259948,0.3788203103495754,Specialty Industrial Machinery,Industrials,PH
2020Q2,2020,Q2,2020-02-05,2019-12-31,204474000.0,3497974000.0,324088000.0,1.57,815209000.0,0.23305176081926282,21043989000.0,6330175000.0,5661151000.0,4091122000.0,14701488000.0,2014260000.0,13094252000.0,26426656750.059998,35223839750.06,49.301605981507365,1.3837648938359697,0.46310316927080697,1.539536900638608,0.01619148631706345,49.301605981507365,0.03230147665743838,7.5548465340394175,32.310534285605996,4.174711876063458,0.5559288711523226,1.3318861517381073,0.004301452169114881,0.1662220028721741,0.8275939949969715,0.009716503843449072,85.63706661630842,0.23305176081926282,-0.39615384615384613,-0.13302751362104923,0.2643525475143555,0.2460245768165554,-0.046282625735577995,-0.3966503195651789,-0.28864266414393613,-0.12014160491264723,0.3599269151099049,0.45170448969437166,Specialty Industrial Machinery,Industrials,PH
2020Q1,2020,Q1,2019-11-06,2019-09-30,338898000.0,3334511000.0,455591000.0,2.6,854770000.0,0.2563404349243412,19568589000.0,6096616000.0,8138079000.0,4157328000.0,13465797000.0,1790044000.0,13003084000.0,23201881595.120003,28678179595.120003,47.457781009950246,1.9575263246008012,0.46521959248058203,1.4932367398569961,0.023460143405111464,47.457781009950246,0.05558788678834291,6.95810617962274,17.115682001015056,3.8056983735108134,0.3344723191048634,1.385296115626208,0.00488546584186694,0.1704011975518521,1.4868923019785785,0.017318468899316142,58.1812841853024,0.2563404349243412,-0.17981072555205044,0.4009282545863683,0.18069133129473555,0.07293076578634416,-0.09249391382636382,-0.18074881305781448,-0.17224870820282123,0.6782861661456607,0.2649361636540963,0.3651265431701592,Specialty Industrial Machinery,Industrials,PH
2019Q4,2019,Q4,2019-08-23,2019-06-30,413668000.0,3681467000.0,550396000.0,3.17,941889000.0,0.25584610700028004,17576690000.0,5961969000.0,7673086000.0,3151773000.0,11608538000.0,1678132000.0,12777538000.0,21852882750.12,25740960750.12,46.37445330247951,2.4345300248463326,0.4043904170808042,1.1921975776794544,0.03394059084498198,46.37445330247951,0.06938446006680007,5.935917054293845,13.206776176861638,3.665380137018492,0.27428275815388187,1.632516393227708,0.005192083868174186,0.2094516658142119,1.8441873827842297,0.023535034184479556,37.19481341239947,0.25584610700028004,0.009554140127388472,0.5922483533811287,0.21001531097875642,0.03736833565740098,0.022931794338241523,0.005884527098004124,-0.016990260917399077,0.7883203973017925,0.3013378841330124,0.36212487738032023,Specialty Industrial Machinery,Industrials,PH
2019Q3,2019,Q3,2019-05-09,2019-03-31,411248000.0,3687518000.0,559909000.0,3.14,920774000.0,0.24970020485323732,15477935000.0,6009978000.0,5537791000.0,3548950000.0,9461887000.0,1755991000.0,12427212000.0,22892960588.190002,27095744588.190002,46.69534911144136,1.5604026543062033,0.34252069155219994,0.8821185368731799,0.03847884150769885,46.69534911144136,0.06842753833707878,6.208230193910919,13.916761046977737,3.809158800280134,0.23962912889545968,1.575602608441615,0.0043046856967393875,0.23824353830145947,1.0153521464095014,0.026569952645491793,45.702559707473576,0.24970020485323732,0.3305084745762713,0.9645480139989432,0.2714613578486763,0.07881834650956045,0.05871869344353149,0.3192145943535737,0.185125527307825,1.3024422645637632,0.3654450546249012,0.2530788210807793,Specialty Industrial Machinery,Industrials,PH
2019Q2,2019,Q2,2019-02-07,2018-12-31,311737000.0,3472045000.0,472447000.0,2.36,869706000.0,0.2504881129132831,15307687000.0,5815209000.0,5334736000.0,3508934000.0,9486521000.0,1804564000.0,12114448000.0,19442080255.219997,23842373255.219997,44.60840912469457,1.5203295359787332,0.3558785857066453,0.9367983162771966,0.030346207626971784,44.60840912469457,0.05360718763504459,5.59960491733834,15.591732979418547,3.3433158215328116,0.3194680131007869,1.4420873961799083,0.00512239424447706,0.22681708869537245,0.9522276566045415,0.020364735704355597,59.03489565307956,0.2504881129132831,-0.15412186379928322,0.4081823002055647,0.27899309345726364,0.05691277272851437,-0.01669359425012239,-0.17027449289480479,-0.03611554853728152,0.7691497045995833,0.3326250201940623,0.2582369670394474,Specialty Industrial Machinery,Industrials,PH
2019Q1,2019,Q1,2018-11-07,2018-09-30,375711000.0,3479294000.0,490149000.0,2.79,884471000.0,0.25420990580272895,15425042000.0,6101380000.0,5298082000.0,3308521000.0,9317936000.0,1762640000.0,11902300000.0,24469698974.98,28627658974.98,46.09628102713192,1.6013445282650465,0.3312848029846531,0.8375288869075521,0.03574709956354946,46.09628102713192,0.06157803644421426,7.032949493483448,16.282261482216384,4.010518763784586,0.26847497145412297,1.472123065401897,0.004122200281382188,0.22556139555406074,1.0186512341919547,0.024357210826395158,208.6398507441892,0.25420990580272895,0.06488549618320608,0.7338727301791552,0.21596925699088348,0.13018595251445386,-0.09894233041834082,0.06356579930701814,-0.1234331660016918,0.992202466620999,0.2536406875544707,0.3002162855837035,Specialty Industrial Machinery,Industrials,PH
2018Q4,2018,Q4,2018-08-24,2018-06-30,353256000.0,3817477000.0,559169000.0,2.62,981592000.0,0.2571310842213326,15320087000.0,5859866000.0,5085238000.0,3197483000.0,9454594000.0,1621304000.0,11625975000.0,20680747810.649998,24815635810.649998,44.15991744890854,1.590387814415276,0.32356376305173723,0.8459280468188181,0.03668200042918638,44.15991744890854,0.060283972363873166,5.417386355084784,14.635807891904172,3.5292185539140317,0.28578707792648955,1.7491383478977416,0.0048816416564980555,0.24918115673886188,1.0411464267362798,0.023058354694722033,32.20788567961165,0.2571310842213326,-0.029629629629629655,0.4657262945411556,0.2528568784232904,0.14892125254978986,0.06165914796183793,-0.03479066310736115,0.10948871798534886,1.0571852509552115,0.2687052098710839,0.19974679228526374,Specialty Industrial Machinery,Industrials,PH
2018Q3,2018,Q3,2018-05-02,2018-03-31,365989000.0,3749591000.0,503988000.0,2.7,924583000.0,0.24658236058279423,16237484000.0,5870353000.0,5563096000.0,3508517000.0,10361201000.0,1732759000.0,11373676000.0,22752536673.93,27537104673.93,44.12723240395419,1.5855975615908373,0.3617615266010424,1.0006377810669989,0.03344143130362112,44.12723240395419,0.062345313816733,6.068004930119045,15.541817290909018,3.875837905136199,0.24084057171117165,1.630352518728802,0.003874073526974999,0.23092192115477989,1.0446732907379386,0.022539760470279755,57.60690059785498,0.24658236058279423,5.585365853658537,0.6008305954710376,0.27236176292617276,0.21789225698653242,0.1534175895050293,5.517014191848145,0.2951295288854169,0.33817650139829336,0.23707193125772746,0.18885262687489213,Specialty Industrial Machinery,Industrials,PH
2018Q2,2018,Q2,2018-02-08,2017-12-31,56159000.0,3370673000.0,389141000.0,0.41,801603000.0,0.2378168988804313,15965181000.0,5513401000.0,5286359000.0,3537703000.0,10445971000.0,1780262000.0,11095717000.0,26566606321.440002,31588419321.440002,41.4190867386767,1.4942913523266368,0.3787356372596089,1.0967065519087038,0.005263308162270625,41.4190867386767,0.010185908842835847,7.881691971140482,118.26513257643477,4.818551438837843,1.5684574155522713,1.4430853436179618,0.0033155533278977573,0.2111265133793347,0.9337270539669384,0.003517592440699545,170.37739419116517,0.2378168988804313,-0.8047619047619048,-0.6526215321090979,0.23079841153824218,0.15881047576509347,-0.03627191553464707,-0.80322498134178,-0.09523344516753042,-0.7703205305763344,0.17517845591531958,0.046805656696985255,Specialty Industrial Machinery,Industrials,PH
2018Q1,2018,Q1,2017-11-08,2017-09-30,285397000.0,3364651000.0,430101000.0,2.1,831773000.0,0.24720929451524096,15731279000.0,5524940000.0,5004618000.0,3467124000.0,10200620000.0,1707001000.0,11127641000.0,23308632239.280003,28366067239.280003,41.48570318812794,1.4434493834082658,0.37709591190900627,1.0737131986953705,0.028637255684458216,41.48570318812794,0.05165612658237013,6.927503696306096,20.417727095309342,4.218802781438351,0.30870681892241336,1.4838175255902017,0.0037798871720806522,0.21388286356118916,0.9123605039796673,0.01814200866947945,146.01844437868044,0.24720929451524096,-0.023255813953488292,0.33443253890707175,0.17316030270348914,0.20464482510083135,-0.011624894837657862,-0.026961695163737406,-0.020726131820293075,0.138016596064594,0.1492024602267706,-0.06208663060983352,Specialty Industrial Machinery,Industrials,PH
2017Q4,2017,Q4,2017-08-25,2017-06-30,293305000.0,3496238000.0,439204000.0,2.15,841556000.0,0.24070329308245034,15489904000.0,5261649000.0,4779718000.0,3395860000.0,10222558000.0,1549494000.0,10930348000.0,21300541741.68,26286015741.68,39.478655208779486,1.4075132661534928,0.37897975352203606,1.1156882566663036,0.02889144639412716,39.478655208779486,0.05574393122764365,6.092417547569702,18.155624470840934,4.048263527589925,0.30077564310189053,1.7132573601446666,0.0041416317514299085,0.22571075973098348,0.9158039495149977,0.018935236783907763,46.84876753854478,0.24070329308245034,0.2285714285714285,0.09661990060276275,0.15698504563126112,0.21318783901809174,0.14443073968958958,0.22889895379871206,0.27931071645990685,0.0890046552113454,0.1084658825262321,-0.11688647668145617,Specialty Industrial Machinery,Industrials,PH
2017Q3,2017,Q3,2017-05-09,2017-03-31,238673000.0,3119139000.0,343313000.0,1.75,735349000.0,0.23575384104395475,15325333000.0,4742139000.0,4619154000.0,3048441000.0,10577607000.0,1538644000.0,10725262000.0,21359814840.96,26571566840.96,35.592992267990596,1.5152512382558823,0.3935519704531053,1.2718553800299823,0.024157816270537688,35.592992267990596,0.05033024126876078,6.8479842805851225,22.373514013901865,4.504257433398725,0.3694217611543828,1.5492797554210072,0.004127891587848484,0.20352830179938014,0.9714959220139081,0.015573756211365848,68.62877755845224,0.23575384104395475,-0.016853932584269676,-0.13310922671952627,0.041831511159385194,-0.03629033766577061,0.1740787456891046,-0.01090735790804169,0.18489207639900326,0.10141659762853251,0.038946589345045156,-0.17768313554651718,Specialty Industrial Machinery,Industrials,PH
2017Q2,2017,Q2,2017-02-07,2016-12-31,241305000.0,2670804000.0,289742000.0,1.78,626320000.0,0.23450616368703955,11731613000.0,4527709000.0,5247839000.0,2425474000.0,7200635000.0,1241593000.0,10579635000.0,18664815260.0,20379126260.0,33.961185855316096,2.1636344071303175,0.2757546639153542,0.7144997613583381,0.028093382501202448,33.961185855316096,0.053295165391592084,6.988463121966269,19.337368952155984,4.122353106173564,0.3491059033173784,1.646661989879131,0.004513358360451299,0.22765872007540652,1.596658632498225,0.020568782826368377,74.23936320173101,0.23450616368703955,0.14838709677419354,0.13484871828978895,-0.026600639615434015,-0.006075563707040082,-0.016958995487541692,0.14836600374055936,-0.07771298335858617,0.06583452301273303,-0.03799394684134999,-0.1953532571144723,Specialty Industrial Machinery,Industrials,PH
2017Q1,2017,Q1,2016-11-01,2016-09-30,210129000.0,2743131000.0,314156000.0,1.55,637125000.0,0.2322619663442978,11970914000.0,4647281000.0,5281878000.0,2494238000.0,7320325000.0,1247972000.0,10427245000.0,16780772320.34,18635886320.34,34.76438228191038,2.1176319180447094,0.27140484009825816,0.6991107273263657,0.028621268020691416,34.76438228191038,0.045215471153993055,6.117379126385142,19.96484578561265,3.6108796348531538,0.4033189136197288,1.6875426692265532,0.005050363498304283,0.22914967060994673,1.5593788563882036,0.017553296264596004,206.1367997486672,0.2322619663442978,-0.12429378531073444,-0.19325743168946768,-0.03271542462740475,0.056242720045442104,-0.06947619012845135,-0.13096577280021174,-0.09235734117640261,-0.039832351750950346,-0.05076053857056569,-0.14764888560681153,Specialty Industrial Machinery,Industrials,PH
2016Q4,2016,Q4,2016-08-26,2016-06-30,241796000.0,2957150000.0,346123000.0,1.77,684695000.0,0.23153881270818186,12056738000.0,4575255000.0,5207787000.0,2365941000.0,7478060000.0,1173329000.0,10302866000.0,14520387202.699999,16335574202.699999,34.04566943353113,2.201148295752092,0.2518790737594198,0.6637531678562179,0.0327172216799656,34.04566943353113,0.05284863903760555,4.910264005106267,15.013055636466277,3.1736782327323834,0.35183377723370113,1.9367585732560944,0.0058587969323697685,0.24526949163198206,1.661114119075666,0.020054844021658264,32.28610956683958,0.23153881270818186,0.29197080291970795,-0.061300681352411936,-0.016253124478034293,-0.03602722362726461,0.1056592987804878,0.29244617391118427,0.22151286720591765,-0.009354092139369713,-0.04169359062830454,-0.11422404231791712,Specialty Industrial Machinery,Industrials,PH
2016Q3,2016,Q3,2016-05-05,2016-03-31,187084000.0,2828665000.0,283356000.0,1.37,619264000.0,0.21892447497317638,12069401000.0,5023612000.0,5456839000.0,2500619000.0,7042418000.0,1248213000.0,10148038000.0,14974651478.8,17191301478.8,37.26449471962719,2.1821952884465805,0.2694103046207513,0.6472675437513884,0.023473180469319066,37.26449471962719,0.03724093341603611,5.293893578348797,20.01059882031601,2.9808535131295963,0.45531953560967264,1.770051265288857,0.005688479636444012,0.2343666433818878,1.5746749104921622,0.015500686405232538,50.001173606779616,0.21892447497317638,0.030075187969924838,-0.195102477875105,0.05013884831842479,0.10232173513482799,0.09610843838390275,0.022417505546993694,0.1320655213743508,-0.1924848753682716,-0.05279299111670757,0.02848370738706595,Specialty Industrial Machinery,Industrials,PH
2016Q2,2016,Q2,2016-02-03,2015-12-31,182982000.0,2705590000.0,250300000.0,1.33,564966000.0,0.20881434363669293,11754091000.0,4799406000.0,5151011000.0,2368099000.0,6951370000.0,1279760000.0,10047759000.0,13128508064.880001,15380176064.880001,35.453106444373,2.1751670854976926,0.2806820195623804,0.6874104837140262,0.024622237930471188,35.453106444373,0.03812596808855096,4.852364203327186,17.93688459094337,2.7354443580893135,0.4684613787148463,1.67267612677377,0.006529302459683831,0.23018283591644814,1.5126153931909097,0.015567516024846158,43.05529960081595,0.20881434363669293,-0.056737588652482164,-0.05044334303022271,0.12736692944300507,0.12116524648201397,-0.1548042917581727,-0.061524889987588344,-0.16071488448512894,0.11295541290174137,-0.02855513645391822,-0.008103886853905179,Specialty Industrial Machinery,Industrials,PH
2016Q1,2016,Q1,2015-11-03,2015-09-30,194978000.0,2869348000.0,298230000.0,1.41,668444000.0,0.23296024044486763,12001554000.0,4851518000.0,5327902000.0,2550041000.0,7146803000.0,1320204000.0,9950458000.0,13314970239.199999,15696761239.199999,35.45277930928085,2.089339740027709,0.27963537055284676,0.6917544158343842,0.025708246467354454,35.45277930928085,0.04018907071972112,4.640416651866556,17.0724007826524,2.7444956896377586,0.44100872918995987,1.6670938733710852,0.006457919053160898,0.23908137229562104,1.437917272702674,0.01624606280153387,-394.95061961854475,0.23296024044486763,0.11023622047244086,-0.07034640709446666,0.1952023100873235,0.16805390611254079,-0.0763878142064422,0.08650684855171799,-0.1015328440764976,-0.11277334412648467,-0.02635125293443705,0.029463257177929383,Specialty Industrial Machinery,Industrials,PH
2015Q4,2015,Q4,2015-08-26,2015-06-30,179454000.0,3144508000.0,331932000.0,1.27,723728000.0,0.23015619613624771,12295037000.0,5104287000.0,5583092000.0,2350130000.0,7187468000.0,1300459000.0,9841885000.0,16131997954.19,17898515954.190002,36.80769786830873,2.375652410717705,0.23969850599066925,0.5773778002686761,0.0243564148242492,36.80769786830873,0.035157505837739925,5.130213678639075,22.47372300727484,3.1604801912960614,0.48839256856910407,1.861481215478535,0.0054329290301723615,0.2557542527118869,1.6589729078816917,0.014595645381140374,35.628620294512594,0.23015619613624771,-0.3712871287128713,-0.06061115899113017,0.3123882015050592,0.35900145251712023,-0.08307033491913669,-0.3710981443515744,-0.20397900184417334,-0.3551586298711159,9.798760955424574e-05,0.13110872697998424,Specialty Industrial Machinery,Industrials,PH
2015Q3,2015,Q3,2015-05-08,2015-03-31,285345000.0,3162311000.0,416989000.0,2.02,789295000.0,0.2495943631097637,12337215000.0,5151715000.0,5784997000.0,2767324000.0,7182276000.0,1387681000.0,9753934000.0,16486045037.42,18859098037.42,37.117495816071305,2.0904660964888824,0.2747837336060043,0.6580461069760264,0.035882547489480485,37.117495816071305,0.05538835125778503,5.21329022901922,14.443958223746694,3.2001081265986184,0.3083530463123587,1.7100587238709761,0.005337059300777551,0.2563229221505826,1.4656259982567996,0.023128801759554323,80.4526978733725,0.2495943631097637,0.1222222222222222,1.150319294660101,0.40226199359241394,0.2958440439844847,0.07620031933068724,0.0677001481747564,0.1792508590093466,-0.005126245500211271,0.013920624421462647,0.004986855004244182,Specialty Industrial Machinery,Industrials,PH
2015Q2,2015,Q2,2015-02-06,2014-12-31,267252000.0,3134993000.0,353605000.0,1.8,733409000.0,0.23394278711308128,12568399000.0,5756749000.0,5727772000.0,2339151000.0,6808258000.0,1453996000.0,9556319000.0,18761354200.649998,20653600200.649998,39.56712162730137,2.4486542339506943,0.23611225264252034,0.515491121811981,0.03156550476003523,39.56712162730137,0.04642411889071418,5.9844963611242505,17.550246771446048,3.2590189707159367,0.3485511801595498,1.6517129345610304,0.004965046712713985,0.24943455407486664,1.6942642864868493,0.02126380615383073,84.30137002597156,0.23394278711308128,-0.02702702702702705,1.8246832096725574,0.47114581849296233,0.3974255206927474,-0.09463167861423809,-0.04583186058717051,-0.13591967294435606,0.15171610129384122,0.046980125867708146,0.15799045494739422,Specialty Industrial Machinery,Industrials,PH
2015Q1,2015,Q1,2014-10-31,2014-09-30,280089000.0,3269932000.0,409227000.0,1.85,810067000.0,0.247732062929749,12744625000.0,6579003000.0,5876262000.0,2888199000.0,6162261000.0,1441439000.0,9382218000.0,16978537216.2,18070910216.2,44.23191367354327,2.0345765648419656,0.17140637719823063,0.33204271224682524,0.03298512924874165,44.23191367354327,0.04257316800129138,5.19232119083822,15.154591233679295,2.580715834329305,0.255658022985551,1.706534234192359,0.004217501136180123,0.25657341820571417,1.4439624831945443,0.021977029532057633,82.35412032207213,0.247732062929749,-0.06565656565656561,3.1157640044347374,0.5784873014124523,0.585222288378196,-0.03501532530993102,-0.06958922129432164,-0.021634040681272653,-0.03353730813563562,0.03630238276743731,0.3438937712886978,Specialty Industrial Machinery,Industrials,PH
2014Q4,2014,Q4,2014-08-22,2014-06-30,301038000.0,3525415000.0,418276000.0,1.98,839461000.0,0.23811693091451644,13274362000.0,6659428000.0,6071580000.0,3252796000.0,6611554000.0,1371681000.0,9174189000.0,18729665795.61,19440874795.61,44.70394141449391,1.8665726347425415,0.17513188204450053,0.34909364588069725,0.034382029026929294,44.70394141449391,0.045204783353765515,5.312754894277695,15.554237169070019,2.8125036858435895,0.2382689228602369,1.9581477034383359,0.003829646550170273,0.26558074881489596,1.3630947037563992,0.022678152064860065,35.91822426107434,0.23811693091451644,0.23749999999999993,5.555553947289829,0.7193464064323101,0.6778952394931085,0.11554351884950825,0.24187520110888344,0.21143909729141083,0.054292274761081595,0.05799246166455517,0.26575224506209,Specialty Industrial Machinery,Industrials,PH
2014Q3,2014,Q3,2014-05-06,2014-03-31,242406000.0,3358406000.0,345272000.0,1.6,752513000.0,0.22406850154507824,13102358000.0,6450996000.0,5949000000.0,3367181000.0,6648125000.0,1448989000.0,8945602000.0,17841522016.59,18332990016.59,43.283792181066275,1.7667597910537034,0.19748025508080302,0.40109418762622084,0.028117000986877666,43.283792181066275,0.03757652306713568,5.312497064556816,18.400454213788024,2.7657003688407182,0.29618903822512643,1.7984215201081581,0.004024208244859289,0.25632073249715814,1.2455677315831848,0.01850094463912526,80.42590546520434,0.22406850154507824,-0.03614457831325291,3.887371361690674,0.5427502421574967,0.5548996118103933,0.09690176157193146,-0.0429629512649632,0.2013681328049158,-0.05666338497339375,0.1277628598418951,0.2803786891310791,Specialty Industrial Machinery,Industrials,PH
2014Q2,2014,Q2,2014-02-07,2013-12-31,253288000.0,3106006000.0,287399000.0,1.66,686035000.0,0.22087368794522613,12863936000.0,6295226000.0,5744873000.0,3303103000.0,6565650000.0,1448628000.0,8779454000.0,19187118975.359997,19771907975.359997,42.206329865362484,1.7392351979335794,0.21177896096497992,0.4327582520468685,0.01630167074320172,42.206329865362484,0.04023493358300401,6.1774249551868206,18.938045797037365,3.047884059342746,0.265823884274028,1.6705261806343659,0.003509125058663828,0.2414506726401624,1.2113975858457942,0.019689774575992917,94.8814618358042,0.22087368794522613,0.0310559006211179,0.7575947908707809,0.24573309252585737,0.4816459185994443,-0.0849633537183138,0.03672293259549109,-0.1616254138650253,0.19296193321945496,0.17464072699099567,0.3347284616891685,Specialty Industrial Machinery,Industrials,PH
2014Q1,2014,Q1,2013-11-04,2013-09-30,244316000.0,3226144000.0,342805000.0,1.61,749735000.0,0.23239353234077587,12788364000.0,6086861000.0,5679179000.0,3455009000.0,6698593000.0,1465431000.0,8596456000.0,16225079908.32,17121539908.32,40.78645724146213,1.6437523028159984,0.22223976421065275,0.4669209630382557,0.02894279292680758,40.78645724146213,0.040138258455384476,5.029248511015007,16.602555612731052,2.6655906728147727,0.2758231143273466,1.6898844094331291,0.0041533231503805635,0.2522718308612423,1.132880695824526,0.01910455473428814,71.77968460591046,0.23239353234077587,-0.09550561797752805,0.0758987557517198,0.15974529905100487,0.4135980208753961,-0.07459088631218787,-0.09901019309347849,-0.13673965324032686,0.06816270228675358,0.23223036862995097,0.3437812669572717,Specialty Industrial Machinery,Industrials,PH
2013Q4,2013,Q4,2013-08-29,2013-06-30,271164000.0,3428233000.0,397105000.0,1.78,810166000.0,0.23632174359210706,12540898000.0,5738426000.0,5531186000.0,3520203000.0,6799417000.0,1377405000.0,8421270000.0,14478946903.460001,15527320903.460001,38.43598275417472,1.5712690432909693,0.22564460694919933,0.49312930061309496,0.03361990012322493,38.43598275417472,0.047254072806724355,4.223443069202123,13.34888379676137,2.523156507282659,0.24820403888421766,1.9007241878750258,0.004648404365922256,0.27336423595822246,1.092027079120153,0.02162237504842157,34.44899465730512,0.23632174359210706,0.059523809523809576,0.18235150967580002,0.1280660908431736,0.2016548809203221,0.09800610420517936,0.056922357343311504,0.10873012770757366,0.31845684684283004,0.3289895895517141,0.4191204399343908,Specialty Industrial Machinery,Industrials,PH
2013Q3,2013,Q3,2013-05-07,2013-03-31,256560000.0,3307041000.0,358162000.0,1.68,737852000.0,0.22311546787596526,12671772000.0,5409058000.0,5438509000.0,3648549000.0,7259364000.0,1473072000.0,8229106000.0,13383635850.2,14730038850.2,36.23245993298252,1.4905950283249587,0.23861871883427196,0.5590108296121062,0.03219050183004769,36.23245993298252,0.047431549079340614,4.047012374566871,13.041428759549424,2.474300673093171,0.25092376052385407,1.7441028001346845,0.004810127884571663,0.2609769967452066,1.0125792472569233,0.020246576406204277,44.96872146185921,0.22311546787596526,0.411764705882353,0.13063269521873086,0.16973993408240745,0.18948864753251904,0.1465821734421303,0.4177562140117815,0.36482701592467126,0.7975085925758468,0.36336928937036317,0.2649457182058213,Specialty Industrial Machinery,Industrials,PH
2013Q2,2013,Q2,2013-02-06,2012-12-31,180962000.0,3065495000.0,262423000.0,1.19,643523000.0,0.2099246614331454,11461361000.0,5325717000.0,4095747000.0,2488260000.0,6132372000.0,1515325000.0,8052796000.0,12674048281.380001,14195657281.380001,35.74276174137116,1.646028550071134,0.17617837881557,0.3791496994676961,0.024638924351740973,35.74276174137116,0.033978898991440964,4.134421449514679,17.50926752768537,2.379782530949354,0.3424089035267073,1.5983185125303152,0.004888966699853318,0.2674634364976376,0.9243567794362325,0.0157888753351369,43.58743171264182,0.2099246614331454,-0.2420382165605096,-0.0361113569862745,0.22279329103680393,0.25804443820237233,-0.12741224263988024,-0.2451770869396557,-0.2636138127655276,0.8676222070600057,0.4046645292969823,0.26235736599470816,Specialty Industrial Machinery,Industrials,PH
2013Q1,2013,Q1,2012-11-02,2012-09-30,239741000.0,3214935000.0,356366000.0,1.57,737488000.0,0.2293943734476747,11134578000.0,5141124000.0,4200082000.0,2366465000.0,5982564000.0,1489748000.0,7949519000.0,12454918382.070002,13795168382.070002,34.438120119476295,1.7748337710466877,0.15953734393885427,0.34552385820688236,0.036783214235906726,34.438120119476295,0.04663202054647972,3.874080932295677,12.987889411980012,2.4226061036594335,0.25596372752261815,1.6629973659974706,0.004926969259657338,0.28873433730492526,1.0220818816251245,0.02153121564193991,-148.88254736145646,0.2293943734476747,-0.19897959183673464,0.7649513241186007,0.9496289574453696,0.9114944807394286,-0.1214189047519204,-0.20606361664431308,-0.21284571054962484,2.5099621794055915,0.5462520220294111,0.23422368713594524,Specialty Industrial Machinery,Industrials,PH
2012Q4,2012,Q4,2012-08-24,2012-06-30,301965000.0,3411666000.0,452727000.0,1.96,839408000.0,0.24604049751646262,11170282000.0,4896515000.0,4498114000.0,2486013000.0,6264552000.0,1400732000.0,7787175000.0,11568209941.84,12459427941.84,32.54125531025106,1.8093686557552193,0.1548336022313492,0.3532175434977734,0.048560986645077,32.54125531025106,0.06166937097098651,3.3907803231148654,9.577442701836306,2.362539467731642,0.20548076763863363,1.8363669852619915,0.0053636647598851285,0.30542344409926264,1.138610699139546,0.0270328895904329,25.19187537965697,0.24604049751646262,-0.024875621890547178,1.3315635938372414,0.990430765162336,0.7427503118221682,0.045017230046013185,-0.032392958080455274,0.0633160234775195,5.5100302868511974,0.6472441359295661,0.22138710020985788,Specialty Industrial Machinery,Industrials,PH
2012Q3,2012,Q3,2012-05-09,2012-03-31,312074000.0,3393563000.0,425769000.0,2.01,803248000.0,0.2366975358936905,10889124000.0,5577592000.0,4497301000.0,2489300000.0,5302656000.0,1429014000.0,7551260000.0,12768564290.5,13784229290.5,36.93331473068327,1.8066528743020127,0.1643037585025205,0.32076996668096197,0.045087457453998274,36.93331473068327,0.05595138547244043,3.762583541398819,10.22879532618866,2.289261080857115,0.1909002352006255,1.8126589382609268,0.004665755573187244,0.31164701586647375,1.1388583135821315,0.028659238337262024,33.0924705270251,0.2366975358936905,0.28846153846153827,0.712544303680564,0.4016252065810363,0.41722228247630233,0.10714945348789127,0.2961713863253117,0.19323188162098537,5.209584993239794,0.5384782329314313,0.32676907091174834,Specialty Industrial Machinery,Industrials,PH
2012Q2,2012,Q2,2012-02-08,2011-12-31,240766000.0,3106832000.0,356820000.0,1.56,725510000.0,0.23352083408436633,10327584000.0,5158126000.0,4043023000.0,2120109000.0,5071681000.0,1452664000.0,7311219000.0,11510715402.5,12760540402.5,34.1687804577792,1.9069882727727678,0.16826868704239056,0.33690704724933046,0.03699599525509125,34.1687804577792,0.04667702960338697,3.7049687277908814,11.952181166049193,2.2315692564508893,0.2327031225339126,1.63927928275224,0.004867377746810729,0.3008285384074339,1.0924443035711844,0.023312906484227094,57.26382207281157,0.23352083408436633,-0.18324607329842926,0.4411721471397386,0.42905359204548876,0.3800890387824409,-0.1146259819217782,-0.18938919526762688,-0.1758839465740358,0.6507091873888566,0.23115221193124696,0.19948913516728983,Specialty Industrial Machinery,Industrials,PH
2012Q1,2012,Q1,2011-11-09,2011-09-30,297018000.0,3233881000.0,432973000.0,1.91,819439000.0,0.2533918223954437,10321590000.0,5017264000.0,3999334000.0,2235709000.0,5208102000.0,1456078000.0,7128179000.0,9623475711.380001,10946268711.380001,32.91325149243607,1.7888437180330714,0.16927111036187253,0.34822704167052004,0.04636793505715196,32.91325149243607,0.05919919701255505,2.975828644090491,8.100077866812786,1.9180724218179468,0.21212182426654277,1.6581817732291815,0.006546906948130621,0.31331229006383704,1.0312867193360138,0.028776380383254904,36.24565721950834,0.2533918223954437,-0.0035301014408432745,0.6512186948980057,0.4837585521982215,0.3755597591599636,0.0004651685228640707,0.016523494986139156,0.06744293261870188,0.28051155181706894,0.1381097467024529,0.14072440503572195,Specialty Industrial Machinery,Industrials,PH
2011Q4,2011,Q4,2011-08-26,2011-06-30,292190000.0,3409830000.0,405617000.0,1.916766379758947,819058000.0,0.24020493690301276,10886805000.0,5383854000.0,4305256000.0,2391043000.0,5398469000.0,1412153000.0,6891407000.0,13679878193.24,14788769193.24,35.31808186704106,1.8005765684682375,0.16224750971474183,0.32808411966594936,0.043826857344453914,35.31808186704106,0.05427153113735997,4.011894491291355,11.704608468154284,2.5409080917201687,0.21622232109243986,1.8346255681926817,0.004618315975300118,0.3132075939635182,1.1021642019821476,0.026838911875430853,42.99671610675098,0.24020493690301276,0.14093236890413513,0.7642560523765776,0.5255297462646351,0.486111560442027,0.054101567527219376,0.04506972734978844,0.00912051468960147,0.24778154350925102,0.09889341653695403,0.10417745089824151,Specialty Industrial Machinery,Industrials,PH
2011Q3,2011,Q3,2011-05-10,2011-03-31,279589000.0,3240103000.0,401951000.0,1.68,777020000.0,0.23981336395787417,11376862000.0,5481908000.0,4691329000.0,2340420000.0,5793133000.0,1390862000.0,6664687000.0,15353349133.68,16102358133.68,33.805461265870136,2.004481674229412,0.16322286409029133,0.3387441015062639,0.039582308679118855,33.805461265870136,0.05100213283404245,4.738537365534367,13.728498915980243,2.8007309012993287,0.18598371180554313,1.7709039430223847,0.003386818051700001,0.2847976006037517,1.3070025892788475,0.024575229971146702,44.746817792466686,0.23981336395787417,0.2086330935251799,0.7357221112721911,0.42945110210413406,0.5815006228904948,0.1581134415205027,0.21465374923972544,0.23579507896832352,0.13430961916986844,0.0550851117523571,0.10981182273380324,Specialty Industrial Machinery,Industrials,PH
2011Q2,2011,Q2,2011-02-08,2010-12-31,230180000.0,2866664000.0,325257000.0,1.39,670936000.0,0.23404765957921822,10618844000.0,5113261000.0,4043940000.0,1940868000.0,5404251000.0,1361457000.0,6449601000.0,13954815199.699999,14989836199.699999,31.621660192926562,2.0835729168598793,0.1736306701558098,0.36058339286807384,0.03538951266998684,31.621660192926562,0.045016282172961636,4.867963318930994,15.156415848140584,2.7291419702025768,0.2053132331219046,1.612778075253203,0.0033865729731065142,0.2699600822839096,1.260075904183077,0.021676559143349313,61.159192187034336,0.23404765957921822,-0.07947019867549676,0.9589306086170902,0.4589503365364599,0.5564278724827497,-0.02959651373519487,-0.06874188314972225,-0.09099115464695443,0.1297536327111277,0.053673148229745275,0.11299328295582689,Specialty Industrial Machinery,Industrials,PH
2011Q1,2011,Q1,2010-11-08,2010-09-30,247171000.0,2829273000.0,357815000.0,1.51,691399000.0,0.24437337789601782,10709721000.0,4894945000.0,4147596000.0,2282104000.0,5717144000.0,1295137000.0,6284148000.0,11298753872.16,12512032872.16,30.352006122108726,1.8174439026442266,0.1995490825577996,0.4365963253928287,0.037671952969079825,30.352006122108726,0.050495153673841074,3.9935184311164034,11.42807395705807,2.3082494026306732,0.17659029578712712,1.6506933243355721,0.0038630808754537235,0.2641780304080751,1.1472522724643575,0.023079125964159102,160.97384060635417,0.24437337789601782,0.09613900316434332,0.5854784978913398,0.4831933402123397,0.551911579187729,0.028439043255786278,0.1125659988386905,0.10795102677797319,0.6844036026184637,0.5882280143189601,0.6846939374303588,Specialty Industrial Machinery,Industrials,PH
2010Q4,2010,Q4,2010-08-26,2010-06-30,222163000.0,2786470000.0,322952000.0,1.377562513185754,672280000.0,0.24126583096175447,9910382000.0,4367965000.0,3588796000.0,2204891000.0,5450982000.0,1171655000.0,6086545000.0,8944174846.56,10145554846.56,27.084369777629092,1.6276523419978584,0.17929742768744938,0.40680408382393174,0.040124586896170385,27.084369777629092,0.05086190022127009,3.209858655058192,10.064878992631536,2.0476754842495306,0.1888388255470083,1.8044475549543169,0.004690538894835609,0.2811667602722075,0.9866551226341801,0.02241719844906079,26.378938688923952,0.24126583096175447,0.46549203530399375,0.5250060129568412,0.3966680839591258,0.4489360324893024,0.21707834575250012,0.4439013927974887,0.36668599213721365,0.6004966173304115,0.51679647868834,0.45050623970860715,Specialty Industrial Machinery,Industrials,PH
2010Q3,2010,Q3,2010-05-05,2010-03-31,153863000.0,2614823000.0,236303000.0,0.94,552372000.0,0.21124642088584963,9858248000.0,4609629000.0,3354328000.0,2071975000.0,5162704000.0,1196558000.0,5917136000.0,10418680903.019999,11940708903.019999,28.64348992332577,1.6189037029886943,0.19299463758671925,0.412742326985534,0.027141658246334247,28.64348992332577,0.033378608126597605,3.984468892548367,16.9285027963513,2.260199444037687,0.26272073207983726,1.723653178533761,0.003879857764746671,0.26524216067601464,0.9380957781826518,0.015607540001022494,50.69498339806439,0.21124642088584963,0.4687499999999999,0.22574336483132898,0.35555359310675994,0.4787427533976003,0.1383785321097136,0.4717253649111396,0.34732334779658697,-0.2076686539618193,0.013460188720324206,0.0991212801568032,Specialty Industrial Machinery,Industrials,PH
2010Q2,2010,Q2,2010-02-04,2009-12-31,104546000.0,2354708000.0,175387000.0,0.64,485227000.0,0.20606673948532048,9794189000.0,4552027000.0,3058498000.0,1916038000.0,5156403000.0,1232979000.0,5808915000.0,8662168525.2,10372072525.2,28.314297285544573,1.596261660781258,0.1984649264987637,0.4270192158350555,0.019924732836550323,28.314297285544573,0.022966911224384212,3.678659317928168,20.713773184052954,1.9029255593606982,0.3844432116006351,1.5162310144779432,0.004639946669598189,0.24041888511647058,0.8362819526543837,0.010674288601128689,27.493361746184906,0.20606673948532048,0.4222222222222222,-0.3226125485896431,0.34380972526720427,0.49000028901326936,0.1123446884599514,0.4225300368742601,0.3051861553688503,-0.41238679052102856,0.017024071212859003,0.14362440804383472,Specialty Industrial Machinery,Industrials,PH
2010Q1,2010,Q1,2009-11-03,2009-09-30,73493000.0,2237165000.0,134377000.0,0.45,436220000.0,0.19498785292993587,9937173000.0,4481984000.0,3133491000.0,1835337000.0,5367560000.0,1266319000.0,5747734000.0,8327022445.440001,10296787445.44,27.902656931978864,1.7073109734070637,0.21732679908058358,0.4818433086775856,0.013124798932066632,27.902656931978864,0.016397425782867587,3.7221315573236664,28.32590330181106,1.857887588496523,0.54659627447512,1.422189037675341,0.00482417337808405,0.22513093009450474,0.8948454697965551,0.007395765375122281,36.211687752507025,0.19498785292993587,0.45979442907343093,-0.38723426849963505,0.2719797874465713,0.5922051286755601,0.09909823653464822,0.48422732046207284,0.42396787046456424,-0.6122612319344914,-0.025888569569933177,0.16614950844636578,Specialty Industrial Machinery,Industrials,PH
2009Q4,2009,Q4,2009-08-27,2009-06-30,49516000.0,2210958000.0,94368000.0,0.30826258207165963,396889000.0,0.17950996807718644,9855902000.0,4279625000.0,3123781000.0,2005754000.0,5576277000.0,1254550000.0,5722038000.0,6900634341.360001,9034195341.36,26.64286801838651,1.5574098319135845,0.23551086445461816,0.5423774279288489,0.011006472413582344,26.64286801838651,0.011570172620264626,3.121106027957112,34.84042704055255,1.6124390200917138,0.8101825672509896,1.4459917898848194,0.005813523513273652,0.2243283263165563,0.8001559513280293,0.005023994759688155,18.72323187909703,0.17950996807718644,-0.0658709634192133,-0.5630957766324245,0.22823104978301775,0.5886306317741206,-0.08992538511279367,-0.07311594474186665,-0.201043060094485,-0.7162647822477186,-0.06127179167919001,0.1210765724625846,Specialty Industrial Machinery,Industrials,PH
2009Q3,2009,Q3,2009-05-05,2009-03-31,53422000.0,2344713000.0,118114000.0,0.33,436106000.0,0.18599547151399767,9567510000.0,4468652000.0,3311464000.0,2306529000.0,5098858000.0,1335186000.0,5720650000.0,5454776507.36,7885373507.36,27.837033241438846,1.435691465401042,0.2714546418033532,0.5811920462815184,0.014280296021982644,27.837033241438846,0.01195483559695407,2.326415432234137,25.526826529145293,1.2206760578715907,0.7511324922316649,1.4294690028205808,0.007356305055918899,0.24507034745717537,0.7365092743251873,0.005583688964004218,24.819822579274256,0.18599547151399767,-0.6562499999999999,-0.4514497416857743,0.3622782714494746,0.7732801865258897,-0.23113295698564543,-0.6562312983828933,-0.48651221834338304,-0.6649793723659394,0.044940275399763877,0.30228323360301823,Specialty Industrial Machinery,Industrials,PH
2009Q2,2009,Q2,2009-01-27,2008-12-31,155401000.0,2688656000.0,230023000.0,0.96,567206000.0,0.2109626519718402,10115191000.0,4581681000.0,3678608000.0,2667699000.0,5533510000.0,1519651000.0,5709795000.0,6842096164.8,9484911164.8,28.486110841690753,1.3789441762357748,0.28717253089931766,0.6340042006416422,0.024130177546433595,28.486110841690753,0.03391790043872544,2.544801627578984,11.007162381194458,1.4933593510329506,0.2588271632743676,1.3960113210204186,0.005878607817137531,0.2658037796814712,0.7288408474869166,0.015363130562734802,112.07364725307126,0.2109626519718402,-0.36000000000000004,2.0835821394963117,0.8355099493816295,0.8749274181096051,-0.2202989555525619,-0.3788333013558455,-0.4173431986686357,0.32961798591858676,0.3756899405137809,0.40209516584958316,Specialty Industrial Machinery,Industrials,PH
2009Q1,2009,Q1,2008-11-06,2008-09-30,250176000.0,3064688000.0,394783000.0,1.5,727466000.0,0.23737032937773764,10132556000.0,4743868000.0,4157118000.0,2542627000.0,5388688000.0,1506793000.0,5595284000.0,8714017154.0,10662513154.0,28.852938840565425,1.6349696593326508,0.2523374161465281,0.5389743137878205,0.03792291420924963,28.852938840565425,0.052736711898391776,2.8433619193862474,8.70788680169161,1.8369012700184744,0.16432031849577897,1.5511234788056487,0.004717571617486398,0.3024595176182594,0.9557076205043052,0.024690315059694712,41.67910478586529,0.23737032937773764,-0.023526114069645478,3.755028509552553,1.0809103970540654,0.9752098787020614,-0.05686800720832847,-0.009458951161087244,-0.008561196608671193,0.5740784043772693,0.575894188021159,0.47526360202110834,Specialty Industrial Machinery,Industrials,PH
2008Q4,2008,Q4,2008-08-28,2008-06-30,252565000.0,3346752000.0,398192000.0,1.536139390528448,771330000.0,0.2304712150765877,10386854000.0,5258971000.0,4095625000.0,2183256000.0,5127883000.0,1494694000.0,5387836000.0,11726107611.759998,13471375611.759998,31.985874950000127,1.8759252236109738,0.1994170708474385,0.39386336224329815,0.038666875028904674,31.985874950000127,0.04802555480910619,3.503727677389899,11.607019590758814,2.229734222105427,0.1393027537465603,1.7230429773585765,0.003000398867627252,0.32221036321488683,1.0868052120319376,0.02431583230109906,32.51084085404634,0.2304712150765877,0.030966033911710038,4.544629280365527,1.1715215498308098,1.2478372362095207,0.048970449640361145,-0.011258959994675874,0.02547778902340722,0.7005557169802685,0.6454331521067456,0.7111524885482912,Specialty Industrial Machinery,Industrials,PH
2008Q3,2008,Q3,2008-05-06,2008-03-31,255441000.0,3182537000.0,388299000.0,1.49,735321000.0,0.23104868851485466,9609177000.0,5118993000.0,3872174000.0,2487286000.0,4490184000.0,1488799000.0,5181323000.0,11641051329.029999,13269821329.029999,30.460534455829663,1.5567867949242669,0.18845568148031824,0.3537617652534395,0.04000341288714109,30.460534455829663,0.049900634753749416,3.657789785014282,11.393092073149964,2.2740901050323763,0.137840049169867,1.6437517757601934,0.003024640902681588,0.33119766656395233,0.8716440328936841,0.026583025788785034,36.29424155012923,0.23104868851485466,0.21138211382113822,4.428571457259225,0.9985491431815063,0.9435183397039946,0.15812626097967786,0.20568952577845118,0.2289420879726043,0.9487179522531852,0.5799410493642314,0.5725491101730279,Specialty Industrial Machinery,Industrials,PH
2008Q2,2008,Q2,2008-02-04,2007-12-31,211863000.0,2829060000.0,315962000.0,1.23,634923000.0,0.22442896227015333,9217506000.0,4777236000.0,3621580000.0,2496488000.0,4440270000.0,1477267000.0,4965631000.0,12663017873.78,14481894873.78,28.411366606766467,1.450669901077033,0.21877143340074853,0.422111656196177,0.03326890554570153,28.411366606766467,0.044348447512327215,4.476051364686504,14.942460308996854,2.6506996668743183,0.16672566705842926,1.4852677274994974,0.002789461434239912,0.3069225015964188,0.7784267338757487,0.022984850782847333,88.89946696746746,0.22442896227015333,0.35180538974812386,4.72727272746636,0.89288773367667,0.8155496940395975,-0.045169702192165234,-0.07723968518752422,-0.07069453349725587,0.3125000031977224,0.5436802516365385,0.4951084262633782,Specialty Industrial Machinery,Industrials,PH
2008Q1,2008,Q1,2007-11-05,2007-09-30,229597000.0,2787256000.0,339998000.0,0.9098942860622716,664959000.0,0.2385711969047694,8692993000.0,4546128000.0,3524424000.0,2244939000.0,4146865000.0,1353774000.0,4794447000.0,19216044641.5897,20726346641.5897,18.0163324908762,1.5699419895150826,0.1953549255129965,0.3735528344120535,0.03934421799539869,18.0163324908762,0.050503857348495246,6.894251780815863,20.92366694859874,4.226903563117823,0.1591658427592695,1.5676892893496255,0.0019017441248500762,0.32063249101891605,0.8787325624437903,0.026411731839655225,90.4637794601642,0.2385711969047694,0.05714456732938593,1.6246950548009824,0.22507990839989514,0.21266388270298522,0.02205625805975632,0.05714456732938587,0.07195712146291479,0.21860841883339946,0.008808014883474623,0.028063279487227446,Specialty Industrial Machinery,Industrials,PH
2007Q4,2007,Q4,2007-08-29,2007-06-30,217186000.0,2874365000.0,317175000.0,0.860709418732477,650609000.0,0.2263487761644746,8441413000.0,4711665000.0,3386175000.0,1925245000.0,3729748000.0,1265802000.0,4625195000.0,16470653887.6697,17583247887.6697,18.6723566132815,1.758828097203213,0.15226123872863465,0.2727910409589816,0.03855486562135058,18.6723566132815,0.046095382417892614,5.730188715653614,18.95915699868972,3.4957183687018714,0.13848038087169523,1.7567960865917418,0.0018260355784973153,0.34050756668344506,0.9923173414292726,0.02572863097682817,46.3639492738002,0.2263487761644746,-0.27468327784249746,13.775500677765466,0.20872767222710192,0.271240445486042,0.05423071874984809,0.03763335546966447,0.027856723885941688,0.2198936945550305,0.0164615769273857,0.11337404301961813,Specialty Industrial Machinery,Industrials,PH
2007Q3,2007,Q3,2007-05-04,2007-03-31,209309000.0,2780969000.0,308579000.0,1.186667,617141000.0,0.22191581423597315,8708537000.0,4520442000.0,3368312000.0,1896761000.0,4188095000.0,1270971000.0,4438085000.0,9980916997.38,11206632997.38,26.060354248840877,1.7758231005382334,0.16184612868958356,0.3117931830559932,0.036931329178224344,26.060354248840877,0.04630277304741439,3.589006924341839,11.92127070190484,2.2079515669883607,0.14330487461122074,1.7024998996829983,0.003005234890528968,0.31933825394552495,1.0021715967378073,0.024034921135432968,58.80571150954179,0.22191581423597315,0.0853664894410027,3.0222222200487003,0.7727630783807461,0.7318138984332369,0.07676242486630783,0.08468805547062451,0.10092761068892932,0.9890109965302191,0.4952895096206303,0.660101830626211,Specialty Industrial Machinery,Industrials,PH
2007Q2,2007,Q2,2007-02-02,2006-12-31,192967000.0,2511152000.0,280290000.0,1.093333,573145000.0,0.2282398675986161,8456295000.0,4317065000.0,3176247000.0,1918783000.0,4139230000.0,1314400000.0,4258772000.0,,,,,,,,,,,,,,,,,,,,,,,,,,,,,,,Specialty Industrial Machinery,Industrials,PH
2007Q1,2007,Q1,2006-11-07,2006-09-30,210584000.0,2551573000.0,312205000.0,1.166667,604215000.0,0.23680098511780773,8324483000.0,4270067000.0,3188828000.0,1807486000.0,4054416000.0,1250827000.0,4095960000.0,,,,,,,,,,,,,,,,,,,,,,,,,,,,,,,Specialty Industrial Machinery,Industrials,PH
