Quarters,Year,Quarter,FillingDate,Date,NetIncome,Revenue,OperatingIncome,EPSDiluted,GrossProfit,GrossProfitRatio,TotalAssets,CommonStockEquity,CurrentAssets,CurrentLiability,TotalLiability,Inventory,RetainedEarnings,MarketCap,EnterpriseValue,bookValuePerShare,currentRatio,debtToAssets,debtToEquity,roic,shareholdersEquityPerShare,roe,priceToSalesRatio,peRatio,pbRatio,payoutRatio,inventoryTurnover,dividendYield,assetTurnover,quickRatio,returnOnAssets,priceToFreeCashFlowsRatio,grossProfitMargin,epsdilutedGrowth,fiveYNetIncomeGrowthPerShare,fiveYRevenueGrowthPerShare,fiveYShareholdersEquityGrowthPerShare,grossProfitGrowth,netIncomeGrowth,operatingIncomeGrowth,threeYNetIncomeGrowthPerShare,threeYRevenueGrowthPerShare,threeYShareholdersEquityGrowthPerShare,Industry,Sector,Symbol
2023Q1,2023,Q1,2023-04-27,2023-03-31,2052000000.0,12272000000.0,2535000000.0,1.54,6329000000.0,0.5157268579,84756000000.0,39949000000.0,13885000000.0,12537000000.0,44807000000.0,5230000000.0,16408000000.0,55798728835.50001,71512728835.5,30.059443190368697,1.1075217356624392,0.19871159563924679,0.42158752409321887,0.03190926237586702,30.059443190368697,0.05136549100102631,4.546832532227836,6.798090745065791,1.3967490759593484,0.3362573099415205,1.1363288718929254,0.012365873101413943,0.14479210911321913,0.6266251894392598,0.024210675350417668,-626.9520093876405,0.5157268578878749,-0.24137931034482749,2.207408869701053,0.7184674992180358,0.08320531603047934,-0.18910954516335682,-0.2513681138270704,-0.3377742946708464,1.6692935017530377,0.9090201726847538,0.2098203396518733,Oil & Gas Integrated,Energy,SU
2022Q4,2022,Q4,2022-12-31,2022-12-31,2741000000.0,13920000000.0,3828000000.0,2.03,7805000000.0,0.560704023,84618000000.0,39367000000.0,14536000000.0,12869000000.0,45251000000.0,5058000000.0,15565000000.0,57861831677.99999,71500831678.0,29.225686711210095,1.1295360944906365,0.18458247654163418,0.39675362613356363,0.05113404136603918,29.225686711210095,0.06962684481926487,4.156740781465516,5.277438131886172,1.4698054634084383,0.2553812477198103,1.208975879794385,0.012097785011291846,0.16450400623980713,0.6443391094879167,0.032392635136732136,22.409694685515102,0.5607040229885057,5.511111111111111,1.4295024479547738,0.8945805493689681,0.06256490477704554,0.9497876592555583,5.500821018062397,7.487804878048781,2.338584434598894,0.6731464437444932,0.06775735665331586,Oil & Gas Integrated,Energy,SU
2022Q3,2022,Q3,2022-09-30,2022-09-30,-609000000.0,14944000000.0,451000000.0,-0.45,4003000000.0,0.2678667024,85004000000.0,38167000000.0,18777000000.0,14903000000.0,46837000000.0,5157000000.0,14046000000.0,51928535295.70033,66512535295.70033,28.29253140795112,1.2599476615446554,0.2263775822314244,0.504179002803469,0.009505982013810824,28.29253140795112,-0.01595619252233605,3.4748752205366924,-21.317132715804735,1.3605610945502749,-1.0476190476190477,2.1215823152995927,0.012286115839142997,0.17580349160039527,0.8412400187881635,-0.0071643687355889135,17.126825625230982,0.2678667023554604,-1.1584507042253522,-1.5810246303727642,1.3012707678376745,0.03436267807728207,-0.5765365492436264,-1.1524024024024024,-0.9248208034672445,-1.6769435296569233,0.7538132827447547,-0.02819562798468176,Oil & Gas Integrated,Energy,SU
2022Q2,2022,Q2,2022-06-30,2022-06-30,3996000000.0,16135000000.0,5999000000.0,2.84,9453000000.0,0.5858692284,86357000000.0,39765000000.0,16558000000.0,14548000000.0,46592000000.0,5774000000.0,15678000000.0,63041801138.40001,78740801138.40001,28.2823613086771,1.1381633214187517,0.20113019210949895,0.4367911479944675,0.073812890045188,28.2823613086771,0.1004903809883063,3.9071460265509765,3.9440566277777784,1.585359012659374,0.16441441441441443,1.1572566678212677,0.010421656553841833,0.18684067302013735,0.6821556227660159,0.04627302940120662,21.70860920743802,0.5858692283854974,0.378640776699029,9.898003629764066,1.6413225190940834,0.05097196655765372,0.2580516369443705,0.3550356052899288,0.4458905760424199,0.634028273321633,0.7878620118637052,-0.024917601061012776,Oil & Gas Integrated,Energy,SU
2022Q1,2022,Q1,2022-03-31,2022-03-31,2949000000.0,13487000000.0,4149000000.0,2.06,7514000000.0,0.5571290873,85067000000.0,38274000000.0,14537000000.0,12348000000.0,46793000000.0,5323000000.0,13613000000.0,58377304514.700005,73798304514.70001,26.70900209351012,1.1772756721736313,0.21183302573265778,0.470815697340231,0.05379346655421365,26.70900209351012,0.0770496943094529,4.328412880158671,4.948906791683623,1.5252470218607934,0.20379789759240421,1.1221115912079653,0.01029509678455027,0.15854561698425948,0.7099125364431487,0.03466679205802485,28.588297999363373,0.5571290872692222,0.9252336448598131,1.5404358176044792,1.009230849702326,-0.020622978863072614,0.3789686180950633,0.8989053444945267,0.7625318606627017,1.2105145477590895,0.6543595295416892,-0.04718462099199137,Oil & Gas Integrated,Energy,SU
2021Q4,2021,Q4,2021-12-31,2021-12-31,1553000000.0,13150000000.0,2354000000.0,1.07,5449000000.0,0.4143726236,83739000000.0,36614000000.0,10977000000.0,10399000000.0,47125000000.0,4110000000.0,0.0,46317686606.4,62466686606.4,25.21625344352617,1.0555822675257236,0.21918102676172393,0.501283661987218,0.030783245804760283,25.21625344352617,0.042415469492543836,3.522257536608365,7.456163330070831,1.2650266730321735,0.39085640695428203,1.8737226277372263,0.01310514502069555,0.15703555093803365,0.6603519569189346,0.018545719437776904,32.36735611907757,0.4143726235741445,0.8135593220338985,2.426703221021403,0.9245006887052339,-0.05869867271085364,0.08200953137410644,0.7708095781071835,0.24616199047114876,7.107947166469892,0.6915432371092817,-0.08372254843317015,Oil & Gas Integrated,Energy,SU
2021Q3,2021,Q3,2021-09-30,2021-09-30,877000000.0,10145000000.0,1889000000.0,0.59,5036000000.0,0.4964021685559389,84150000000.0,36300000000.0,10954000000.0,11126000000.0,47850000000.0,4079000000.0,0.0,38605825704.6,55276825704.6,24.576844955991877,0.9845407154413086,0.2255496137849079,0.5228650137741047,0.021675020689784743,24.576844955991877,0.02415977961432507,3.805404209423361,11.00508144372862,1.0635213692727272,0.3523375142531357,1.252512870801667,0.008003973347555723,0.12055852644087939,0.5951824555096171,0.010421865715983364,11.039698514326565,0.4964021685559389,0.017241379310344845,1.5204979757644423,0.5426424686329542,-0.07004115865993993,0.14454545454545453,0.010368663594470046,0.4332321699544765,-0.46914499141359567,0.025833625189508814,-0.13068801684046197,Oil & Gas Integrated,Energy,SU
2021Q2,2021,Q2,2021-06-30,2021-06-30,868000000.0,9159000000.0,1318000000.0,0.58,4400000000.0,0.4804017905884922,84097000000.0,36209000000.0,10754000000.0,10313000000.0,47888000000.0,4193000000.0,0.0,44780456772.0,63461456772.0,24.107190412782955,1.0427615630757296,0.2463345898188996,0.5721229528570245,0.01760468535793637,24.107190412782955,0.023971940677732055,4.889229912872584,12.89759699654378,1.2367217203457703,0.3629032258064516,1.1349868829000715,0.007034318600272986,0.10890994922529935,0.6361873363715699,0.010321414556999656,60.596017282814614,0.4804017905884922,0.07407407407407393,2.250142666920297,0.6394339730545272,-0.13773124971711925,-0.04472427268779852,0.057247259439707675,0.0007593014426727411,-0.02911070561610583,-0.035748919777342215,-0.13560718564709032,Oil & Gas Integrated,Energy,SU
2021Q1,2021,Q1,2021-03-31,2021-03-31,821000000.0,8679000000.0,1317000000.0,0.54,4606000000.0,0.5307063025694204,83176000000.0,36325000000.0,9881000000.0,9067000000.0,46851000000.0,3911000000.0,0.0,39908575080.0,58737575080.0,23.866622864651774,1.0897761111723834,0.24755939213234587,0.5668547832071577,0.016232527008197925,23.866622864651774,0.022601514108740537,4.598291863117871,12.152428465286235,1.0986531336545078,0.38855054811205847,1.0414216312963436,0.007993269600844894,0.10434500336635567,0.658431675306055,0.009870635760315476,25.88104739299611,0.5307063025694204,5.909090909090909,2.181959023811593,0.5316771453131066,-0.15728891899820455,0.9700598802395209,5.886904761904762,2.481439820022497,0.12054797486463843,0.06122138539004098,-0.13995570047788722,Oil & Gas Integrated,Energy,SU
2020Q4,2020,Q4,2020-12-31,2020-12-31,-168000000.0,6615000000.0,-889000000.0,-0.11,2338000000.0,0.35343915343915344,84616000000.0,35757000000.0,9386000000.0,10549000000.0,48859000000.0,3617000000.0,0.0,32628403765.0,52442403765.0,23.4472131147541,0.8897525831832401,0.25644086224827456,0.6068462119305311,-0.005610407969429902,23.4472131147541,-0.00469838073663898,4.932487341647771,-48.55417226934524,0.9125039506949688,-1.9047619047619047,1.1824716615980093,0.009807405912490859,0.07817670416942422,0.5468764811830505,-0.001985440105890139,-213.2575409477124,0.35343915343915344,-10.0,0.9206292729544954,-0.0348790103899969,-0.13151796501102925,0.0021431633090441492,-13.0,-2.735294117647059,-1.131527128656497,-0.20475409836065564,-0.14752436728853832,Oil & Gas Integrated,Energy,SU
2020Q3,2020,Q3,2020-09-30,2020-09-30,-12000000.0,6427000000.0,-238000000.0,-0.01,2333000000.0,0.3629998444064105,83502000000.0,36344000000.0,8347000000.0,8505000000.0,47158000000.0,3325000000.0,0.0,24803259410.0,44513259410.0,23.832131147540984,0.9814226925338037,0.25387415870278557,0.5832874752366278,-0.00019938504792257346,23.832131147540984,-0.0003301782962799912,3.859228163995643,-516.7345710416666,0.6824581611820383,-26.75,1.2312781954887217,0.012941847468263849,0.07696821633014778,0.5904761904761905,-0.00014370913271538407,81.5896691118421,0.3629998444064105,0.975,0.9697384025113358,-0.18583028351785538,-0.16250457763817766,0.8113354037267081,0.9804560260586319,0.7986463620981388,-1.0101275610779736,-0.12450123782192611,-0.12870762101083144,Oil & Gas Integrated,Energy,SU
2020Q2,2020,Q2,2020-06-30,2020-06-30,-614000000.0,4229000000.0,-1182000000.0,-0.4,1288000000.0,0.30456372664932607,83829000000.0,36516000000.0,8376000000.0,8198000000.0,47313000000.0,3228000000.0,9763000000.0,34975353450.0,55009353450.0,23.944918032786884,1.0217126128323981,0.2610075272280476,0.5991893964289626,-0.011077088029979454,23.944918032786884,-0.016814547047869426,8.270360238827147,-14.240779092019542,0.9578090001643116,-0.5211726384364821,0.911090458488228,0.009149299962256708,0.050447935678583786,0.6279580385459869,-0.007324434264991828,-23.857676296043657,0.30456372664932607,0.8268398268398269,-1.7986183633542467,-0.5046418858028129,-0.16798386458224593,18.815384615384616,0.8258156028368794,0.6494661921708185,-2.5438507631430185,-0.36172824481356897,-0.11020733667457121,Oil & Gas Integrated,Energy,SU
2020Q1,2020,Q1,2020-03-31,2020-03-31,-3525000000.0,7391000000.0,-3372000000.0,-2.31,65000000.0,0.008794479772696522,85266000000.0,37965000000.0,8279000000.0,10207000000.0,47301000000.0,2725000000.0,11109000000.0,34220886304.0,52432886304.0,24.846204188481675,0.8111100225335554,0.23969694837332584,0.5383379428420914,-0.044561036507186715,24.846204188481675,-0.09284867641248519,4.630075267758084,-2.4270132130496456,0.90137985786909,-0.20113475177304965,2.6884403669724772,0.020718341240540186,0.08668167851195084,0.5441363769961791,-0.04134121455210752,534.7013485,0.008794479772696522,-0.5197368421052632,-8.775730834779138,-0.019564381601878237,-0.13009388805107527,-0.4628099173553719,-0.5096359743040685,-0.0384970742223591,-3.847838861953592,0.03261996748006683,-0.08892884281184826,Oil & Gas Integrated,Energy,SU
2019Q4,2019,Q4,2019-12-31,2019-12-31,-2335000000.0,9487000000.0,-3247000000.0,-1.52,121000000.0,0.012754295351533678,89435000000.0,42042000000.0,9906000000.0,10537000000.0,47393000000.0,3761000000.0,15410000000.0,65800347647.99999,81810347648.0,27.37109375,0.940115782480782,0.200928048303237,0.42742971314399886,-0.0392486611431248,27.37109375,-0.05553969839684125,6.935843538315589,-7.045005101498928,1.565109834165834,-0.27580299785867235,2.4902951342727997,0.009787182332912406,0.10607703919047352,0.5831830691847775,-0.026108346844076705,124.38629044990547,0.012754295351533678,-3.2686567164179103,-27.205047123015877,0.004997635502116449,-0.04734409177222798,-0.9753914988814317,-3.256038647342995,-2.85014245014245,-5.870430188301283,0.3124918619791667,0.021739686029576568,Oil & Gas Integrated,Energy,SU
2019Q3,2019,Q3,2019-09-30,2019-09-30,1035000000.0,9803000000.0,1755000000.0,0.67,4917000000.0,0.501581148627971,93335000000.0,45184000000.0,9613000000.0,10059000000.0,48151000000.0,3682000000.0,18405000000.0,64757316399.99999,80358316400.0,29.11340206185567,0.9556615965801769,0.18953232977982537,0.391510269121813,0.018747009024201268,29.11340206185567,0.022906338526912182,6.605867224319085,15.6418638647343,1.433191315509915,0.6280193236714976,1.326996197718631,0.010037475858094702,0.10503026731665506,0.5896212347151805,0.011089087694862592,39.97365209876543,0.501581148627971,-0.614942528735632,0.06018910626745788,-0.09305054585982421,0.01314056671441145,-0.06733687405159332,-0.6207401978746794,-0.1354679802955665,1.8308436776772563,0.41860345386566644,0.10161681441986156,Oil & Gas Integrated,Energy,SU
2019Q2,2019,Q2,2019-06-30,2019-06-30,2729000000.0,10071000000.0,2030000000.0,1.74,5272000000.0,0.5234832687915798,93599000000.0,45509000000.0,10293000000.0,10489000000.0,48090000000.0,3734000000.0,18432000000.0,65111460300.0,81232460300.0,29.005098789037604,0.9813137572695204,0.19425421211765084,0.39952536860840715,0.03910910088439189,29.005098789037604,0.05996616053967347,6.465242806076854,5.96477283803591,1.4307381023533807,0.24111396115793332,1.2852169255490091,0.010105747850966261,0.10759730338999349,0.6253217656592621,0.029156294404854753,31.47001464475592,0.5234832687915798,0.8709677419354838,11.101081680304718,-0.09796022812761185,0.016556487186821418,0.07591836734693877,0.8564625850340136,0.19411764705882353,4.762620153223813,0.7257006254724344,0.03745769857084535,Oil & Gas Integrated,Energy,SU
2019Q1,2019,Q1,2019-03-31,2019-03-31,1470000000.0,8983000000.0,1700000000.0,0.93,4900000000.0,0.5454747857063342,93167000000.0,44262000000.0,9945000000.0,11301000000.0,48905000000.0,3650000000.0,16889000000.0,69265246764.59999,86563246764.59999,28.031665611146295,0.8800106185293337,0.20579175029785224,0.433170665582215,0.018742010739809637,28.031665611146295,0.03321133251999458,7.710703190982967,11.77980387153061,1.5648919335908904,0.45034013605442175,1.1186301369863014,0.009557462521570546,0.09641825968422295,0.5570303512963455,0.01577811886182876,107.38797947999998,0.5454747857063342,6.166666666666668,-0.07780784411563384,-0.1908157725239494,-0.02421837015485353,0.2847404299947562,6.25,1.2457067371202113,4.491630175232809,0.5280989098142748,-0.010224640351746101,Oil & Gas Integrated,Energy,SU
2018Q4,2018,Q4,2018-12-31,2018-12-31,-280000000.0,8561000000.0,757000000.0,-0.18,3814000000.0,0.4455087022544095,89579000000.0,44005000000.0,8700000000.0,10309000000.0,45574000000.0,3159000000.0,16479000000.0,60923073666.00001,76052073666.0,27.520325203252032,0.8439227859152197,0.19368378749483697,0.3942733780252244,0.030242740943158028,27.520325203252032,-0.006362913305306216,7.116350153720361,-54.3956014875,1.3844579858197934,-2.05,1.502690724912947,0.009421717675422183,0.09556927404860514,0.5374915122708314,-0.0031257325935766197,32.18334583518225,0.4455087022544095,-1.162162162162162,-1.5865968713515926,-0.19041233866744464,-0.008252486604516433,-0.29902591435397907,-1.1545253863134657,-0.6953722334004024,0.8738374413754486,0.1912359442223324,0.019349630981901192,Oil & Gas Integrated,Energy,SU
2018Q3,2018,Q3,2018-09-30,2018-09-30,1812000000.0,10847000000.0,2485000000.0,1.11,5441000000.0,0.5016133493131741,91366000000.0,45800000000.0,10381000000.0,11145000000.0,45566000000.0,3761000000.0,18046000000.0,82486400220.0,96831400220.0,28.271604938271604,0.9314490803050696,0.1825296061992426,0.36412663755458513,0.029237988788799227,28.271604938271604,0.03956331877729258,7.604535836636858,11.38057398178808,1.8010131052401748,0.3211920529801324,1.4373836745546398,0.007055708558595649,0.11872031171332881,0.5939883355764917,0.019832322745879212,26.070290840707965,0.5016133493131741,0.8813559322033901,-0.011557129738948048,-0.025716224583837346,0.028945652839458172,0.11495901639344262,0.8641975308641975,0.2247412518482011,5.301536643026004,0.2935139414631733,-0.006495072889551321,Oil & Gas Integrated,Energy,SU
2018Q2,2018,Q2,2018-06-30,2018-06-30,972000000.0,10327000000.0,2029000000.0,0.59,4880000000.0,0.4725476905199961,92434000000.0,45543000000.0,10697000000.0,11951000000.0,46891000000.0,3987000000.0,17433000000.0,88054876828.8,104217876828.8,27.88916105327618,0.8950715421303657,0.19631304498344765,0.3984366422940957,0.02097961550200689,27.88916105327618,0.021342467558131874,8.52666571403118,22.647859266666668,1.9334448066398788,0.6039094650205762,1.3661901178831202,0.006666297440189145,0.11172295908431962,0.5614592921094469,0.010515611138758466,128.73520004210528,0.4725476905199961,0.22916666666666666,0.31824501999207516,-0.012867003013103439,0.04368651805864195,0.07583774250440917,0.23193916349809887,0.29318036966220523,0.18064911206368642,0.1296383613602555,-0.03093291161750914,Oil & Gas Integrated,Energy,SU
2018Q1,2018,Q1,2018-03-31,2018-03-31,789000000.0,8807000000.0,1569000000.0,0.48,4536000000.0,0.5150448506869536,91277000000.0,45483000000.0,9899000000.0,11092000000.0,45794000000.0,3830000000.0,17400000000.0,72954673022.0,88557673022.0,27.75045759609518,0.892445005409304,0.1937618458100069,0.38884858078842643,0.016982050817820744,27.75045759609518,0.017347140689928105,8.283714434200068,23.11618283333333,1.6039987032957366,0.7477820025348543,1.1151436031331592,0.008087213273124826,0.0964865190573748,0.5471510998918139,0.008644017660527845,-128.667853654321,0.5150448506869536,-0.42857142857142855,-0.3315968291183927,-0.1707617402865004,0.0592256781703835,-0.04283604135893648,-0.42908827785817655,-0.2190144350423096,3.03991239919914,0.08915145290344059,-0.028411241850224405,Oil & Gas Integrated,Energy,SU
2017Q4,2017,Q4,2017-12-31,2017-12-31,1382000000.0,9000000000.0,2009000000.0,0.84,4739000000.0,0.5265555555555556,89494000000.0,45383000000.0,9577000000.0,9557000000.0,44111000000.0,3468000000.0,17401000000.0,75948269760.0,88855269760.0,27.504848484848484,1.0020927069163963,0.17407870918720808,0.3432783200757993,0.02416113982211121,27.504848484848484,0.030451931339929048,8.43869664,13.738833169319827,1.6734960174514686,0.38060781476121563,1.2286620530565167,0.006925766731252523,0.10056540103247145,0.6392173276132678,0.015442376025208393,66.97378285714285,0.5265555555555556,0.07692307692307684,3.2787425860023722,-0.08622767612578074,0.0722003246394547,0.23733681462140993,0.0721489526764934,0.5843848580441641,13.438210678210678,-0.11246411752086548,-0.0426887338398528,Oil & Gas Integrated,Energy,SU
2017Q3,2017,Q3,2017-09-30,2017-09-30,1289000000.0,7986000000.0,1268000000.0,0.78,3830000000.0,0.4795892812421738,87945000000.0,45378000000.0,9561000000.0,10497000000.0,42567000000.0,3049000000.0,17188000000.0,72273271415.1,85363271415.1,27.352622061482823,0.9108316661903401,0.18019216555801923,0.3492220899995593,0.015918799563571517,27.352622061482823,0.02840583542685883,9.049996420623591,14.017314083611327,1.5926940679426154,0.41194724592707527,1.3630698589701542,0.0073471144947931406,0.09080675422138837,0.620367724111651,0.014656887827619536,59.38641858266229,0.4795892812421738,2.0,-0.23251949320572385,-0.22988130568828252,0.05062961030377398,0.34764250527797325,1.9632183908045977,2.6753623188405795,0.23521124266293078,-0.3088079761497483,-0.04813422499996651,Oil & Gas Integrated,Energy,SU
2017Q2,2017,Q2,2017-06-30,2017-06-30,435000000.0,7247000000.0,345000000.0,0.26,2842000000.0,0.39216227404443216,87297000000.0,44887000000.0,8836000000.0,9797000000.0,42410000000.0,3221000000.0,16536000000.0,63281237856.0,77061237856.0,26.910671462829736,0.9019087475757885,0.1847944373804369,0.35939136052754694,0.004529428792173147,26.910671462829736,0.00969100184908771,8.732059866979439,36.36852750344828,1.4097898691380577,1.2252873563218392,1.3675877056814654,0.00842271766574591,0.08301545299380277,0.5731346330509339,0.004982989106154851,-343.91977095652175,0.39216227404443216,-0.6790123456790124,0.2170263788968825,-0.3055234068248384,0.06703366639205482,-0.27462991322103114,-0.6782544378698225,-0.7217741935483871,0.8144157659654264,-0.3894260811913365,-0.05684797527971035,Oil & Gas Integrated,Energy,SU
2017Q1,2017,Q1,2017-03-31,2017-03-31,1352000000.0,7818000000.0,1240000000.0,0.81,3918000000.0,0.501151189562548,88360000000.0,45516000000.0,10447000000.0,6927000000.0,42844000000.0,3427000000.0,16940000000.0,68424723187.50001,81640723187.5,27.271420011983224,1.5081564891006207,0.19005205975554548,0.36894718340803234,0.01485693232688062,27.271420011983224,0.029703840407768696,8.75220301707598,12.652500589404585,1.5033114330674928,0.39497041420118345,1.1380215932302304,0.00780419671610089,0.08847894975101855,1.0134257254222607,0.01530104119511091,275.9061418850807,0.501151189562548,1.5312500000000002,-0.13211195472529252,-0.2506556817585939,0.07252561318920217,0.02111024237685692,1.6,0.2744090441932169,-0.1975710772595134,-0.3337342804197117,-0.05068250183095928,Oil & Gas Integrated,Energy,SU
2016Q4,2016,Q4,2016-12-31,2016-12-31,520000000.0,7840000000.0,973000000.0,0.32,3837000000.0,0.48941326530612245,88702000000.0,44630000000.0,11019000000.0,8117000000.0,44072000000.0,3240000000.0,16093000000.0,73403808227.4,87817808227.4,26.788715486194477,1.3575212516939756,0.19650064260106875,0.3905444768093211,0.011261465088353143,26.788715486194477,0.011651355590410037,9.36273064125,35.29029241701923,1.644718983360968,0.9288461538461539,1.2354938271604938,0.006580040077807666,0.08838583121011928,0.8099051373660219,0.005862325539446687,60.216413640196876,0.48941326530612245,0.3333333333333334,-0.6585655986290804,-0.275339612021192,0.08334675839247616,0.1857231149567367,0.32653061224489793,0.5795454545454546,0.04558301876055151,-0.2884115129646723,-0.03461744095404076,Oil & Gas Integrated,Energy,SU
2016Q3,2016,Q3,2016-09-30,2016-09-30,392000000.0,7409000000.0,616000000.0,0.24,3236000000.0,0.43676609528951277,89349000000.0,43976000000.0,10754000000.0,8118000000.0,45373000000.0,2959000000.0,15595000000.0,60799565798.40001,75528565798.40001,26.427884615384617,1.3247105198324711,0.1995657477979608,0.40547116609059486,0.011984268067398801,26.427884615384617,0.00891395306530835,8.206177054717237,38.77523328979592,1.382562438566491,1.2321428571428572,1.4102737411287598,0.007944135680204325,0.08292202486877301,0.8180586351318059,0.00438729028864341,212.58589440000003,0.43676609528951277,1.5217391304347825,-0.7120726495726497,-0.3440887514047574,0.10523123654055778,0.9767868051313379,1.5333333333333334,1.9565217391304348,-0.7918189764780673,-0.3521162047456335,-0.03815658686106261,Oil & Gas Integrated,Energy,SU
2016Q2,2016,Q2,2016-06-30,2016-06-30,-735000000.0,5914000000.0,-644000000.0,-0.46,1637000000.0,0.27680081163341225,88786000000.0,44453000000.0,10299000000.0,8785000000.0,44333000000.0,2930000000.0,16120000000.0,56907866490.0,71452866490.0,27.957861635220127,1.1723392145702902,0.19770008785168833,0.3948664882010213,-0.007326081935108378,27.957861635220127,-0.01653431714394979,9.622567888062225,-19.35641717346939,1.2801805612669561,-0.6231292517006802,1.459726962457338,0.008048096480307885,0.06660960061270921,0.7426294820717132,-0.00827833216948618,-63.30129754171301,0.27680081163341225,-3.875,-2.2946686362720743,-0.3893305465406838,0.19616391350230997,-0.2215882073228721,-3.859922178988327,-0.1970260223048327,-2.0237791342952276,-0.4194068963359304,0.04625747639692648,Oil & Gas Integrated,Energy,SU
2016Q1,2016,Q1,2016-03-31,2016-03-31,257000000.0,5644000000.0,-538000000.0,0.16,2103000000.0,0.37260807937632884,86572000000.0,42935000000.0,10120000000.0,7784000000.0,43637000000.0,3108000000.0,17353000000.0,54849686360.399994,69729686360.4,28.321240105540898,1.3001027749229188,0.20808113477798826,0.419564457901479,-0.0298493736350754,28.321240105540898,0.005985792477000117,9.718229333876682,53.355726031517506,1.277505213937347,1.7626459143968871,1.1393178893178892,0.00825893510171562,0.0651942891466063,0.9008221993833505,0.002968627269786998,-36.3724710612732,0.37260807937632884,1.115942028985507,-0.7410949868073878,-0.40629359290640815,0.2215479935631651,6.08080808080808,1.1280518186347783,0.7609951132829853,-0.7646173901299002,-0.42546288068319044,0.08101225551102187,Oil & Gas Integrated,Energy,SU
2015Q4,2015,Q4,2015-12-31,2015-12-31,-2007000000.0,6499000000.0,-2251000000.0,-1.38,297000000.0,0.045699338359747654,77527000000.0,39039000000.0,10428000000.0,7136000000.0,38488000000.0,3090000000.0,17675000000.0,51751992960.0,63005992960.0,26.997925311203318,1.461322869955157,0.19738929663214105,0.39199262276185354,-0.030481022067045067,26.997925311203318,-0.051410128333205254,7.9630701584859205,-6.446436591928252,1.325648529931607,-0.20876930742401595,2.0071197411003237,0.008096306558161969,0.08382885962309905,1.0283071748878925,-0.02588775523366053,-88.16353144804089,0.045699338359747654,-4.3076923076923075,-2.6105749326071153,-0.30806884001066576,0.1542916243726808,-0.9031942633637549,-4.337765957446808,-4.220314735336195,-2.7761587986001386,-0.24706466503637545,0.0524393289863058,Oil & Gas Integrated,Energy,SU
2015Q3,2015,Q3,2015-09-30,2015-09-30,-376000000.0,7485000000.0,699000000.0,-0.26,3068000000.0,0.4098864395457582,80731000000.0,41148000000.0,13070000000.0,8150000000.0,39583000000.0,3067000000.0,19958000000.0,51138546547.2,60689546547.2,28.456431535269708,1.603680981595092,0.18530675948520395,0.3635656654029357,0.021991792488731492,28.456431535269708,-0.00913774667055507,6.8321371472545085,-34.00169318297872,1.2427954347039953,-1.1143617021276595,1.4401695467883926,0.008193428016442943,0.09271531381997003,1.227361963190184,-0.004657442618077319,49.40922371710145,0.4098864395457582,-1.52,-1.3976743997206682,-0.12277645233839447,0.24488923224436174,-0.1772593188522392,-1.5157750342935528,-0.45390625,-1.2568504756440875,-0.17187049585516032,0.09302755353157802,Oil & Gas Integrated,Energy,SU
2015Q2,2015,Q2,2015-06-30,2015-06-30,729000000.0,8095000000.0,1280000000.0,0.5,3729000000.0,0.46065472513897465,80658000000.0,41615000000.0,13463000000.0,8401000000.0,39043000000.0,3527000000.0,20793000000.0,50064332812.799995,59298332812.799995,28.77939142461964,1.6025473157957386,0.17513451858464132,0.33944491169049623,0.011481674171615148,28.77939142461964,0.01751772197524931,6.184599482742433,17.16883841316872,1.2030357518394807,0.5555555555555556,1.237879217465268,0.008089591476518256,0.10036202236603933,1.1827163432924652,0.00903816112474894,228.60425941917805,0.46065472513897465,3.0833333333333335,0.6405860995850623,-0.07992514471594697,0.29836840843531404,0.23313492063492064,3.1378299120234603,2.208020050125313,1.3526970954356845,-0.10516294907131965,0.14113018661611865,Oil & Gas Integrated,Energy,SU
2015Q1,2015,Q1,2015-03-31,2015-03-31,-341000000.0,7129000000.0,399000000.0,-0.24,3024000000.0,0.42418291485481835,79993000000.0,41272000000.0,13542000000.0,8094000000.0,38721000000.0,3366000000.0,20393000000.0,53286752024.99999,62808752024.99999,28.561937716262975,1.6730911786508524,0.17935319340442288,0.3476206629191704,0.004050113181342932,28.561937716262975,-0.00826226012793177,7.47464609692804,-39.06653374266862,1.291111456314208,-1.187683284457478,1.2195484254307785,0.007600388175469775,0.08912029802607728,1.2572275759822091,-0.004262873001387621,-118.41500449999998,0.42418291485481835,-5.0,-1.5144893777425528,0.026565372648032094,0.30088363362082404,-0.07381316998468607,-5.059523809523809,-0.2900355871886121,-1.2528307443127438,-0.2107713234673564,0.12327886665037043,Oil & Gas Integrated,Energy,SU
2014Q4,2014,Q4,2014-12-31,2014-12-31,84000000.0,8899000000.0,562000000.0,0.06,3265000000.0,0.36689515675918644,79671000000.0,41603000000.0,13916000000.0,8354000000.0,38068000000.0,3466000000.0,21179000000.0,53610777774.4,61444777774.4,28.73135359116022,1.6657888436677042,0.16730052340249274,0.3203855491190539,0.003101202957730935,28.73135359116022,0.0020190851621277313,6.024359790358467,159.55588623333335,1.2886276896954547,4.821428571428571,1.6255049047893826,0.007554451116234205,0.11169685330923422,1.2508977735216662,0.0010543359566216064,466.1806762991304,0.36689515675918644,-0.903225806451613,-0.8018484712936882,0.14330427365284157,0.31481466259567603,-0.2618132489260683,-0.9085963003264418,-0.697524219590958,-0.9365415216406555,-0.053618806331163685,0.1619078485958836,Oil & Gas Integrated,Energy,SU
2014Q3,2014,Q3,2014-09-30,2014-09-30,919000000.0,10175000000.0,1858000000.0,0.62,4423000000.0,0.4346928746928747,79567000000.0,41983000000.0,15034000000.0,10130000000.0,37584000000.0,4366000000.0,21592000000.0,58525524018.0,65098524018.0,28.73579739904175,1.484106614017769,0.14986112333002374,0.2840197222685373,0.022119384584645206,28.73579739904175,0.021889812543172238,5.751894252383292,15.920980418389554,1.394029107448253,0.44504896626768226,1.3174530462666056,0.0069884038949264045,0.12787964859803688,1.0531095755182627,0.011550014453228096,53.350523261622605,0.4346928746928747,3.428571428571428,-0.15498548924347352,0.02944227275015632,0.05932165044024643,0.4235597038944319,3.3554502369668247,3.4879227053140096,-0.2311962886911553,0.025942469493719512,0.20174964264197676,Oil & Gas Integrated,Energy,SU
2014Q2,2014,Q2,2014-06-30,2014-06-30,211000000.0,10446000000.0,414000000.0,0.14,3107000000.0,0.297434424660157,79452000000.0,41886000000.0,15895000000.0,10740000000.0,37566000000.0,4661000000.0,21639000000.0,66575375017.200005,73117375017.20001,28.532697547683924,1.4799813780260707,0.14441423752706037,0.27393401136417894,0.002784130893736805,28.532697547683924,0.005037482691113976,6.373288820333142,78.88077608672987,1.5894421767941558,1.6018957345971565,1.5745548165629693,0.005076952250177733,0.13147560791421237,1.0459962756052141,0.002655691486683784,128.02956734076923,0.297434424660157,-0.8613861386138614,3.640741037559438,0.318210394303464,0.8822259646705037,-0.4351936011634248,-0.857912457912458,-0.8429438543247344,-0.5974453828774229,0.1682773760675574,0.2207579966852727,Oil & Gas Integrated,Energy,SU
2014Q1,2014,Q1,2014-03-31,2014-03-31,1485000000.0,10342000000.0,2636000000.0,1.01,5501000000.0,0.5319087217172694,80221000000.0,42258000000.0,15660000000.0,10764000000.0,37963000000.0,4784000000.0,21973000000.0,56748767559.99999,63710767559.99999,28.727396329027872,1.4548494983277591,0.14719337829246706,0.2794263808036348,0.03150631386703748,28.727396329027872,0.03514127502484737,5.487214035969831,9.553664572390572,1.3429118169340715,0.22760942760942762,1.0119147157190636,0.005956076484703134,0.1289188616447065,1.0104050538833147,0.01851136236147642,233.5340228806584,0.5319087217172694,2.3666666666666667,5.999514421676216,0.36697830963790445,0.87170005317904,0.42994541200935793,2.3521444695259595,1.6124876114965312,0.5417725838321691,0.12118116323061838,0.23906627023554283,Oil & Gas Integrated,Energy,SU
2013Q4,2013,Q4,2013-12-31,2013-12-31,443000000.0,9814000000.0,1009000000.0,0.3,3847000000.0,0.39199103321785206,78315000000.0,41180000000.0,14694000000.0,10606000000.0,37135000000.0,3944000000.0,21072000000.0,55310339853.99999,61566339853.99999,27.749326145552562,1.3854422025268716,0.14630658239162359,0.27824186498300146,0.008500217227752469,27.749326145552562,0.010757649344341914,5.635860999999999,31.21351007562076,1.3431359847984454,0.6704288939051919,1.5129310344827587,0.0053697012309809776,0.12531443529336653,1.0135772204412596,0.005656643044116708,98.24216670337476,0.39199103321785206,-0.7345132743362831,2.302616088650909,-0.13640449486898792,0.788430026319438,-0.16296779808529155,-0.7384887839433294,-0.49825957235206364,-0.6536049469781636,0.018114909693724677,0.18641763700655006,Oil & Gas Integrated,Energy,SU
2013Q3,2013,Q3,2013-09-30,2013-09-30,1694000000.0,10288000000.0,2011000000.0,1.13,4596000000.0,0.44673405909797825,77761000000.0,41132000000.0,15036000000.0,10365000000.0,36629000000.0,4249000000.0,21068000000.0,55405751130.600006,61198751130.600006,27.47628590514362,1.4506512301013024,0.1431694551253199,0.2706651755324322,0.028155518303776297,27.47628590514362,0.04118447923757658,5.385473476924573,8.17676374418536,1.347023026611884,0.17650531286894924,1.3396093198399623,0.005396551691812829,0.1323028253237484,1.0407139411480946,0.02178469927084271,56.47884926666667,0.44673405909797825,1.5111111111111108,0.13102186458488663,-0.37391791608473995,0.5451848632799613,0.09952153110047847,1.4911764705882353,0.27520608750792647,0.7306119087490048,0.1646513236817341,0.20201060428066167,Oil & Gas Integrated,Energy,SU
2013Q2,2013,Q2,2013-06-30,2013-06-30,680000000.0,9648000000.0,1577000000.0,0.45,4180000000.0,0.4332504145936982,78505000000.0,40243000000.0,14404000000.0,10794000000.0,38262000000.0,3881000000.0,20030000000.0,46678725417.6,53792725417.6,26.721779548472774,1.3344450620715211,0.14832176294503535,0.2893422458564222,0.01764920508053392,26.721779548472774,0.01689734860721119,4.8381763492537315,17.161296109411765,1.1599216116492308,0.4441176470588235,1.4089152280340118,0.006469756774595484,0.1228966307878479,0.974893459329257,0.0086618686707853,67.6503266921739,0.4332504145936982,-0.3661971830985915,-0.4931811340313731,-0.25066420686881347,0.8327410379433997,-0.12643678160919541,-0.37842778793418647,-0.32664389410760036,0.469344842850819,0.052899513058875566,0.2055402378394268,Oil & Gas Integrated,Energy,SU
2013Q1,2013,Q1,2013-03-31,2013-03-31,1094000000.0,9843000000.0,2342000000.0,0.71,4785000000.0,0.48613227674489484,77957000000.0,39796000000.0,14988000000.0,10916000000.0,38161000000.0,4037000000.0,19586000000.0,46752447929.600006,53538447929.600006,26.198815009874917,1.3730304140710883,0.14593942814628577,0.2858830033169163,0.026477184748703923,26.198815009874917,0.027490200020102523,4.749816918581734,10.683831793784279,1.1748026919690422,0.180073126142596,1.2529105771612583,0.00421368310589091,0.1262619136190464,1.0032063026749725,0.01403337737470657,42.93154079853077,0.48613227674489484,2.9189189189189193,-0.05769165003034215,0.0020607276877996706,0.9139137992417321,4.672294704528012,2.9466192170818504,4.266387726638773,0.5701799552042839,0.3483280034694282,0.19325271293481003,Oil & Gas Integrated,Energy,SU
2012Q4,2012,Q4,2012-12-31,2012-12-31,-562000000.0,9127000000.0,-717000000.0,-0.37,-1303000000.0,-0.14276322997699134,76449000000.0,39223000000.0,14179000000.0,9582000000.0,37226000000.0,3743000000.0,18909000000.0,49799619599.399994,56431619599.399994,25.652714192282538,1.4797537048632854,0.14421378958521366,0.28108507763302143,-0.012832444428535634,25.652714192282538,-0.014328327766871478,5.456296658200942,-22.15285569368327,1.2696535094051957,-0.3469750889679715,2.7865348650814856,0.00391569256087951,0.11938678072963675,1.0891254435399709,-0.007351306099491164,-48.34914524213592,-0.14276322997699134,-1.3663366336633662,-1.3535204253470403,0.12171726424497083,1.0455018808278334,-1.24636037058045,-1.3614147909967846,-1.3551263001485885,-2.2554965774744438,0.11047745805695612,0.1739288456554496,Oil & Gas Integrated,Energy,SU
2012Q3,2012,Q3,2012-09-30,2012-09-30,1555000000.0,9601000000.0,2019000000.0,1.01,5289000000.0,0.5508801166545152,77243000000.0,39989000000.0,15024000000.0,11002000000.0,37254000000.0,3745000000.0,19733000000.0,50100021504.0,55125021504.0,26.034505208333332,1.3655698963824758,0.13558510156260115,0.26189702168096224,0.0274684432400907,26.034505208333332,0.03888569356573057,5.218208676596188,8.054665836655948,1.2528450699942484,0.12604501607717042,1.1514018691588785,0.0039121739695131925,0.12429605271675104,1.025177240501727,0.020131274031303808,69.77718872423398,0.5508801166545152,4.05,0.37355735660084644,0.2301112521376262,1.2441391952317722,0.04422507403751234,3.66966966966967,0.49888641425389757,0.35999730893433807,-0.0760615302617552,-0.040259275122585314,Oil & Gas Integrated,Energy,SU
2012Q2,2012,Q2,2012-06-30,2012-06-30,333000000.0,9722000000.0,1347000000.0,0.2,5065000000.0,0.5209833367619832,75326000000.0,39192000000.0,13998000000.0,10010000000.0,36134000000.0,3372000000.0,18695000000.0,46490909220.0,52114909220.0,25.22007722007722,1.3984015984015985,0.14324403260494384,0.27531128801796284,0.008027057898267348,25.22007722007722,0.008496631965707288,4.782031394774737,34.903085000000004,1.1862346708511942,0.5945945945945946,1.381079478054567,0.004258897133266261,0.1290656612590606,1.0615384615384615,0.0044207843241377475,38.64580982543641,0.5209833367619832,-0.7849462365591398,-0.6916837240268398,0.3235348387260477,1.3130009974492765,-0.0965037459864431,-0.7714481811942348,-0.3763888888888889,4.936974789915966,0.15895178350694353,0.6637012359344096,Oil & Gas Integrated,Energy,SU
2012Q1,2012,Q1,2012-03-31,2012-03-31,1457000000.0,9758000000.0,2160000000.0,0.93,5606000000.0,0.5745029719204755,75273000000.0,39692000000.0,14049000000.0,9867000000.0,35581000000.0,3716000000.0,19042000000.0,50860939080.00001,56826939080.00001,25.427290198590647,1.4238370325326848,0.14100673548284245,0.2674090496825557,0.02753500688462665,25.427290198590647,0.036707648896503076,5.21222987087518,8.726997096774195,1.2813901813967552,0.11461908030199039,1.1173304628632938,0.003283462771643342,0.1296347960091932,1.0472281341846559,0.019356210062040836,51.06519987951808,0.5745029719204755,0.021978021978021997,0.5578866245278292,0.45571932927679293,1.4652451542783187,0.04181378925850214,0.02102312543798178,0.10035659704533877,5.62243372685397,0.21542362429461145,0.6566854814061567,Oil & Gas Integrated,Energy,SU
2011Q4,2011,Q4,2011-12-31,2011-12-31,1427000000.0,10137000000.0,1963000000.0,0.91,5381000000.0,0.5308276610437013,74777000000.0,38600000000.0,14124000000.0,10310000000.0,36177000000.0,4205000000.0,17945000000.0,45917203689.0,52893203689.0,24.72773862908392,1.3699321047526674,0.14414860184281264,0.27924870466321244,0.027685987836177643,24.72773862908392,0.036968911917098446,4.529663972477064,8.044359440960056,1.1895648624093265,0.11913104414856342,1.1310344827586207,0.003702316045885989,0.13556307420730973,0.9620756547041707,0.019083407999786032,46.42791070677452,0.5308276610437013,0.1973684210526316,1.3526712135744694,0.5774308967902183,1.541409106101826,0.03301977346899597,0.10878010878010878,-0.22838050314465408,4.989033491613719,-0.15198259888236415,0.5936902400896887,Oil & Gas Integrated,Energy,SU
2011Q3,2011,Q3,2011-09-30,2011-09-30,1287000000.0,10678000000.0,2544000000.0,0.76,5209000000.0,0.487825435474808,71681000000.0,37613000000.0,13236000000.0,9636000000.0,34068000000.0,3554000000.0,16931000000.0,41509758576.00001,49187758576.00001,23.91163382072473,1.37359900373599,0.15296940611877624,0.29152154840081884,0.034867769738672554,23.91163382072473,0.03421689309547231,3.8874094939127186,8.063278666666667,1.1036013765453434,0.1320901320901321,1.5388294879009567,0.00409542251826755,0.1489655557260641,1.0047737650477377,0.01795454862515869,46.22467547438754,0.487825435474808,1.4516129032258065,0.1016410427386884,0.5146611806240796,1.5669131094517048,0.20522906062008328,1.290035587188612,1.4297994269340975,-0.1822336813592263,-0.3815803013951794,0.3447193977975137,Oil & Gas Integrated,Energy,SU
2011Q2,2011,Q2,2011-06-30,2011-06-30,562000000.0,9587000000.0,1047000000.0,0.31,4322000000.0,0.45081881714822153,69343000000.0,36789000000.0,12107000000.0,9517000000.0,32554000000.0,3724000000.0,16168000000.0,58977040220.00001,66715040220.00001,23.372935196950444,1.2721445833771146,0.15625225329160838,0.2945173829133708,0.01186878870073017,23.372935196950444,0.015276305417380195,6.151772214457078,26.23533817615659,1.6031161548288895,0.304270462633452,1.4138023630504835,0.0028994333958117366,0.13825476255714347,0.8748555216980141,0.008104639257026664,190.86420783171525,0.45081881714822153,-0.5230769230769231,-0.7309072949926825,0.37371648861598183,1.7211234714389663,-0.2024358737774497,-0.45330739299610895,-0.5417943107221006,-0.5992251875816591,-0.2875700735379961,0.6030570656770127,Oil & Gas Integrated,Energy,SU
2011Q1,2011,Q1,2011-03-31,2011-03-31,1028000000.0,9845000000.0,2285000000.0,0.65,5419000000.0,0.5504316912138141,69643000000.0,36400000000.0,13055000000.0,10414000000.0,33243000000.0,3948000000.0,15823000000.0,67883450876.0,75321450876.0,23.18471337579618,1.25360092183599,0.15655557629625375,0.29953296703296706,0.02427085103420847,23.18471337579618,0.02824175824175824,6.895221013306247,16.508621321984435,1.8649299691208792,0.14883268482490272,1.1210739614994933,0.002253863025901247,0.1413638125870511,0.8654695602074131,0.014760995362060795,74.1085708253275,0.5504316912138141,-0.24418604651162787,-0.15933225544716031,0.48884045726152187,2.1614002952887295,0.08034290271132376,-0.2402069475240207,0.5112433862433863,-0.14330357692519724,-0.03029329482122679,0.6937232788839989,Oil & Gas Integrated,Energy,SU
2010Q4,2010,Q4,2010-12-31,2010-12-31,1353000000.0,10198000000.0,1512000000.0,0.86,5016000000.0,0.49186114924495,70169000000.0,36721000000.0,10513000000.0,8526000000.0,33448000000.0,3141000000.0,16712000000.0,60091253880.0,71203253880.0,23.38917197452229,1.2330518414262257,0.1737091878179823,0.3319354048092372,0.021214475567368638,23.38917197452229,0.0368454018136761,5.892454783290841,11.103335898004435,1.6364274905367502,0.11012564671101256,1.64979305953518,0.002479562172184782,0.1453348344710627,0.8531550551254985,0.01928201912525474,-488.54677951219514,0.49186114924495,0.323076923076923,0.1358655464344998,0.6984571508099721,2.495145449830009,0.3154996066089693,0.3238747553816047,0.3987049028677151,-0.17113495458535227,0.22061357101158213,0.8650110435208509,Oil & Gas Integrated,Energy,SU
2010Q3,2010,Q3,2010-09-30,2010-09-30,1022000000.0,9223000000.0,1081000000.0,0.65,3813000000.0,0.41342296432830966,68468000000.0,35728000000.0,8963000000.0,7832000000.0,32740000000.0,3100000000.0,15515000000.0,51897233052.0,63353233052.0,22.858605246321176,1.1444075587334015,0.17605304667874044,0.33738244514106586,0.014116558914084526,22.858605246321176,0.02860501567398119,5.626936251978749,12.695017869863012,1.4525647405956112,0.15166340508806261,1.7451612903225806,0.0029866717527058345,0.13470526377285738,0.6852655771195098,0.014926681077291582,301.7280991395349,0.41342296432830966,1.0967741935483872,0.7502252060582202,0.7167035622146265,2.837173812624824,-0.07586039747939893,1.1291666666666667,0.4204993429697766,-0.11284492887856606,0.16126775665247742,0.9703809068428206,Oil & Gas Integrated,Energy,SU
2010Q2,2010,Q2,2010-06-30,2010-06-30,480000000.0,9504000000.0,761000000.0,0.31,4126000000.0,0.43413299663299665,69262000000.0,34623000000.0,9100000000.0,7677000000.0,34639000000.0,2808000000.0,14649000000.0,48709907840.00001,61886907840.00001,22.165813060179257,1.185358864139638,0.19681787993416303,0.39372671345637295,0.007644791011167805,22.165813060179257,0.013863616670999047,5.125200740740741,25.369743666666672,1.4068656049446902,0.32083333333333336,1.9152421652421652,0.0031615744481769885,0.1372180993907193,0.7403933828318353,0.006930207039935318,155.12709503184715,0.43413299663299665,-0.3260869565217392,1.5090618763150099,1.331525360337571,2.928755000970646,0.12578444747612552,-0.329608938547486,-0.10365135453474676,-0.5578563007811275,0.28723006077732827,1.0328862306834699,Oil & Gas Integrated,Energy,SU
2010Q1,2010,Q1,2010-03-31,2010-03-31,716000000.0,7502000000.0,849000000.0,0.46,3665000000.0,0.4885363902959211,68945000000.0,34273000000.0,9060000000.0,7459000000.0,34672000000.0,3019000000.0,14325000000.0,51334890212.19999,64503890212.19999,21.955797565663037,1.214640032175895,0.199738922329393,0.40180316867505034,0.01132775724816354,21.955797565663037,0.0208910804423307,6.842827274353504,17.924193509846365,1.497823073912409,0.21368715083798884,1.2709506459092414,0.0029804290876546727,0.10881137138298644,0.7226169727845556,0.010385089564145333,-65.64563965754475,0.4885363902959211,0.5862068965517243,3.2615933239231634,1.122518421584942,2.971941003418607,0.09077380952380952,0.5667396061269147,2.356230031948882,-0.2344222215772644,0.11916441978217872,1.128674472754732,Oil & Gas Integrated,Energy,SU
2009Q4,2009,Q4,2009-12-31,2009-12-31,457000000.0,8391000000.0,-626000000.0,0.29,3360000000.0,0.4004290311047551,69746000000.0,34111000000.0,8331000000.0,7848000000.0,35635000000.0,2971000000.0,13765000000.0,57996117102.0,71373117102.0,21.85201793721973,1.0615443425076452,0.1990365038855275,0.4069654950016124,-0.012290538074603233,21.85201793721973,0.013397437776670282,6.911705053271362,31.726541084245074,1.700217440180587,0.33260393873085337,1.6933692359474923,0.002620865112963886,0.12030797465087603,0.6406727828746177,0.006552347088005047,-698.7483988192771,0.4004290311047551,-0.6081081081081081,-0.20000925334928865,1.1172505658093954,3.0608770626388258,-0.06328408140507388,-0.5080731969860065,-1.4497126436781609,-0.24655168563172206,0.3057337136200772,1.2458550781927302,Oil & Gas Integrated,Energy,SU
2009Q3,2009,Q3,2009-09-30,2009-09-30,929000000.0,8443000000.0,1392000000.0,0.74,3587000000.0,0.42484898732677956,69946000000.0,33854000000.0,8238000000.0,7313000000.0,36092000000.0,2683000000.0,13465000000.0,46766381875.200005,60029381875.200005,27.126602564102566,1.1264870778066458,0.1980098933462957,0.40910970638624683,0.021548622440396223,27.126602564102566,0.027441365865185797,5.539071642212484,12.585140440043057,1.3814137731198677,0.1668460710441335,1.8099142750652255,0.0033143466264640795,0.12070740285362995,0.7101052919458498,0.013281674434563807,-23.186109011006447,0.42484898732677956,13.333333333333334,1.0048156580195844,1.6482417358457886,4.3574645193983725,1.5676449534717252,19.215686274509803,13.31858407079646,0.002285418068612569,0.5095117747052952,1.9120398990189396,Oil & Gas Integrated,Energy,SU
2009Q2,2009,Q2,2009-06-30,2009-06-30,-51000000.0,5058000000.0,-113000000.0,-0.06,1397000000.0,0.27619612495057333,34014000000.0,14204000000.0,3906000000.0,3678000000.0,19810000000.0,1290000000.0,12691000000.0,33036852818.0,42082852818.0,15.159018143009606,1.0619902120717781,0.2802081495854648,0.6710081667136018,-0.001145311239273265,15.159018143009606,-0.0035905378766544634,6.531603957690787,-161.9453569509804,2.325883752323289,-0.9215686274509803,2.837984496124031,0.0014226536728217717,0.14870347503968953,0.646547036432844,-0.001499382607161757,217.34771590789472,0.27619612495057333,0.7000000000000001,-1.2431570310127695,1.2215450510338703,2.2077549993701147,-0.16347305389221556,0.7301587301587301,-1.627906976744186,-1.0410204973884196,0.2174702169823427,0.7648429572634317,Oil & Gas Integrated,Energy,SU
2009Q1,2009,Q1,2009-03-31,2009-03-31,-189000000.0,4814000000.0,-43000000.0,-0.2,1670000000.0,0.34690486082260075,33445000000.0,14366000000.0,3352000000.0,3175000000.0,19079000000.0,1136000000.0,12789000000.0,26235162720.000004,34873162720.0,15.348290598290598,1.055748031496063,0.2711616086111526,0.6312821940693304,-0.001433012358783835,15.348290598290598,-0.01315606292635389,5.449763755712506,-34.70259619047619,1.8261981567590146,-0.24867724867724866,2.767605633802817,0.0017914887931749026,0.1439378083420541,0.6809448818897638,-0.005651068919120945,94.71177877256319,0.34690486082260075,0.1198345288914315,-1.8044353943824099,1.5892745761934675,2.3937084450506956,-0.2611520824255127,0.11888505411710096,-1.0915099635154457,-1.2592488732593827,0.22113120886273976,1.0928484058926542,Oil & Gas Integrated,Energy,SU
2008Q4,2008,Q4,2008-12-31,2008-12-31,-214500958.0,7167663828.0,469894188.0,-0.22723,2260275708.0,0.31534343158929745,32528000000.0,14523000000.0,3237000000.0,3529000000.0,18005000000.0,909000000.0,13025000000.0,22192606800.0,29418606800.0,15.51602564102564,0.9172570133182204,0.24243728480078702,0.543000757419266,0.023616720394800547,15.51602564102564,-0.014769741651174,3.0962120061080523,-25.865393570876268,1.5281007229911174,-0.2138537441870073,5.398666798679868,0.002066987146368042,0.22035365924741762,0.6537262680646075,-0.006594348192326611,18.19804807818754,0.31534343158929745,-1.264220930232558,-1.6876432980202356,3.2267646529379204,2.1690227001864324,-0.1808244598072627,-1.2630577023114344,-0.6440172579174003,-1.3020523158057657,1.00235473487466,1.3186270329599448,Oil & Gas Integrated,Energy,SU
2008Q3,2008,Q3,2008-09-30,2008-09-30,815414094.0,8946135831.0,1319991484.0,0.86,2759208005.0,0.3084245597343647,30531190121.0,14492229082.0,4550777092.0,3463913136.0,16038961039.0,1348733234.0,13287204599.0,36518081529.99999,41778886298.99999,17.78187617423313,1.3137676706451913,0.21536905967112135,0.4537241075747991,0.04464514642137755,17.78187617423313,0.056265608926426715,4.081994977480461,11.19617682558722,2.5198388269584484,0.0571553390393078,4.587213890808596,0.0012762244632624875,0.2930162825472911,0.9050399510364627,0.026707576441284575,29.72693770102666,0.3084245597343647,-0.011494252873563229,2.0582503305912887,4.809798478375725,2.849620210042353,-0.5198020216656676,-0.016900750138420913,0.13475383359348178,1.6780742967411524,2.1934487944443806,1.984965568102009,Oil & Gas Integrated,Energy,SU
2008Q2,2008,Q2,2008-06-30,2008-06-30,829432119.0,7959495217.0,1163240383.0,0.87,5745980053.0,0.721902569993089,30092611439.0,13574190922.0,5873193568.0,4023000204.0,16518420517.0,1603907999.0,12518827600.0,55154037596.0,59560713761.0,14.58022655424275,1.459903870290731,0.2177618451719776,0.48275603538030154,0.04128171973062674,14.58022655424275,0.06110361374509036,6.929338619137711,16.624035991786812,4.063154696506486,0.05343109458243683,1.3800761423847727,0.0008035216990752837,0.2644999830983263,1.0442701744889098,0.027562650077123472,47.53745575454149,0.721902569993089,0.1629927680564653,5.580709853714995,4.945139354291588,2.3608807431729564,1.3043181560263972,0.171934538497793,0.04316049478433645,6.274151330793736,2.276050522457926,1.584256117055016,Oil & Gas Integrated,Energy,SU
2008Q1,2008,Q1,2008-03-31,2008-03-31,707746117.0,5988067071.0,1115111614.0,0.74807,2493570620.0,0.4164232949354017,26434523197.0,12675650653.0,3774303055.0,3481123341.0,13758872544.0,1154202243.0,11736446868.0,45738684265.0,49640546213.0,13.68860761663067,1.0842198581552644,0.17247149472010959,0.3596818698155707,0.04502925879873308,13.68860761663067,0.05583509173412686,7.638305269911029,16.156458921624857,3.6083894639503047,0.06104651224812018,3.0276292323926803,0.0009446146668687956,0.22652449701379798,0.7369976360168273,0.026773553346342207,53.569367456743365,0.4164232949354017,-0.26659803921568626,0.8687817618414404,2.4643527957172315,2.2331592014185473,6.452199780899278,-0.26489023884806384,0.33583311334124516,6.101145198036304,1.8559656581954587,1.4763546716806184,Oil & Gas Integrated,Energy,SU
2007Q4,2007,Q4,2007-12-31,2007-12-31,962776111.0,4927744112.0,834768657.0,1.02,334608665.0,0.06790301147844992,24167000000.0,11613000000.0,2818000000.0,3097000000.0,12554000000.0,608000000.0,10791000000.0,50221169224.00001,53469169224.00001,12.541036717062635,0.9099128188569583,0.1579426490669094,0.3286833720830104,0.06115541519694773,12.541036717062635,0.08290502979419616,10.191513212242869,13.040718566395757,4.324564645139069,0.04337200261089569,7.554499090460526,0.0008314726368426456,0.2039038404435801,0.6716176945431063,0.03983846199362767,9.854208316859633,0.06790301147844992,0.4266332853126705,2.611150744829012,2.4945357116408933,2.257068779354906,-0.8762980530616297,0.42267488991580415,0.004817822547524452,1.84109650367505,1.0960353391478175,1.3305677531633302,Oil & Gas Integrated,Energy,SU
2007Q3,2007,Q3,2007-09-30,2007-09-30,676736560.0,4665606678.0,830766173.0,0.71497,2704958760.0,0.5797657082314387,22496273477.0,10651893074.0,2853025937.0,2767564345.0,11844380403.0,673755341.0,9873795091.0,42841282592.908806,45597915803.908806,11.601109799093598,1.0308797127533451,0.1543864298925281,0.3260565351033677,0.04330074267077118,11.601109799093598,0.06353204592823347,9.18236052664292,15.826425349662209,4.021940728777992,0.06304584164922315,2.9100294998626217,0.0009958951604091817,0.20739464617417977,0.747217234799287,0.030082162749838978,-13.351468154279031,0.5797657082314387,0.027713493078813788,2.586600036607054,2.715455993379242,2.2241297704676994,0.031347728216524484,0.056068164829074424,0.1379198962696389,0.9850236953798998,0.9890984759812268,1.2912022980915796,Oil & Gas Integrated,Energy,SU
2007Q2,2007,Q2,2007-06-30,2007-06-30,640807651.0,4358129649.0,730074389.0,0.69569,2622741764.0,0.6018044379661364,21229543039.0,10053134963.0,2804463337.0,2651434644.0,11176408077.0,622741764.0,9243358130.0,44126846240.0,46333009897.0,10.903617096529285,1.0577154309069214,0.1487710867915493,0.3141649049400114,0.04478783940819282,10.903617096529285,0.06374207183713902,10.125179789023758,17.2153243532356,4.389361766494371,0.06887571790243809,2.786689419789741,0.0010002094135608455,0.20528607897936582,0.7843687373951352,0.030184712399263434,18.144456323244626,0.6018044379661364,0.1886853706045177,1.7214850807795943,2.363212737354941,2.1958262736310887,1.3114244506825148,0.16256986389071038,-0.06756920355626485,2.1049385831691354,0.9452934095145836,1.3072821684521883,Oil & Gas Integrated,Energy,SU
2007Q1,2007,Q1,2007-03-31,2007-03-31,551199262.0,3950645756.0,782979704.0,0.58526,1134686346.0,0.2872154113733704,19754381919.0,9489160517.0,2325876384.0,2247463100.0,10265221402.0,599630996.0,8648523985.0,40540170300.0,42817614950.0,10.314304909782608,1.0348896869541484,0.13898779993512386,0.28934256903771166,0.045051837827378045,10.314304909782608,0.058087252398409395,10.261656651556283,18.387257156741256,4.272260989512356,0.06066945532303706,4.6961538492583195,0.0008248845220070524,0.19998832523331048,0.7393535146361246,0.027902632654370724,-95.0173938757436,0.2872154113733704,0.5401578947368421,4.992987850835855,2.6445754879260175,2.230150773395568,-0.5602682553879421,0.5419169006215855,0.3051743181830161,1.3868548837405479,1.1618628168208998,1.2806281554934593,Oil & Gas Integrated,Energy,SU
