Quarters,Year,Quarter,FillingDate,Date,NetIncome,Revenue,OperatingIncome,EPSDiluted,GrossProfit,GrossProfitRatio,TotalAssets,CommonStockEquity,CurrentAssets,CurrentLiability,TotalLiability,Inventory,RetainedEarnings,MarketCap,EnterpriseValue,bookValuePerShare,currentRatio,debtToAssets,debtToEquity,roic,shareholdersEquityPerShare,roe,priceToSalesRatio,peRatio,pbRatio,payoutRatio,inventoryTurnover,dividendYield,assetTurnover,quickRatio,returnOnAssets,priceToFreeCashFlowsRatio,grossProfitMargin,epsdilutedGrowth,fiveYNetIncomeGrowthPerShare,fiveYRevenueGrowthPerShare,fiveYShareholdersEquityGrowthPerShare,grossProfitGrowth,netIncomeGrowth,operatingIncomeGrowth,threeYNetIncomeGrowthPerShare,threeYRevenueGrowthPerShare,threeYShareholdersEquityGrowthPerShare,Industry,Sector,Symbol
2023Q1,2023,Q1,2023-05-03,2023-03-31,64079000.0,169116000.0,137675000.0,1.08,169116000.0,1.0,18178908000.0,2122448000.0,2005541000.0,11979000.0,16056460000.0,0.0,1057298000.0,1427772820.0,1924148820.0,35.70680170252856,167.42140412388346,0.053627478614226995,0.45932291391826796,0.03777757222028946,35.70680170252856,0.030191081242037496,8.442564984980724,5.570361662947299,0.672700966054292,0.30517018055837325,0.0,0.01369615650758781,0.009302869017214896,196.86417897988147,0.0035249091969660664,18.338400143853477,1.0,0.0,0.0,0.0,0.0,-0.02304946102388132,-0.09441775014132278,0.0975979208023407,0.0,0.0,0.0,Banks—Regional,Financial Services,FRMEP
2022Q4,2022,Q4,2023-03-01,2022-12-31,70760000.0,173106000.0,125433000.0,0.0,173106000.0,1.0,17938306000.0,2034770000.0,4832791000.0,7530000.0,15903536000.0,0.0,1012774000.0,0.0,726317000.0,0.0,641.8049136786188,0.0543513975065427,0.47915587511119195,0.03535638580921057,0.0,0.034775429163984135,0.0,0.0,0.0,0.2759751271905031,0.0,,0.009650075096277208,669.8435590969456,0.003944631115111985,0.0,1.0,-1.0,0.0,0.0,0.0,0.018732013912183754,0.10992596310703978,0.2987874959876575,0.0,0.0,0.0,Banks—Regional,Financial Services,FRMEP
2022Q3,2022,Q3,2022-11-09,2022-09-30,63752000.0,169923000.0,96577000.0,1.07,169923000.0,1.0,17718985000.0,1906666000.0,2175109000.0,4971000.0,15812319000.0,0.0,961542000.0,1495342859.339,1991287859.339,32.131751461939025,437.55964594648964,0.044871080369445544,0.4169949010471682,0.030986424232853773,32.131751461939025,0.03343637532740396,8.800120403588684,5.863905678798312,0.7842710046431836,0.30620215836365916,0.0,0.013054531192016421,0.009589883393433652,473.6877891772279,0.0035979487538366334,30.13588995040306,1.0,0.6984126984126985,0.0,0.0,0.0,0.08273968063821381,0.6350439845092457,0.7213003725025398,0.0,0.0,0.0,Banks—Regional,Financial Services,FRMEP
2022Q2,2022,Q2,2022-08-09,2022-06-30,38991000.0,156938000.0,56107000.0,0.63,156938000.0,1.0,17780492000.0,1977641000.0,2714340000.0,2978000.0,15802851000.0,0.0,917311000.0,1529494012.0,1930397012.0,33.34526539421326,911.4640698455339,0.04219028359845161,0.3793226374250938,0.018707451026178944,33.34526539421326,0.01971591406124772,9.74584875555952,9.806711882229234,0.7733931547737938,0.5000641173604166,0.0,0.012748006757152312,0.008826414927101005,911.4640698455339,0.0021929089476264213,34.10775398612938,1.0,0.0,0.0,0.0,0.0,0.2243850300755986,-0.1974848721854032,-0.1289626478715807,0.0,0.0,0.0,Banks—Regional,Financial Services,FRMEP
2022Q1,2022,Q1,2022-05-10,2022-03-31,48586000.0,128177000.0,64414000.0,0.0,128177000.0,1.0,15465258000.0,1807633000.0,2763817000.0,3589000.0,13657625000.0,0.0,897818000.0,0.0,-115902000.0,0.0,770.0799665645027,0.027651462393967173,0.23657291054102242,0.02506817374119021,0.0,0.02687824353726669,0.0,0.0,0.0,0.32122422096900344,0.0,,0.008288060891063053,770.0799665645027,0.0031416223382758957,0.0,1.0,0.0,0.0,0.0,0.0,0.008314977973568283,0.017870236523998072,0.01592959434735979,0.0,0.0,0.0,Banks—Regional,Financial Services,FRMEP
2021Q4,2021,Q4,2022-03-01,2021-12-31,47733000.0,127120000.0,63404000.0,0.0,127120000.0,1.0,15453149000.0,1912571000.0,3043038000.0,2762000.0,13540578000.0,0.0,864839000.0,0.0,-188627000.0,0.0,1101.7516292541636,0.029293252786212053,0.23668297804369093,0.0233991005499896,0.0,0.024957504845571746,0.0,0.0,0.0,0.3272788217794817,0.0,,0.008226155070400214,1101.7516292541636,0.0030888849903666885,0.0,1.0,0.0,0.0,0.0,0.0,-0.045760269036752343,-0.0954519613416714,0.0,0.0,0.0,0.0,Banks—Regional,Financial Services,FRMEP
2021Q3,2021,Q3,2021-11-03,2021-09-30,52770000.0,133216000.0,0.0,0.0,133216000.0,1.0,15060725000.0,1868090000.0,0.0,0.0,13192635000.0,0.0,832728000.0,0.0,-86001000.0,0.0,0.0,0.030058778710852233,0.24233682531355555,0.0,0.0,0.028248103678088315,0.0,0.0,0.0,0.2976691301876066,0.0,,0.008845258113404236,0.0,0.0035038153873734497,0.0,1.0,0.0,0.0,0.0,0.0,-0.014295439074200136,-0.05019888766896453,0.0,0.0,0.0,0.0,Banks—Regional,Financial Services,FRMEP
2021Q2,2021,Q2,2021-08-09,2021-06-30,55559000.0,135148000.0,0.0,0.0,135148000.0,1.0,14923097000.0,1871800000.0,0.0,0.0,13051297000.0,0.0,795666000.0,0.0,-153718000.0,0.0,0.0,0.030338273617064877,0.24187466609680522,0.0,0.0,0.02968212415856395,0.0,0.0,0.0,0.2838424017710902,0.0,,0.009056297094363187,0.0,0.0037230207643895903,0.0,1.0,0.0,0.0,0.0,0.0,0.0853604670773135,0.12310740059431159,0.0,0.0,0.0,0.0,Banks—Regional,Financial Services,FRMEP
2021Q1,2021,Q1,2021-05-10,2021-03-31,49469000.0,124519000.0,0.0,0.0,124519000.0,1.0,14629066000.0,1805856000.0,0.0,0.0,12823210000.0,0.0,755877000.0,0.0,-102931000.0,0.0,0.0,0.032659364582810685,0.26457037548951856,0.0,0.0,0.02739365708007726,0.0,0.0,0.0,0.2856334269946835,0.0,,0.008511753245217432,0.0,0.003381555596235604,0.0,1.0,0.0,0.0,0.0,0.0,-0.04064132394409603,0.09602304198515564,0.0,0.0,0.0,0.0,Banks—Regional,Financial Services,FRMEP
2020Q4,2020,Q4,2020-12-31,2020-12-31,45135000.0,129794000.0,0.0,0.0,129794000.0,1.0,14067210000.0,1875645000.0,0.0,0.0,12191565000.0,0.0,788578000.0,0.0,-77391000.0,0.0,0.0,0.03609884262764258,0.27073886583015444,0.0,0.0,0.024063722079604617,0.0,0.0,0.0,0.3125512351833389,0.0,,0.009226705224419056,0.0,0.0032085253579067917,0.0,1.0,0.0,0.0,0.0,0.0,0.0899365154008935,0.24647887323943662,0.0,0.0,0.0,0.0,Banks—Regional,Financial Services,FRMEP
2020Q3,2020,Q3,2020-09-30,2020-09-30,36210000.0,119084000.0,0.0,0.0,119084000.0,1.0,13737350000.0,1833656000.0,0.0,0.0,11903694000.0,0.0,757550000.0,0.0,79274000.0,0.0,0.0,0.03769591660691472,0.2824095686431915,0.0,0.0,0.01974743354260559,0.0,0.0,0.0,0.38936757801712235,0.0,,0.008668629684764529,0.0,0.0026358795546448186,0.0,1.0,0.0,0.0,0.0,0.0,-0.003472832408639403,0.09753879728419011,0.0,0.0,0.0,0.0,Banks—Regional,Financial Services,FRMEP
2020Q2,2020,Q2,2020-06-30,2020-06-30,32992000.0,119499000.0,0.0,0.0,119499000.0,1.0,13819378000.0,1809095000.0,0.0,0.0,12010283000.0,0.0,735439000.0,0.0,76234000.0,0.0,0.0,0.04964145274845221,0.3792028610990578,0.0,0.0,0.01823674268073263,0.0,0.0,0.0,0.4264973326867119,0.0,,0.008647205395206643,0.0,0.00238737228260201,0.0,1.0,0.0,0.0,0.0,0.0,-0.03377373136259258,-0.03709540904182354,0.0,0.0,0.0,0.0,Banks—Regional,Financial Services,FRMEP
2020Q1,2020,Q1,2020-03-31,2020-03-31,34263000.0,123676000.0,0.0,0.0,123676000.0,1.0,12693518000.0,1777960000.0,0.0,0.0,10915558000.0,0.0,716518000.0,0.0,349061000.0,0.0,0.0,0.04803522553794779,0.34294134851177754,0.0,0.0,0.019270962226371795,0.0,0.0,0.0,0.4163383241397426,0.0,,0.009743240605165565,0.0,0.0026992516968109234,0.0,1.0,0.0,0.0,0.0,0.0,0.015160593947253938,-0.28365042860129625,0.0,0.0,0.0,0.0,Banks—Regional,Financial Services,FRMEP
2019Q4,2019,Q4,2019-12-31,2019-12-31,47830000.0,121829000.0,0.0,0.0,121829000.0,1.0,12457254000.0,1786437000.0,0.0,0.0,10670817000.0,0.0,696520000.0,0.0,194293000.0,0.0,0.0,0.03931500473539353,0.27415296481208123,0.0,0.0,0.026773964041273215,0.0,0.0,0.0,0.3028015889609032,0.0,,0.009779763662200354,0.0,0.003839529963826699,0.0,1.0,0.0,0.0,0.0,0.0,0.0970841437936748,0.3012487417362679,0.0,0.0,0.0,0.0,Banks—Regional,Financial Services,FRMEP
2019Q3,2019,Q3,2019-09-30,2019-09-30,36757000.0,111048000.0,0.0,0.0,111048000.0,1.0,12325061000.0,1749012000.0,0.0,0.0,10576049000.0,0.0,663173000.0,0.0,60755000.0,0.0,0.0,0.04001919341413401,0.28201007197206196,0.0,0.0,0.021015864956901383,0.0,0.0,0.0,0.3522050221726474,0.0,,0.009009935123241986,0.0,0.0029822976129692176,0.0,1.0,0.0,0.0,0.0,0.0,0.03888036522845489,-0.10471063912704598,0.0,0.0,0.0,0.0,Banks—Regional,Financial Services,FRMEP
2019Q2,2019,Q2,2019-06-30,2019-06-30,41056000.0,106892000.0,0.0,0.0,106892000.0,1.0,10737857000.0,1501636000.0,0.0,0.0,9236221000.0,0.0,639362000.0,0.0,340817000.0,0.0,0.0,0.05574818141087184,0.39864254719519243,0.0,0.0,0.027340846916296627,0.0,0.0,0.0,0.3145459859703819,0.0,,0.009954686489119756,0.0,0.0038234817245191475,0.0,1.0,0.0,0.0,0.0,0.0,0.03198524797497562,0.05768091300203519,0.0,0.0,0.0,0.0,Banks—Regional,Financial Services,FRMEP
2019Q1,2019,Q1,2019-03-31,2019-03-31,38817000.0,103579000.0,0.0,0.0,103579000.0,1.0,10210925000.0,1455848000.0,0.0,0.0,8755077000.0,0.0,611220000.0,0.0,296982000.0,0.0,0.0,0.047354377786537456,0.3321308268445607,0.0,0.0,0.026662810952791775,0.0,0.0,0.0,0.2816549449983255,0.0,,0.010143938967331559,0.0,0.0038015165129505896,0.0,1.0,0.0,0.0,0.0,0.0,-0.03255062392587611,-0.06942679740128976,0.0,0.0,0.0,0.0,Banks—Regional,Financial Services,FRMEP
2018Q4,2018,Q4,2018-12-31,2018-12-31,41713000.0,107064000.0,0.0,0.0,107064000.0,1.0,9884716000.0,1408260000.0,0.0,0.0,8476456000.0,0.0,583336000.0,0.0,277239000.0,0.0,0.0,0.04587375095045725,0.32199238776930394,0.0,0.0,0.02962024058057461,0.0,0.0,0.0,0.26198067748663484,0.0,,0.01083126718056442,0.0,0.0042199492630845435,0.0,1.0,0.0,0.0,0.0,0.0,0.0099138784866007,0.014593924062948458,0.0,0.0,0.0,0.0,Banks—Regional,Financial Services,FRMEP
2018Q3,2018,Q3,2018-09-30,2018-09-30,41113000.0,106013000.0,0.0,0.0,106013000.0,1.0,9787282000.0,1361426000.0,0.0,0.0,8425856000.0,0.0,552551000.0,0.0,314602000.0,0.0,0.0,0.05352517685706818,0.3847921223775659,0.0,0.0,0.03019848306114324,0.0,0.0,0.0,0.26570671077274827,0.0,,0.010831709968099417,0.0,0.004200655503744553,0.0,1.0,0.0,0.0,0.0,0.0,0.031636207936785975,0.03731644547610637,0.0,0.0,0.0,0.0,Banks—Regional,Financial Services,FRMEP
2018Q2,2018,Q2,2018-06-30,2018-06-30,39634000.0,102762000.0,0.0,0.0,102762000.0,1.0,9734715000.0,1340328000.0,0.0,0.0,8394387000.0,0.0,522362000.0,0.0,437121000.0,0.0,0.0,0.06241713291041392,0.4533315725702962,0.0,0.0,0.02957037381894581,0.0,0.0,0.0,0.2749154766109906,0.0,,0.010556241245891636,0.0,0.004071408356587738,0.0,1.0,0.0,0.0,0.0,0.0,0.03302270876685063,0.08056381035469887,0.0,0.0,0.0,0.0,Banks—Regional,Financial Services,FRMEP
2018Q1,2018,Q1,2018-03-31,2018-03-31,36679000.0,99477000.0,0.0,0.0,99477000.0,1.0,9472796000.0,1313073000.0,0.0,0.0,8159723000.0,0.0,493624000.0,0.0,434655000.0,0.0,0.0,0.062042505718480585,0.4475882148212628,0.0,0.0,0.027933709702354707,0.0,0.0,0.0,0.2429728182338668,0.0,,0.010501334558455602,0.0,0.003872035247037939,0.0,1.0,0.0,0.0,0.0,0.0,0.016876903890581236,0.5042857728745438,0.0,0.0,0.0,0.0,Banks—Regional,Financial Services,FRMEP
2017Q4,2017,Q4,2017-12-31,2017-12-31,24383000.0,97826000.0,0.0,0.0,97826000.0,1.0,9367478000.0,1303463000.0,0.0,0.0,8064015000.0,0.0,465231000.0,0.0,363794000.0,0.0,0.0,0.05911153460942209,0.42481144459029524,0.0,0.0,0.018706323079366274,0.0,0.0,0.0,0.3654595414838207,0.0,,0.010443152361820331,0.0,0.0026029417950060836,0.0,1.0,0.0,0.0,0.0,0.0,0.05089807493984187,0.001026356843747434,0.0,0.0,0.0,0.0,Banks—Regional,Financial Services,FRMEP
2017Q3,2017,Q3,2017-09-30,2017-09-30,24358000.0,93088000.0,0.0,0.0,93088000.0,1.0,9049403000.0,1283120000.0,0.0,0.0,7766283000.0,0.0,449759000.0,0.0,326949000.0,0.0,0.0,0.06039138714454423,0.4259196333936031,0.0,0.0,0.0189834154249018,0.0,0.0,0.0,0.3657114705640857,0.0,,0.010286645428433236,0.0,0.0026916692736526377,0.0,1.0,0.0,0.0,0.0,0.0,0.14170775382049206,0.009197878687437853,0.0,0.0,0.0,0.0,Banks—Regional,Financial Services,FRMEP
2017Q2,2017,Q2,2017-06-30,2017-06-30,24136000.0,81534000.0,0.0,0.0,81534000.0,1.0,7805029000.0,1035116000.0,0.0,0.0,6769913000.0,0.0,434309000.0,0.0,250502000.0,0.0,0.0,0.056560584207951056,0.42648070361196233,0.0,0.0,0.023317193435325123,0.0,0.0,0.0,0.3235830294995028,0.0,,0.010446341711222341,0.0,0.0030923651917244637,0.0,1.0,0.0,0.0,0.0,0.0,0.075008240490474,0.04065881947139223,0.0,0.0,0.0,0.0,Banks—Regional,Financial Services,FRMEP
2017Q1,2017,Q1,2017-03-31,2017-03-31,23193000.0,75845000.0,0.0,0.0,75845000.0,1.0,7326193000.0,929470000.0,0.0,0.0,6396723000.0,0.0,417983000.0,0.0,343095000.0,0.0,0.0,0.06385048824130077,0.5032771364325906,0.0,0.0,0.02495293016450235,0.0,0.0,0.0,0.2669339887034881,0.0,,0.010352580119033172,0.0,0.0031657642652875785,0.0,1.0,0.0,0.0,0.0,0.0,0.018135688780304453,0.04037141703673799,0.0,0.0,0.0,0.0,Banks—Regional,Financial Services,FRMEP
2016Q4,2016,Q4,2016-12-31,2016-12-31,22293000.0,74494000.0,0.0,0.0,74494000.0,1.0,7211611000.0,901657000.0,0.0,0.0,6309954000.0,0.0,400981000.0,0.0,274982000.0,0.0,0.0,0.05926109991234968,0.47398068223282247,0.0,0.0,0.0247244794861017,0.0,0.0,0.0,0.2772170636522675,0.0,,0.010329730763348161,0.0,0.0030912649059967323,0.0,1.0,0.0,0.0,0.0,0.0,-0.000657338717250446,0.058597274324516835,0.0,0.0,0.0,0.0,Banks—Regional,Financial Services,FRMEP
2016Q3,2016,Q3,2016-09-30,2016-09-30,21059000.0,74543000.0,0.0,0.0,74543000.0,1.0,7022352000.0,900865000.0,0.0,0.0,6121487000.0,0.0,384868000.0,0.0,291905000.0,0.0,0.0,0.06056517816253016,0.47211291369961095,0.0,0.0,0.023376421550398783,0.0,0.0,0.0,0.27346977539294365,0.0,,0.01061510445503159,0.0,0.002998852806011433,0.0,1.0,0.0,0.0,0.0,0.0,0.03035371197147083,0.05263420973707888,0.0,0.0,0.0,0.0,Banks—Regional,Financial Services,FRMEP
2016Q2,2016,Q2,2016-06-30,2016-06-30,20006000.0,72347000.0,0.0,0.0,72347000.0,1.0,6906418000.0,887550000.0,0.0,0.0,6018868000.0,0.0,369568000.0,0.0,213253000.0,0.0,0.0,0.05737518348874916,0.4464616077967438,0.0,0.0,0.022540701932285506,0.0,0.0,0.0,0.2876637008897331,0.0,,0.010475328889737054,0.0,0.0028967259149388293,0.0,1.0,0.0,0.0,0.0,0.0,0.02219678987227309,0.13072966709998304,0.0,0.0,0.0,0.0,Banks—Regional,Financial Services,FRMEP
2016Q1,2016,Q1,2016-03-31,2016-03-31,17693000.0,70776000.0,0.0,0.0,70776000.0,1.0,6798539000.0,867263000.0,0.0,0.0,5931276000.0,0.0,355317000.0,0.0,227920000.0,0.0,0.0,0.05752868373631452,0.4509716199122988,0.0,0.0,0.020400962568448096,0.0,0.0,0.0,0.2548465494828463,0.0,,0.010410472014649029,0.0,0.0026024709132359174,0.0,1.0,0.0,0.0,0.0,0.0,0.11298768693683069,0.24800733582563306,0.0,0.0,0.0,0.0,Banks—Regional,Financial Services,FRMEP
2015Q4,2015,Q4,2015-12-31,2015-12-31,14177000.0,63591000.0,0.0,0.0,63591000.0,1.0,6761003000.0,850509000.0,0.0,0.0,5910494000.0,0.0,342133000.0,0.0,229013000.0,0.0,0.0,0.05376391638932863,0.42738877542742054,0.0,0.0,0.016668841834713094,0.0,0.0,0.0,0.29667771742963955,0.0,,0.009405557134052448,0.0,0.0020968782294579665,0.0,1.0,0.0,0.0,0.0,0.0,-0.0540150545952218,-0.169332630222066,0.0,0.0,0.0,0.0,Banks—Regional,Financial Services,FRMEP
2015Q3,2015,Q3,2015-09-30,2015-09-30,17067000.0,67222000.0,0.0,0.0,67222000.0,1.0,6189797000.0,766984000.0,0.0,0.0,5422813000.0,0.0,332162000.0,0.0,248004000.0,0.0,0.0,0.0581266235387041,0.46909974653969316,0.0,0.0,0.02225209391590959,0.0,0.0,0.0,0.24620612878654713,0.0,,0.010860129984876725,0.0,0.0027572794390510707,0.0,1.0,0.0,0.0,0.0,0.0,0.027875043960916834,-0.050144701691896706,0.0,0.0,0.0,0.0,Banks—Regional,Financial Services,FRMEP
2015Q2,2015,Q2,2015-06-30,2015-06-30,17968000.0,65399000.0,0.0,0.0,65399000.0,1.0,6140308000.0,749955000.0,0.0,0.0,5390353000.0,0.0,319298000.0,0.0,241972000.0,0.0,0.0,0.061001663108756106,0.4994553006513724,0.0,0.0,0.023958770859584907,0.0,0.0,0.0,0.23358192341941228,0.0,,0.01065076865851029,0.0,0.0029262375763561047,0.0,1.0,0.0,0.0,0.0,0.0,0.034663333755220856,0.11105614642592135,0.0,0.0,0.0,0.0,Banks—Regional,Financial Services,FRMEP
2015Q1,2015,Q1,2015-03-31,2015-03-31,16172000.0,63208000.0,0.0,0.0,63208000.0,1.0,5877521000.0,739658000.0,0.0,0.0,5137863000.0,0.0,305526000.0,0.0,120730000.0,0.0,0.0,0.04988514715642871,0.39640076900405324,0.0,0.0,0.02186415884097786,0.0,0.0,0.0,0.18853574078654464,0.0,,0.010754193817427449,0.0,0.0027515001647803556,0.0,1.0,0.0,0.0,0.0,0.0,-0.0032484940234017725,0.059764089121887284,0.0,0.0,0.0,0.0,Banks—Regional,Financial Services,FRMEP
2014Q4,2014,Q4,2014-12-31,2014-12-31,15260000.0,63414000.0,0.0,0.0,63414000.0,1.0,5824127000.0,726827000.0,0.0,0.0,5097300000.0,0.0,292403000.0,0.0,105938000.0,0.0,0.0,0.04671498406542302,0.3743311682147196,0.0,0.0,0.02099536753587855,0.0,0.0,0.0,0.19947575360419398,0.0,,0.010888155426555773,0.0,0.0026201351721897546,0.0,1.0,0.0,0.0,0.0,0.0,-0.04150544135429263,-0.053467311747922096,0.0,0.0,0.0,0.0,Banks—Regional,Financial Services,FRMEP
2014Q3,2014,Q3,2014-09-30,2014-09-30,16122000.0,66160000.0,0.0,0.0,66160000.0,1.0,5591383000.0,684553000.0,0.0,0.0,4906830000.0,0.0,280187000.0,0.0,283889000.0,0.0,0.0,0.06837252965858358,0.5584622374016329,0.0,0.0,0.02355113482812872,0.0,0.0,0.0,0.18080883265103584,0.0,,0.011832492962832272,0.0,0.0028833653498606697,0.0,1.0,0.0,0.0,0.0,0.0,0.06620253980532456,0.06345646437994723,0.0,0.0,0.0,0.0,Banks—Regional,Financial Services,FRMEP
2014Q2,2014,Q2,2014-06-30,2014-06-30,15160000.0,62052000.0,0.0,0.0,62052000.0,1.0,5615120000.0,670596000.0,0.0,0.0,4944524000.0,0.0,266980000.0,0.0,203892000.0,0.0,0.0,0.06191123252931371,0.51840303252629,0.0,0.0,0.022606755781424286,0.0,0.0,0.0,0.19228232189973615,0.0,,0.01105087691803559,0.0,0.0026998532533587883,0.0,1.0,0.0,0.0,0.0,0.0,0.015946822096335835,0.1130690161527166,0.0,0.0,0.0,0.0,Banks—Regional,Financial Services,FRMEP
2014Q1,2014,Q1,2014-03-31,2014-03-31,13620000.0,61078000.0,0.0,0.0,61078000.0,1.0,5452936000.0,652111000.0,0.0,0.0,4800825000.0,0.0,254735000.0,0.0,148061000.0,0.0,0.0,0.05466027842615428,0.45706789181596386,0.0,0.0,0.020886014804228116,0.0,0.0,0.0,0.13362701908957417,0.0,,0.011200938356877837,0.0,0.0024977369989304843,0.0,1.0,0.0,0.0,0.0,0.0,0.08664247082265869,0.18983139687254302,0.0,0.0,0.0,0.0,Banks—Regional,Financial Services,FRMEP
2013Q4,2013,Q4,2013-12-31,2013-12-31,11447000.0,56208000.0,0.0,0.0,56208000.0,1.0,5437262000.0,634923000.0,0.0,0.0,4802339000.0,0.0,242935000.0,0.0,84444000.0,0.0,0.0,0.04578536035232439,0.3920900644645099,0.0,0.0,0.01802895784213204,0.0,0.0,0.0,0.1797850965318424,0.0,,0.010337555924286894,0.0,0.0021052875509769437,0.0,1.0,0.0,0.0,0.0,0.0,0.15128425709721027,0.10035566663462463,0.0,0.0,0.0,0.0,Banks—Regional,Financial Services,FRMEP
2013Q3,2013,Q3,2013-09-30,2013-09-30,10403000.0,48822000.0,0.0,0.0,48822000.0,1.0,4325911000.0,513469000.0,0.0,0.0,3812442000.0,0.0,233546000.0,0.0,172925000.0,0.0,0.0,0.0656835057401782,0.5533751794168684,0.0,0.0,0.020260229926246764,0.0,0.0,0.0,0.1817744881284245,0.0,,0.011285946474626963,0.0,0.002404811379614606,0.0,1.0,0.0,0.0,0.0,0.0,-0.03721232917233627,-0.0380952380952381,0.0,0.0,0.0,0.0,Banks—Regional,Financial Services,FRMEP
2013Q2,2013,Q2,2013-06-30,2013-06-30,10815000.0,50709000.0,0.0,0.0,50709000.0,1.0,4338264000.0,539293000.0,0.0,0.0,3798971000.0,0.0,225034000.0,0.0,75219000.0,0.0,0.0,0.04714351178259322,0.3792391149152687,0.0,0.0,0.020054033707094288,0.0,0.0,0.0,0.21368469717984281,0.0,,0.011688776893245777,0.0,0.002492932656933741,0.0,1.0,0.0,0.0,0.0,0.0,-0.04923596137620699,-0.08849557522123894,0.0,0.0,0.0,0.0,Banks—Regional,Financial Services,FRMEP
2013Q1,2013,Q1,2013-03-31,2013-03-31,11865000.0,53335000.0,0.0,0.0,53335000.0,1.0,4252830000.0,538558000.0,0.0,0.0,3714272000.0,0.0,216530000.0,0.0,92948000.0,0.0,0.0,0.04819073416995271,0.3805476847433331,0.0,0.0,0.022031053294167015,0.0,0.0,0.0,0.1459755583649389,0.0,,0.012541060893569694,0.0,0.0027899069560739557,0.0,1.0,0.0,0.0,0.0,0.0,0.01646623849364411,0.15082444228903977,0.0,0.0,0.0,0.0,Banks—Regional,Financial Services,FRMEP
2012Q4,2012,Q4,2012-12-31,2012-12-31,10310000.0,52471000.0,0.0,0.0,52471000.0,1.0,4304821000.0,552236000.0,0.0,0.0,3752585000.0,0.0,206397000.0,0.0,66496000.0,0.0,0.0,0.047946012157067626,0.3737514396019093,0.0,0.0,0.01866955432097871,0.0,0.0,0.0,0.19466537342386034,0.0,,0.01218889240690844,0.0,0.0023949892457781636,0.0,1.0,0.0,0.0,0.0,0.0,-0.03145362251961237,-0.08241367034531862,0.0,0.0,0.0,0.0,Banks—Regional,Financial Services,FRMEP
2012Q3,2012,Q3,2012-09-30,2012-09-30,11236000.0,54175000.0,0.0,0.0,54175000.0,1.0,4250168000.0,546855000.0,0.0,0.0,3703313000.0,0.0,198094000.0,0.0,165285000.0,0.0,0.0,0.060617839106595316,0.4711230582147004,0.0,0.0,0.020546579989211035,0.0,0.0,0.0,0.1784442862228551,0.0,,0.012746554959709827,0.0,0.0026436602035496007,0.0,1.0,0.0,0.0,0.0,0.0,0.05773360927798821,0.22064095600217273,0.0,0.0,0.0,0.0,Banks—Regional,Financial Services,FRMEP
2012Q2,2012,Q2,2012-06-30,2012-06-30,9205000.0,51218000.0,0.0,0.0,51218000.0,1.0,4232423000.0,535676000.0,0.0,0.0,3696747000.0,0.0,188863000.0,0.0,102545000.0,0.0,0.0,0.05027805585594824,0.3972513235612572,0.0,0.0,0.017183894742344254,0.0,0.0,0.0,0.21792504073872895,0.0,,0.012101342422531964,0.0,0.0021748771330275824,0.0,1.0,0.0,0.0,0.0,0.0,-0.12856024772858748,-0.3594739405747686,0.0,0.0,0.0,0.0,Banks—Regional,Financial Services,FRMEP
2012Q1,2012,Q1,2012-03-31,2012-03-31,14371000.0,58774000.0,0.0,0.0,58774000.0,1.0,4236366000.0,527941000.0,0.0,0.0,3708425000.0,0.0,181664000.0,0.0,291492000.0,0.0,0.0,0.09129829670052116,0.7326064844367078,0.0,0.0,0.027220844753485712,0.0,0.0,0.0,0.09908844200125252,0.0,,0.013873683246442824,0.0,0.003392294244642696,0.0,1.0,0.0,0.0,0.0,0.0,0.19578441944212732,0.9006745139531808,0.0,0.0,0.0,0.0,Banks—Regional,Financial Services,FRMEP
2011Q4,2011,Q4,2011-12-31,2011-12-31,7561000.0,49151000.0,0.0,0.0,49151000.0,1.0,4173076000.0,514467000.0,0.0,0.0,3658609000.0,0.0,168717000.0,0.0,206906000.0,0.0,0.0,0.07981378723991607,0.647405956067153,0.0,0.0,0.014696763835192538,0.0,0.0,0.0,0.1883348763391086,0.0,,0.011778122420967171,0.0,0.0018118529353407414,0.0,1.0,0.0,0.0,0.0,0.0,0.0014262138098245756,0.12147730643725897,0.0,0.0,0.0,0.0,Banks—Regional,Financial Services,FRMEP
2011Q3,2011,Q3,2011-09-30,2011-09-30,6742000.0,49081000.0,0.0,0.0,49081000.0,1.0,4118509000.0,512545000.0,0.0,0.0,3605964000.0,0.0,162669000.0,0.0,287444000.0,0.0,0.0,0.08831472748997271,0.7096450067798925,0.0,0.0,0.013153966968753964,0.0,0.0,0.0,0.15529516463957282,0.0,,0.011917176822971614,0.0,0.0016370001862324448,0.0,1.0,0.0,0.0,0.0,0.0,0.046324720729939456,0.22849854227405247,0.0,0.0,0.0,0.0,Banks—Regional,Financial Services,FRMEP
2011Q2,2011,Q2,2011-06-30,2011-06-30,5488000.0,46908000.0,0.0,0.0,46908000.0,1.0,4094218000.0,468478000.0,0.0,0.0,3625740000.0,0.0,169313000.0,0.0,233891000.0,0.0,0.0,0.07342794155074302,0.6417163666170023,0.0,0.0,0.011714530885121607,0.0,0.0,0.0,0.20590379008746357,0.0,,0.011457132961654704,0.0,0.0013404269142483374,0.0,1.0,0.0,0.0,0.0,0.0,-0.01732481407772075,0.004944149423182567,0.0,0.0,0.0,0.0,Banks—Regional,Financial Services,FRMEP
2011Q1,2011,Q1,2011-03-31,2011-03-31,5461000.0,47735000.0,0.0,0.0,47735000.0,1.0,4117175000.0,462522000.0,0.0,0.0,3654653000.0,0.0,165075000.0,0.0,224971000.0,0.0,0.0,0.08041849083412778,0.715851354097751,0.0,0.0,0.011807005937014888,0.0,0.0,0.0,0.20655557590184948,0.0,,0.011594114896743519,0.0,0.0013263949188460533,0.0,1.0,0.0,0.0,0.0,0.0,-0.027523122682638634,0.3547506822128504,0.0,0.0,0.0,0.0,Banks—Regional,Financial Services,FRMEP
2010Q4,2010,Q4,2010-12-31,2010-12-31,4031000.0,49086000.0,0.0,0.0,49086000.0,1.0,4170848000.0,454408000.0,0.0,0.0,3716440000.0,0.0,160860000.0,0.0,193064000.0,0.0,0.0,0.07411538373011915,0.6802785162233059,0.0,0.0,0.008870882554884597,0.0,0.0,0.0,0.17216571570329942,0.0,,0.011768829743975326,0.0,0.0009664701278972526,0.0,1.0,0.0,0.0,0.0,0.0,0.03594116033176456,1.4654434250764525,0.0,0.0,0.0,0.0,Banks—Regional,Financial Services,FRMEP
2010Q3,2010,Q3,2010-09-30,2010-09-30,1635000.0,47383000.0,0.0,0.0,47383000.0,1.0,4180320000.0,462465000.0,0.0,0.0,3717855000.0,0.0,158074000.0,0.0,151005000.0,0.0,0.0,0.07658313239177862,0.6922513055042003,0.0,0.0,0.0035354026791216634,0.0,0.0,0.0,0.9565749235474006,0.0,,0.011334778198798178,0.0,0.0003911183832816626,0.0,1.0,0.0,0.0,0.0,0.0,-0.0029039792933650385,5.766763848396502,0.0,0.0,0.0,0.0,Banks—Regional,Financial Services,FRMEP
2010Q2,2010,Q2,2010-06-30,2010-06-30,-343000.0,47521000.0,0.0,0.0,47521000.0,1.0,4183248000.0,457529000.0,0.0,0.0,3725719000.0,0.0,158118000.0,0.0,225361000.0,0.0,0.0,0.07802716931915105,0.7134127017085256,0.0,0.0,-0.0007496792553040353,0.0,0.0,0.0,-5.822157434402333,0.0,,0.011359833316121826,0.0,-8.199370441341273e-05,0.0,1.0,0.0,0.0,0.0,0.0,-0.04320776370628385,-1.2162673392181589,0.0,0.0,0.0,0.0,Banks—Regional,Financial Services,FRMEP
2010Q1,2010,Q1,2010-03-31,2010-03-31,1586000.0,49667000.0,0.0,0.0,49667000.0,1.0,4375866000.0,488941000.0,0.0,0.0,3886925000.0,0.0,150595000.0,0.0,107641000.0,0.0,0.0,0.0726838984557571,0.6504977083124549,0.0,0.0,0.0032437451553459415,0.0,0.0,0.0,1.049810844892812,0.0,,0.011350210449771542,0.0,0.0003624425428018134,0.0,1.0,0.0,0.0,0.0,0.0,-0.008662501746472127,1.1551707269347422,0.0,0.0,0.0,0.0,Banks—Regional,Financial Services,FRMEP
2009Q4,2009,Q4,2009-12-31,2009-12-31,-10221000.0,50101000.0,0.0,0.0,50101000.0,1.0,4480952000.0,463785000.0,0.0,0.0,4017167000.0,0.0,150860000.0,0.0,173713000.0,0.0,0.0,0.07242635047195328,0.6997617430490422,0.0,0.0,-0.022038228920728355,0.0,0.0,0.0,-0.30858037374033853,0.0,,0.011180882990935856,0.0,-0.002280988504228566,0.0,1.0,0.0,0.0,0.0,0.0,-0.10145629326733384,-1.0732251521298175,0.0,0.0,0.0,0.0,Banks—Regional,Financial Services,FRMEP
2009Q3,2009,Q3,2009-09-30,2009-09-30,-4930000.0,55758000.0,0.0,0.0,55758000.0,1.0,4476484000.0,475900000.0,0.0,0.0,4000584000.0,0.0,164419000.0,0.0,213612000.0,0.0,0.0,0.07255940153030817,0.6825194368564824,0.0,0.0,-0.010359319184702669,0.0,0.0,0.0,-0.6407707910750507,0.0,,0.012455757688400092,0.0,-0.0011013107608560647,0.0,1.0,0.0,0.0,0.0,0.0,0.09740400322777461,0.8341686568670322,0.0,0.0,0.0,0.0,Banks—Regional,Financial Services,FRMEP
2009Q2,2009,Q2,2009-06-30,2009-06-30,-29729000.0,50809000.0,0.0,0.0,50809000.0,1.0,4717045000.0,473378000.0,0.0,0.0,4243667000.0,0.0,172688000.0,0.0,345458000.0,0.0,0.0,0.09830752091616679,0.9795998124120682,0.0,0.0,-0.06280182010993329,0.0,0.0,0.0,-0.10158431161492146,0.0,,0.01077136215575641,0.0,-0.006302462664655521,0.0,1.0,0.0,0.0,0.0,0.0,-0.040796677364545966,-8.221034734029633,0.0,0.0,0.0,0.0,Banks—Regional,Financial Services,FRMEP
2009Q1,2009,Q1,2009-03-31,2009-03-31,4117000.0,52970000.0,0.0,0.0,52970000.0,1.0,4886897000.0,508105000.0,0.0,0.0,4378792000.0,0.0,205616000.0,0.0,228461000.0,0.0,0.0,0.09890979899924227,0.9513033723344584,0.0,0.0,0.008102655947097548,0.0,0.0,0.0,1.1952878309448627,0.0,,0.010839188957737394,0.0,0.0008424568801020362,0.0,1.0,0.0,0.0,0.0,0.0,0.3432570877922605,17.6289592760181,0.0,0.0,0.0,0.0,Banks—Regional,Financial Services,FRMEP
2008Q4,2008,Q4,2008-12-31,2008-12-31,221000.0,39434000.0,0.0,0.0,39434000.0,1.0,4784155000.0,395903000.0,0.0,0.0,4388252000.0,0.0,206496000.0,0.0,372971000.0,0.0,0.0,0.1036845587151754,1.2529407455866715,0.0,0.0,0.0005582175431860834,0.0,0.0,0.0,19.06787330316742,0.0,,0.008242625918265608,0.0,4.619415549872444e-05,0.0,1.0,0.0,0.0,0.0,0.0,-0.0715731977209587,-0.9615585319185945,0.0,0.0,0.0,0.0,Banks—Regional,Financial Services,FRMEP
2008Q3,2008,Q3,2008-09-30,2008-09-30,5749000.0,42474000.0,0.0,0.0,42474000.0,1.0,3864074000.0,352093000.0,0.0,0.0,3511981000.0,0.0,210605000.0,0.0,485839000.0,0.0,0.0,0.14785120574813007,1.6226053911892597,0.0,0.0,0.016328072412686422,0.0,0.0,0.0,0.7310836667246478,0.0,,0.010992025515039309,0.0,0.001487807945707044,0.0,1.0,0.0,0.0,0.0,0.0,-0.0007763427200225845,-0.12121675328645674,0.0,0.0,0.0,0.0,Banks—Regional,Financial Services,FRMEP
2008Q2,2008,Q2,2008-06-30,2008-06-30,6542000.0,42507000.0,0.0,0.0,42507000.0,1.0,3822460000.0,347392000.0,0.0,0.0,3475068000.0,0.0,209059000.0,0.0,497987000.0,0.0,0.0,0.1533698194356514,1.687574843404569,0.0,0.0,0.01883175202652911,0.0,0.0,0.0,0.640782635279731,0.0,,0.011120325654159886,0.0,0.0017114632985041048,0.0,1.0,0.0,0.0,0.0,0.0,0.02832881749564544,-0.19492985478710312,0.0,0.0,0.0,0.0,Banks—Regional,Financial Services,FRMEP
2008Q1,2008,Q1,2008-03-31,2008-03-31,8126000.0,41336000.0,0.0,0.0,41336000.0,1.0,3767158000.0,348841000.0,0.0,0.0,3418317000.0,0.0,206710000.0,0.0,249053000.0,0.0,0.0,0.09564079871351294,1.0328315765635347,0.0,0.0,0.023294280202155137,0.0,0.0,0.0,0.5126753630322421,0.0,,0.010972727982208339,0.0,0.0021570637600015715,0.0,1.0,0.0,0.0,0.0,0.0,0.03267712601179175,-0.1271750805585392,0.0,0.0,0.0,0.0,Banks—Regional,Financial Services,FRMEP
2007Q4,2007,Q4,2007-12-31,2007-12-31,9310000.0,40028000.0,0.0,0.0,40028000.0,1.0,3782087000.0,339936000.0,0.0,0.0,3442151000.0,0.0,202750000.0,0.0,409160000.0,0.0,0.0,0.15038628143667768,1.6731796573472653,0.0,0.0,0.027387508236844584,0.0,0.0,0.0,0.44790547798066593,0.0,,0.010583574624274904,0.0,0.002461603871090221,0.0,1.0,0.0,0.0,0.0,0.0,0.016377624863519794,0.11497005988023952,0.0,0.0,0.0,0.0,Banks—Regional,Financial Services,FRMEP
2007Q3,2007,Q3,2007-09-30,2007-09-30,8350000.0,39383000.0,0.0,0.0,39383000.0,1.0,3754300000.0,332741000.0,0.0,0.0,3421559000.0,0.0,197609000.0,0.0,312986000.0,0.0,0.0,0.1121183709346616,1.2650259511151316,0.0,0.0,0.02509459309192435,0.0,0.0,0.0,0.5031137724550898,0.0,,0.010490104679966972,0.0,0.0022241163465892442,0.0,1.0,0.0,0.0,0.0,0.0,0.05355661967309596,0.34503865979381443,0.0,0.0,0.0,0.0,Banks—Regional,Financial Services,FRMEP
2007Q2,2007,Q2,2007-06-30,2007-06-30,6208000.0,37381000.0,0.0,0.0,37381000.0,1.0,3669515000.0,327380000.0,0.0,0.0,3342135000.0,0.0,193460000.0,0.0,281067000.0,0.0,0.0,0.10107221254034934,1.1328914411387379,0.0,0.0,0.018962673345958823,0.0,0.0,0.0,0.6842783505154639,0.0,,0.010186904808946141,0.0,0.0016917767061859674,0.0,1.0,0.0,0.0,0.0,0.0,0.01361208275712465,-0.20113241539055463,0.0,0.0,0.0,0.0,Banks—Regional,Financial Services,FRMEP
2007Q1,2007,Q1,2007-03-31,2007-03-31,7771000.0,36879000.0,0.0,0.0,36879000.0,1.0,3554814000.0,328648000.0,0.0,0.0,3226166000.0,0.0,191476000.0,0.0,296051000.0,0.0,0.0,0.09746360850384858,1.0542130181835885,0.0,0.0,0.023645359168472043,0.0,0.0,0.0,0.5449749067044138,0.0,,0.010374382457141217,0.0,0.002186049677985965,0.0,1.0,0.0,0.0,0.0,0.0,0.027670958033773615,0.014623318971145058,0.0,0.0,0.0,0.0,Banks—Regional,Financial Services,FRMEP
