Quarters,Year,Quarter,FillingDate,Date,NetIncome,Revenue,OperatingIncome,EPSDiluted,GrossProfit,GrossProfitRatio,TotalAssets,CommonStockEquity,CurrentAssets,CurrentLiability,TotalLiability,Inventory,RetainedEarnings,MarketCap,EnterpriseValue,bookValuePerShare,currentRatio,debtToAssets,debtToEquity,roic,shareholdersEquityPerShare,roe,priceToSalesRatio,peRatio,pbRatio,payoutRatio,inventoryTurnover,dividendYield,assetTurnover,quickRatio,returnOnAssets,priceToFreeCashFlowsRatio,grossProfitMargin,epsdilutedGrowth,fiveYNetIncomeGrowthPerShare,fiveYRevenueGrowthPerShare,fiveYShareholdersEquityGrowthPerShare,grossProfitGrowth,netIncomeGrowth,operatingIncomeGrowth,threeYNetIncomeGrowthPerShare,threeYRevenueGrowthPerShare,threeYShareholdersEquityGrowthPerShare,Industry,Sector,Symbol
2023Q1,2023,Q1,2023-05-09,2023-03-31,68314000.0,267340000.0,157413000.0,0.39,267340000.0,1.0,27112176000.0,2618998000.0,533282000.0,11892000.0,24493178000.0,0.0,1491701000.0,2302481100.0,4095248100.0,15.719804327601212,44.84376051126808,0.07088217485752527,0.7337806290802819,0.0284709580873453,15.719804327601212,0.026084021446369947,8.61255741752076,8.426095309892554,0.8791458030895786,0.40550985156776065,0.0,0.012031369117427283,0.009860514331273152,141.2327615203498,0.0025196797188097335,52.89898221752516,1.0,-0.17021276595744672,0.45271808071007297,0.42650653952471895,0.2327163887524923,-0.04600473893060036,-0.16520230224970367,0.1308973870812469,1.573447545500078,0.21787221539391452,0.12426873498505005,Banks—Regional,Financial Services,FULT
2022Q4,2022,Q4,2023-03-01,2022-12-31,81833000.0,280232000.0,139193000.0,0.47,280232000.0,1.0,26931702000.0,2579757000.0,478620000.0,10185000.0,24351945000.0,0.0,1450758000.0,2819092319.9999995,5372401320.0,15.401166539306525,46.99263622974963,0.09951866391511387,1.038937775922306,0.022266001141112556,15.401166539306525,0.03172120474912947,10.059851551571553,8.612333410726723,1.0927743659577238,0.45942345997336037,0.0,0.013336207449921329,0.010405283706169034,149.37025036818852,0.003038538002536936,41.5648195329087,1.0,0.17499999999999988,1.5163851137932263,0.4557311070162294,0.209600928831683,5.8261028426667965,0.1546753961422867,0.24786409072571608,0.6779404623636898,0.2798621637167479,0.07928288477427675,Banks—Regional,Financial Services,FULT
2022Q3,2022,Q3,2022-11-09,2022-09-30,70871000.0,41053000.0,111545000.0,0.4,41053000.0,1.0,26146042000.0,2471159000.0,601536000.0,488196000.0,23674883000.0,0.0,1406544000.0,2644177400.0,3789393400.0,14.766147006626712,1.2321608534277217,0.049287804249683376,0.5214884999305993,0.024383777771815104,14.766147006626712,0.02867925536155302,64.40887145884588,9.327430825020109,1.0700150819918912,0.3770230418647966,0.0,0.010105222138272568,0.001570142050563523,2.9112405673131283,0.002710582351240773,4.978418385022066,1.0,-0.04761904761904753,0.5152961105248435,-0.7840526546666715,0.16091251847060548,-0.8269426950282858,0.012601980311191759,0.028946470246386302,0.127258240768675,-0.8165534145653676,0.05042241005378383,Banks—Regional,Financial Services,FULT
2022Q2,2022,Q2,2022-08-08,2022-06-30,69989000.0,237222000.0,108407000.0,0.42,237222000.0,1.0,25252686000.0,2471093000.0,514131000.0,436185000.0,22781593000.0,0.0,1363344000.0,2325294000.0,3160004000.0,15.356034054188417,1.17869940506895,0.039335023608973715,0.40197394432342287,0.025468304393077443,15.356034054188417,0.02832309427447692,9.802185294787161,8.305926645615738,0.9409981736826578,0.38093128920258895,0.0,0.011465646924646949,0.009393931401990267,3.595951259213407,0.002771546757441961,25.480160860846603,1.0,0.049999999999999906,0.6701683217172842,0.32717368283390946,0.2232658891029328,0.09537969949114819,0.08867906918865107,0.08494880853491328,0.22480282976757923,0.13390218200305534,0.11966522873990738,Banks—Regional,Financial Services,FULT
2022Q1,2022,Q1,2022-05-09,2022-03-31,64288000.0,216566000.0,99919000.0,0.4,216566000.0,1.0,25598310000.0,2569535000.0,1213067000.0,452440000.0,23028775000.0,-253521000.0,1320076000.0,2668972560.0,3516444560.0,16.000790843649586,2.681166563522235,0.03941408632054225,0.392652367062523,0.02315080729574991,16.000790843649586,0.025019312832866646,12.324060840575159,10.378968703334994,1.038698659485082,0.3893728222996516,0.0,0.009378889980045354,0.00846016787827009,4.516941472902484,0.002511415792683189,-23.579370798031647,1.0,0.05263157894736847,0.607129070375912,0.27464267309377616,0.2932471855124746,-0.05633262743252547,0.038796516231195566,0.07920203918518999,0.2002445413683573,0.09062110613422256,0.18133676935417148,Banks—Regional,Financial Services,FULT
2021Q4,2021,Q4,2022-02-28,2021-12-31,61887000.0,229494000.0,92586000.0,0.38,229494000.0,1.0,25796398000.0,2712680000.0,506235000.0,416764000.0,23083718000.0,0.0,0.0,2740570000.0,3606403000.0,16.826995843930277,1.214680250693438,0.04024240128408625,0.3826876004541634,0.018982837638174346,16.826995843930277,0.022813969948537977,11.941793685237958,11.070863024544733,1.0102813453853754,0.6150887908607624,0.0,0.013889811243646395,0.008896358321033812,1.214680250693438,0.0023990558681874887,136.34676616915422,1.0,-0.15555555555555556,0.580681976008394,0.35757575672880704,0.3768194731061142,-0.018614735275628937,-0.18120476826799678,0.0,0.15379994156773985,0.1696608979329333,0.3069677787866078,Banks—Regional,Financial Services,FULT
2021Q3,2021,Q3,2021-11-08,2021-09-30,75583000.0,233847000.0,0.0,0.45,233847000.0,1.0,26390832000.0,2699818000.0,21592258000.0,474169000.0,23691014000.0,0.0,1258499000.0,2484716740.0,1348760740.0,16.61365118826382,45.53705113577649,0.041542949460630876,0.406084039738975,0.0,16.61365118826382,0.027995590813899306,10.625394980478688,8.218503962531257,0.9203274961497403,0.3357633330246219,0.0,0.010213639080646273,0.00886091806427323,8.096940120505558,0.0028639870088218514,30.342126511173525,1.0,0.1842105263157895,0.940608561347036,0.38325000849730284,0.34988510037089915,0.09127435974016278,0.1634597623299058,0.0,0.246814929429208,0.1990030100440465,0.2803421342863044,Banks—Regional,Financial Services,FULT
2021Q2,2021,Q2,2021-08-09,2021-06-30,64964000.0,214288000.0,0.0,0.38,214288000.0,1.0,26079774000.0,2692958000.0,21363454000.0,541071000.0,23386816000.0,0.0,1208086000.0,2568747300.0,2095250300.0,16.543035291949504,39.48364262730769,0.04451579986851113,0.43111032552308653,0.0,16.543035291949504,0.02412365881681036,11.98735953483163,9.885272227695339,0.9538757381288531,0.3896619666276707,0.0,0.009854608898275045,0.008216635619618483,6.173317365003854,0.0024909725061267787,107.2590630088939,1.0,-0.11627906976744183,0.7408257665945531,0.3039110778815147,0.3613987402033758,-0.05117226416347495,-0.11084954080724854,0.0,0.992886903997046,0.1277649371223122,0.29472325046886183,Banks—Regional,Financial Services,FULT
2021Q1,2021,Q1,2021-05-07,2021-03-31,73063000.0,225845000.0,0.0,0.43,225845000.0,1.0,25892990000.0,2629655000.0,21487156000.0,526607000.0,23263335000.0,0.0,1168491000.0,2766370230.0,2495490230.0,16.188369931236572,40.803020088984766,0.044312997456068225,0.43632948048318126,0.0,16.188369931236572,0.02778425306741759,12.248977086054595,9.465701620519278,1.0519897971406895,0.31849226010429355,0.0,0.008411744656462704,0.00872224490103306,5.8455128777247545,0.0028217289698872165,13.902266127938006,1.0,0.43333333333333335,1.0378263701215966,0.39952486910528,0.35336621244164096,0.03996481953897019,0.4374840144017943,0.0,0.5935346217887048,0.23598351932728062,0.26946038929916794,Banks—Regional,Financial Services,FULT
2020Q4,2020,Q4,2021-03-01,2020-12-31,50827000.0,217166000.0,0.0,0.3,217166000.0,1.0,25906733000.0,2616828000.0,21769925000.0,640431000.0,23289905000.0,0.0,1120781000.0,2063718240.0,2142215240.0,16.12916507439504,33.99261591022296,0.07435630729663983,0.736131300949088,0.0,16.12916507439504,0.019423133656472646,9.502952764244863,10.150698644421272,0.7886335059086803,0.5424282369606706,0.0,0.013359381850499124,0.008382608490233022,6.0282528484723565,0.0019619224083561597,16.736424047296584,1.0,-0.21052631578947373,0.4122062924335422,0.3390786507455245,0.37214818002701805,-0.0009155107768039933,-0.1749801158959209,0.0,0.6136338753243702,0.16470827022727907,0.26677761749249035,Banks—Regional,Financial Services,FULT
2020Q3,2020,Q3,2020-11-06,2020-09-30,61607000.0,217365000.0,0.0,0.38,217365000.0,1.0,25543281000.0,2390261000.0,21644028000.0,620850000.0,23153020000.0,0.0,1099684000.0,1512029130.0,2345178130.0,14.749143840899414,34.86192800193283,0.07468652911111928,0.7981299950089132,0.0,14.749143840899414,0.025774172778621245,6.956175695259127,6.1357846105150395,0.6325790907352795,0.3417468794130537,0.0,0.013924334910134966,0.008509674227050158,4.60287025851655,0.00241186713641055,25.131374220892546,1.0,0.5833333333333334,0.9349526873444178,0.3717036514053788,0.26922906462237217,0.04163871264544078,0.5573447255997371,0.0,0.3602351594576951,0.18072177727893296,0.1595757318371261,Banks—Regional,Financial Services,FULT
2020Q2,2020,Q2,2020-08-07,2020-06-30,39559000.0,208676000.0,0.0,0.24,208676000.0,1.0,24617863000.0,2340501000.0,20837423000.0,584122000.0,22277362000.0,0.0,1059160000.0,1702858950.0,2985206950.0,14.472998794174938,35.6730665854051,0.0758695829934548,0.798011622297961,0.0,14.472998794174938,0.01690193680754676,8.160300897084475,10.76151413079198,0.7275617271686702,0.5304734700068252,0.0,0.01232339296217106,0.008476609037916898,3.873807184115647,0.001606922583004057,1014.2102144133413,1.0,0.4999999999999999,0.17664510204500689,0.34389561895533155,0.2611088292189698,-0.031171363573053532,0.5187545590663032,0.0,-0.060632615269296954,0.1617295073253248,0.1529230578329668,Banks—Regional,Financial Services,FULT
2020Q1,2020,Q1,2020-05-11,2020-03-31,26047000.0,215390000.0,0.0,0.16,215390000.0,1.0,22929859000.0,2285748000.0,18978586000.0,1197698000.0,20644111000.0,0.0,1040646000.0,1878327750.0,4040141750.0,13.982248050160575,15.845886024690698,0.11187482661799185,1.1222908212103873,0.0,13.982248050160575,0.011395394417932336,8.720589395979387,18.028254213537068,0.8217562697200217,0.8195953468729604,0.0,0.0113654286372546,0.009393428891124014,1.8926958214842138,0.0011359424408148345,-36.902313359528485,1.0,-0.5151515151515151,-0.2897302143623576,0.397047862532274,0.22835826881748134,0.0039104921440589885,-0.4549582539915043,0.0,-0.36035310638562495,0.24533289027879362,0.13010057532150388,Banks—Regional,Financial Services,FULT
2019Q4,2019,Q4,2020-02-21,2019-12-31,47789000.0,214551000.0,0.0,0.33,214551000.0,1.0,21886040000.0,2342176000.0,18204046000.0,835368000.0,19543864000.0,0.0,1079391000.0,2860873050.0,4051385050.0,14.269814481981296,21.791648710508422,0.07805445845845115,0.7293657692675529,0.0,14.269814481981296,0.020403675897968383,13.334233119398185,14.966169254430937,1.2214594676061918,0.5836280315553789,0.0,0.009749121863341682,0.009803098230652963,2.716732027082675,0.0021835379995650194,38.52456942405839,1.0,-0.10810810810810806,0.3906147081753055,0.39253422881147726,0.29536910031156555,-0.029505957281272335,-0.23055000966059122,0.0,0.1988470859545102,0.24656250516212896,0.16758562482740538,Banks—Regional,Financial Services,FULT
2019Q3,2019,Q3,2019-11-08,2019-09-30,62108000.0,221074000.0,0.0,0.37,221074000.0,1.0,21703618000.0,2324016000.0,18187131000.0,822482000.0,19379602000.0,0.0,1059517000.0,2674942320.0,3993203320.0,14.057341946722799,22.112497294773625,0.07093628352655304,0.6624627369174739,0.0,14.057341946722799,0.026724428747478504,12.099759899400201,10.767301796869969,1.1509999586921948,0.35034134089006247,0.0,0.008134381006017356,0.010186043635674016,2.320847143159364,0.002861642699387724,-73.4511043989236,1.0,0.0571428571428572,0.8129023776064793,0.4531083074617234,0.2589943688144468,0.01012067129978662,0.038960169959350276,0.0,0.5674541921040296,0.28540517508888275,0.1421809829560403,Banks—Regional,Financial Services,FULT
2019Q2,2019,Q2,2019-08-07,2019-06-30,59779000.0,218859000.0,0.0,0.35,218859000.0,1.0,21308670000.0,2308798000.0,17637937000.0,997608000.0,18999872000.0,0.0,1018736000.0,2772609210.0,4609304210.0,13.714844098061695,17.680228105628665,0.09272310284968513,0.8557725708355604,0.0,13.714844098061695,0.025891827695623437,12.668472441160747,11.5952475367604,1.2008886052396095,0.36949430401980626,0.0,0.007966503148130277,0.010270889736431227,2.1967516298987175,0.0028053839118067905,94.80626466062574,1.0,0.06060606060606049,0.6872564582183585,0.41572808052056087,0.22882991416574391,0.04185827311416412,0.05499179358664384,0.0,0.5489967829607542,0.2877568111100657,0.12865451518882534,Banks—Regional,Financial Services,FULT
2019Q1,2019,Q1,2019-05-08,2019-03-31,56663000.0,210066000.0,0.0,0.33,210066000.0,1.0,20974649000.0,2301019000.0,17413536000.0,840235000.0,18673630000.0,0.0,980708000.0,2704553280.0,4333093280.0,13.54464811282993,20.72460204585622,0.09031512279418835,0.8232561313053043,0.0,13.54464811282993,0.024625176932480782,12.874778783810802,11.932624816899917,1.1753719895402863,0.36341175017206995,0.0,0.007613826709304096,0.010015233151219837,2.694109386064613,0.0027014993194880163,100.51112234279768,1.0,0.0,0.5124500685391044,0.39394000523279776,0.2465342982668098,-0.011300578442769936,-0.024447773014479278,0.0,0.5111668494929312,0.24471258931802495,0.13234804944411308,Banks—Regional,Financial Services,FULT
2018Q4,2018,Q4,2019-03-01,2018-12-31,58083000.0,212467000.0,0.0,0.33,212467000.0,1.0,20682152000.0,2247573000.0,17190514000.0,721806000.0,18434579000.0,0.0,946032000.0,2702359080.0,4162128080.0,12.874836026602356,23.81597548371723,0.08236841117887539,0.7579535792608294,0.0,12.874836026602356,0.0258425421554717,12.71895908541091,11.631454470326947,1.2023454099154955,0.48404868894513026,0.0,0.010403872752543307,0.01027296385791962,3.0178635256564785,0.0028083634623708403,49.948414690497756,1.0,-0.10810810810810806,0.5146546274722559,0.34246490685957787,0.19549147094684072,0.006189619246069331,-0.11503359590449926,0.0,0.4998364255673786,0.2175783895882059,0.09529431564276533,Banks—Regional,Financial Services,FULT
2018Q3,2018,Q3,2018-11-06,2018-09-30,65633000.0,211160000.0,0.0,0.37,211160000.0,1.0,20364810000.0,2283014000.0,16928377000.0,363975000.0,18081796000.0,0.0,915687000.0,2896005320.0,3828253320.0,12.975946618772095,46.509724568995125,0.0660423053296348,0.5891067685086468,0.0,12.975946618772095,0.02874840014121683,13.714743890888426,11.031056480733778,1.268500902753991,0.322414029527829,0.0,0.007306961715111766,0.01036886668719227,6.3482189710831785,0.0032228633608661216,32.187493136829936,1.0,0.8499999999999999,0.7952556308389207,0.282636854641578,0.22951354159342102,0.029240450183026987,0.8647327897263971,0.0,0.8987663869728044,0.2274147062641373,0.11663760060866148,Banks—Regional,Financial Services,FULT
2018Q2,2018,Q2,2018-08-09,2018-06-30,35197000.0,205161000.0,0.0,0.2,205161000.0,1.0,20172539000.0,2245785000.0,16779611000.0,496532000.0,17926754000.0,0.0,871192000.0,2900106000.0,3982464000.0,12.777275209940601,33.793614510243046,0.07337633601798961,0.659095594636174,0.0,12.777275209940601,0.0156724708732136,14.135756795882259,20.59909935505867,1.2913551386263602,0.5980339233457397,0.0,0.007258010569268848,0.010170311233504122,5.51759403220739,0.0017447977173324588,51.90346308724832,1.0,-0.28571428571428575,-0.046296312387718884,0.22354487267878043,0.2172639420341622,0.04040711384278346,-0.28866208569118834,0.0,-0.03677840142267705,0.21564906258073138,0.1133514767583688,Banks—Regional,Financial Services,FULT
2018Q1,2018,Q1,2018-05-08,2018-03-31,49480000.0,197193000.0,0.0,0.28,197193000.0,1.0,19948941000.0,2235493000.0,16556501000.0,387347000.0,17713448000.0,0.0,857153000.0,3111628250.0,4116736250.0,12.75216624929408,42.74333091517425,0.06597668517842627,0.5887582739019983,0.0,12.75216624929408,0.022133820146160152,15.779608048967255,15.721646372271625,1.3919203728215654,0.390642683912692,0.0,0.006211860301756805,0.009884885618740364,6.806308039045094,0.002480332163998079,54.60338065489769,1.0,0.47368421052631593,0.4124508176086635,0.2482024627423503,0.2141247478833301,-0.02025150420581411,0.45525131613776065,0.0,0.2582221290992866,0.19272202980604045,0.12029401863427097,Banks—Regional,Financial Services,FULT
2017Q4,2017,Q4,2018-03-01,2017-12-31,34001000.0,201269000.0,0.0,0.19,201269000.0,1.0,20036905000.0,2229857000.0,16696921000.0,234824000.0,17807048000.0,0.0,821619000.0,3134862799.9999995,4121019799.9999995,12.732436105337689,71.10398000204408,0.06307625853394025,0.5667865697217355,0.0,12.732436105337689,0.015248062992380228,15.57548753161192,23.049783829887353,1.4058582231954784,0.7209493838416517,0.0,0.007819480967396724,0.010044914621295056,10.970658876435117,0.0016969187606568979,55.934745293960205,1.0,-0.3214285714285715,-0.043937253389650044,0.15602639341825147,0.21205053624125295,0.01250609961616436,-0.30475411512115325,0.0,-0.07272989590688111,0.22430019015621713,0.15581070261088442,Banks—Regional,Financial Services,FULT
2017Q3,2017,Q3,2017-11-03,2017-09-30,48905000.0,198783000.0,0.0,0.28,198783000.0,1.0,20062860000.0,2225786000.0,16710363000.0,117562000.0,17837074000.0,0.0,812148000.0,3281081250.0,3743586250.0,12.719431285037516,142.14085333696264,0.05707825305066177,0.5144937563629208,0.0,12.719431285037516,0.021972013481978952,16.50584431264243,16.772729015438095,1.4741225122271415,0.3934362539617626,0.0,0.005864225398258577,0.009908009127312855,25.3990320001361,0.0024375886588452493,30.254043300661127,1.0,0.07692307692307698,0.33717798261800896,0.20262181275528768,0.2280429210829244,0.025003351655717924,0.07561528141289287,0.0,0.34865332965066226,0.23441090169034967,0.13916929836922845,Banks—Regional,Financial Services,FULT
2017Q2,2017,Q2,2017-08-04,2017-06-30,45467000.0,193934000.0,0.0,0.26,193934000.0,1.0,19647435000.0,2191770000.0,16371442000.0,322170000.0,17455665000.0,0.0,782541000.0,3317343000.0,4252218000.0,12.553308476090654,50.8161591706242,0.06882969710804489,0.617002240198561,0.0,12.553308476090654,0.020744421175579553,17.105525591180506,18.240388633514417,1.5135452168795083,0.42252622781357907,0.0,0.005791080391747251,0.009870703224110424,8.223211348046062,0.0023141443145123014,1569.2256385998107,1.0,0.040000000000000036,0.3034656533333305,0.1614759828186069,0.2279792790505398,0.052547597855111476,0.04810972798524666,0.0,0.237334260085004,0.20956072320351893,0.12475802618497928,Banks—Regional,Financial Services,FULT
2017Q1,2017,Q1,2017-05-05,2017-03-31,43380000.0,184252000.0,0.0,0.25,184252000.0,1.0,19178576000.0,2154683000.0,15887580000.0,230232000.0,17023893000.0,0.0,756305000.0,3108577500.0000005,4085618500.0000005,12.372569623887454,69.00682789534035,0.07068486210863623,0.6291575141215668,0.0,12.372569623887454,0.020132891938164452,16.871336539087775,17.914808091286307,1.4427075815792858,0.40117565698478563,0.0,0.005598380609780518,0.009607178343167919,11.480046214253449,0.0022618989021916955,52.57725289222652,1.0,0.041666666666666706,0.30317268641962053,0.10867511581720714,0.22016600205182252,0.012423691281436994,0.029181494661921707,0.0,0.12953587382477733,0.19269535100516086,0.13866615547293448,Banks—Regional,Financial Services,FULT
2016Q4,2016,Q4,2017-02-27,2016-12-31,42150000.0,181991000.0,0.0,0.24,181991000.0,1.0,18944247000.0,2121115000.0,15598127000.0,76645000.0,16823132000.0,0.0,732099000.0,3262815200.0,4020005200.0,12.221642831625891,203.5113445104051,0.05259728718697555,0.46976047974767987,0.0,12.221642831625891,0.01987162412221874,17.928442615294163,19.352403321470938,1.5382547386633918,0.4932858837485172,0.0,0.00637241116199287,0.009606663173257823,33.24467349468328,0.0022249498752840375,72.6312846426107,1.0,0.0,0.34116685825601123,0.15097304856651128,0.2220728909849748,0.01109481427158683,0.01644641651393846,0.0,0.10560406659784366,0.1566416832489876,0.13483928929098196,Banks—Regional,Financial Services,FULT
2016Q3,2016,Q3,2016-11-04,2016-09-30,41468000.0,179994000.0,0.0,0.24,179994000.0,1.0,18701062000.0,2129436000.0,15397121000.0,79516000.0,16571626000.0,0.0,710833000.0,2512250400.0,3088879400.0,12.307455785458329,193.63550731928166,0.055138954140679285,0.48423948876603945,0.0,12.307455785458329,0.01947370101754643,13.957411913730457,15.145717179511912,1.1797726722005264,0.4174785376675991,0.0,0.006891032836535722,0.009624800987238051,33.78351526736758,0.0022174141767991574,39.35907502859202,1.0,0.04347826086956513,0.21303483735845527,0.084356676659211,0.23423132642343103,0.028225737348117428,0.04322012578616352,0.0,0.15342762433146678,0.11179138988718741,0.16617184051079711,Banks—Regional,Financial Services,FULT
2016Q2,2016,Q2,2016-08-05,2016-06-30,39750000.0,175053000.0,0.0,0.23,175053000.0,1.0,18480035000.0,2106997000.0,15151741000.0,112845000.0,16373038000.0,0.0,686635000.0,2340819000.0,2978001000.0,12.151498898462462,134.27037972440073,0.05790362410027903,0.5078607136127864,0.0,12.151498898462462,0.018865712670687238,13.372058747922058,14.722132075471698,1.1109740545430296,0.39250314465408803,0.0,0.006665188551528332,0.00947254699463502,24.247622845496036,0.0021509699521672985,72.36587627909853,1.0,0.0454545454545455,0.25237934357566455,0.06731737958903881,0.23655690883786457,0.016621077756677177,0.03902553781007397,0.0,0.09179426557676262,0.058255451472052015,0.15764755847619866,Banks—Regional,Financial Services,FULT
2016Q1,2016,Q1,2016-05-05,2016-03-31,38257000.0,172191000.0,0.0,0.22,172191000.0,1.0,18122254000.0,2073309000.0,14806241000.0,171374000.0,16048945000.0,0.0,664236000.0,2319168780.0,3012568780.0,11.961559097910934,86.39724228879527,0.061993447393464414,0.541868578200355,0.0,11.961559097910934,0.018452145821004007,13.468583026987472,15.15519238309329,1.1185832791928265,0.40975507750215645,0.0,0.0067593183105888474,0.00950163263355651,15.804556117030588,0.0021110508659684386,94.13357064577667,1.0,0.0,0.2974415516353271,0.05496279460653804,0.2435357365334293,-0.008333429318467155,-0.00721422083819904,0.0,0.10450493350857186,0.102343878833363,0.13885159902511504,Banks—Regional,Financial Services,FULT
2015Q4,2015,Q4,2016-02-26,2015-12-31,38535000.0,173638000.0,0.0,0.22,173638000.0,1.0,17914718000.0,2041894000.0,14631910000.0,199656000.0,15872824000.0,0.0,641588000.0,2259954090.0,3158108090.0,11.75468168028139,73.2856012341227,0.06354964672064611,0.557557836009117,0.0,11.75468168028139,0.018872184354329854,13.01531974567779,14.661697742312183,1.1067930509615092,0.49622421175554693,0.0,0.008461233829754479,0.009692477436708744,14.719187001642826,0.002151024649118116,64.73287379697526,1.0,0.09999999999999995,0.3979223073693502,0.031663578629241615,0.24046873736763943,0.018595865499683225,0.12507664009809932,0.0,0.09242908995090804,0.005492470711583941,0.11897425724819109,Banks—Regional,Financial Services,FULT
2015Q3,2015,Q3,2015-11-06,2015-09-30,34251000.0,170468000.0,0.0,0.2,170468000.0,1.0,17838059000.0,2025904000.0,14603223000.0,295606000.0,15812155000.0,0.0,622237000.0,2109489800.0,2765055800.0,11.620553178308802,49.4009695337713,0.07065297855557043,0.6220985792021735,0.0,11.620553178308802,0.016906526666614016,12.37469671727245,15.397286210621589,1.0412585196534485,0.46252664155791073,0.0,0.007509872766391192,0.00955642090879955,9.547377252153204,0.001920108011751727,40.10741881511902,1.0,-0.04761904761904753,0.03384062297756324,0.008318476069678274,0.22802017006860592,0.006251143681858697,-0.06622137404580153,0.0,-0.059989157199495886,0.03518115060495298,0.12194780960662358,Banks—Regional,Financial Services,FULT
2015Q2,2015,Q2,2015-08-07,2015-06-30,36680000.0,169409000.0,0.0,0.21,169409000.0,1.0,17365473000.0,2024817000.0,14125022000.0,249231000.0,15340656000.0,0.0,603597000.0,2304214980.0,3248241980.0,11.476407474792131,56.67441851134088,0.07870214649494431,0.6749745779495134,0.0,11.476407474792131,0.018115217325812654,13.601490947942553,15.704845828789532,1.1379867810276187,0.4384678298800436,0.0,0.006979817482134414,0.00975550737949954,10.553001031171885,0.002112237311359155,58.472225239170704,1.0,-0.0454545454545455,0.24823219250251785,-0.002593426752109558,-0.02158347809219576,0.006481778538243088,-0.0838245578978919,0.0,0.040613792323586355,0.004036996815975475,0.12263556685689266,Banks—Regional,Financial Services,FULT
2015Q1,2015,Q1,2015-05-11,2015-03-31,40036000.0,168318000.0,0.0,0.22,168318000.0,1.0,17363341000.0,2031513000.0,14303823000.0,266533000.0,15331828000.0,0.0,582724000.0,2202332140.0,2815182140.0,11.382874528634904,53.66623645102107,0.0773291845158141,0.6609325167990556,0.0,11.382874528634904,0.01970747910547459,13.084353069784575,13.752198895993605,1.0840846895884988,0.35752822459786193,0.0,0.006499473780553372,0.009693871703608194,10.41663884021866,0.0023057774422560726,96.02913316473358,1.0,0.047619047619047665,0.4381629960276268,-0.05582764944986603,0.018036273646729058,-0.010703013418440217,0.054994861524677856,0.0,0.17359681851463693,-0.011723489660381475,0.12256361674835822,Banks—Regional,Financial Services,FULT
2014Q4,2014,Q4,2015-02-27,2014-12-31,37949000.0,170139000.0,0.0,0.21,170139000.0,1.0,17124767000.0,1996665000.0,14001418000.0,183151000.0,15128102000.0,0.0,558810000.0,2240262360.0,3177949360.0,11.016021980568382,76.44740132459009,0.07617732842730064,0.6533489593897824,0.0,11.016021980568382,0.019006192826538253,13.16724772098108,14.758375451263538,1.1220021185326532,0.48459774961132046,0.0,0.008208859965847928,0.00993525926513336,15.61325354488919,0.002216030150950375,40.906826622843056,1.0,0.0,0.5112407434377974,-0.05804228554314951,0.0011390120415622623,-0.006580407086053274,-0.01599854794378468,0.0,0.156218160462814,0.030322858217801358,0.10151982138691577,Banks—Regional,Financial Services,FULT
2014Q3,2014,Q3,2014-11-05,2014-09-30,38566000.0,171266000.0,0.0,0.21,171266000.0,1.0,17238174000.0,2078006000.0,14011007000.0,575771000.0,15160168000.0,0.0,538749000.0,2062087720.0,3126253720.0,11.165532026930455,24.334339520399602,0.09146183348653981,0.7587249507460517,0.0,11.165532026930455,0.018559137942816335,12.040263216283442,13.367264689104394,0.9923396371329053,0.3919773894103615,0.0,0.007330919947479247,0.00993527504711346,5.256641963558429,0.0022372439215429664,42.79166863807093,1.0,0.0,0.5602766609041552,-0.07022293647497285,0.020245589654191307,-0.008705215025756786,-0.026012728558440248,0.0,0.04880249729501201,-0.04078885471746059,0.11971553211706121,Banks—Regional,Financial Services,FULT
2014Q2,2014,Q2,2014-08-08,2014-06-30,39596000.0,172770000.0,0.0,0.21,172770000.0,1.0,17033639000.0,2099800000.0,13778263000.0,640943000.0,14933839000.0,0.0,514988000.0,2331042210.0,3442002210.0,11.160896996369706,21.496861655404615,0.09350268606725785,0.7584965234784266,0.0,11.160896996369706,0.018857034003238404,13.492169994790762,14.717662200727348,1.1101258262691684,0.38155369229215075,0.0,0.006481221118685791,0.01014287082167234,4.714339652668022,0.002324576680297146,81.39113861731843,1.0,-0.0454545454545455,1.5892324082958524,-0.14538072579951866,-0.0388030476801919,0.027958422333418616,-0.05234186152262882,0.0,0.1497550148918421,-0.029160158583171638,0.13575159780782206,Banks—Regional,Financial Services,FULT
2014Q1,2014,Q1,2014-05-12,2014-03-31,41783000.0,168071000.0,0.0,0.22,168071000.0,1.0,16911889000.0,2058719000.0,13652297000.0,725558000.0,14853170000.0,0.0,490517000.0,2383494860.0,3489724860.0,10.865844711743998,18.81627244134859,0.09413773943289244,0.7733192339508209,0.0,10.865844711743998,0.020295630438151104,14.181476042862839,14.261152023550247,1.1577562843690663,0.36888208122920807,0.0,0.006466554746419717,0.009938038264087472,4.1766350863749,0.0024706287984742567,43.962131065901836,1.0,0.0,1.9546863740933862,-0.09070252357819153,0.023437421938182056,-0.032317311899772,-0.007128769336786826,0.0,0.29634075383380826,-0.05797561819055294,0.12962416488301262,Banks—Regional,Financial Services,FULT
2013Q4,2013,Q4,2014-03-03,2013-12-31,42083000.0,173684000.0,0.0,0.22,173684000.0,1.0,16934634000.0,2063187000.0,13564651000.0,515790000.0,14871447000.0,0.0,463843000.0,2506785045.0,3601513045.0,10.769492162420333,26.298786327769054,0.08173521789723946,0.6708824745406015,0.0,10.769492162420333,0.020397084704391798,14.433022299117939,14.89191030225982,1.2150062233815937,0.36563457928379633,0.0,0.006138140974907563,0.010256141349142827,5.8185598790205315,0.0024850256580685477,35.01340938613031,1.0,0.047619047619047665,1.3771310603282856,0.10914596355222042,0.012808191443607005,-0.03449886041469787,0.05344447782116752,0.0,0.3842461236227619,-0.06430978400570654,0.13650192392861454,Banks—Regional,Financial Services,FULT
2013Q3,2013,Q3,2013-11-08,2013-09-30,39948000.0,179890000.0,0.0,0.21,179890000.0,1.0,17050771000.0,2028964000.0,13602905000.0,721960000.0,15021807000.0,0.0,437173000.0,2245491680.0,3355914680.0,10.553724037846358,18.841632500415535,0.09351043422024728,0.7858320798200461,0.0,10.553724037846358,0.019688865844835098,12.482582022346989,14.052591368779414,1.1067183449287419,0.3878291779313107,0.0,0.0068996024959664965,0.01055025605586985,4.45337691838883,0.0023428852572121225,30.894317515787737,1.0,0.0,0.2467951657802867,-0.008426621659333632,0.14796613077715653,-0.024357173461473796,-0.015622689862500616,0.0,0.09344975204422751,-0.03509327550734497,0.1152813286036165,Banks—Regional,Financial Services,FULT
2013Q2,2013,Q2,2013-08-08,2013-06-30,40582000.0,184381000.0,0.0,0.21,184381000.0,1.0,17022410000.0,2028732000.0,13347661000.0,857567000.0,14993678000.0,0.0,412609000.0,2259361370.0,3638378370.0,10.4967170789505,15.564569298958565,0.10157351397363829,0.8522692992470173,0.0,10.4967170789505,0.020003627881849353,12.253764596135177,13.918494467990733,1.1136815360530616,0.022768715193928344,0.0,0.00040896512274174186,0.010831662496673503,3.861358937552401,0.002384033753152462,37.75166037294479,1.0,0.049999999999999906,0.42248588804495285,0.01167756706150553,0.1459200606077712,0.04227175344680418,0.034542534478802865,0.0,0.2606894819376488,-0.009029915571411501,-0.10510659033366056,Banks—Regional,Financial Services,FULT
2013Q1,2013,Q1,2013-05-09,2013-03-31,39227000.0,176903000.0,0.0,0.2,176903000.0,1.0,16682737000.0,2061763000.0,13108892000.0,418838000.0,14620974000.0,0.0,387546000.0,2269216440.0,3284191440.0,10.503176277005997,31.29823941476179,0.07712499453776679,0.6240562082062778,0.0,10.503176277005997,0.019025950121328204,12.8274616032515,14.462082494200423,1.1006194407407641,0.37527723251841844,0.0,0.006487261303289342,0.010603955454072075,7.475475004655738,0.0023513527786237953,30.96553642094921,1.0,0.0,-0.16736288349235945,-0.047457076212073034,0.1267460714605123,-0.102006111737175,-0.025173956262425447,0.0,0.281126736800149,-0.0977944716110137,-0.06064022654388109,Banks—Regional,Financial Services,FULT
2012Q4,2012,Q4,2013-02-28,2012-12-31,40240000.0,196998000.0,0.0,0.2,196998000.0,1.0,16528153000.0,2081656000.0,12934793000.0,139021000.0,14446497000.0,0.0,363937000.0,1904327210.0,2590514210.0,10.50487230080591,93.0420080419505,0.061346479549166805,0.4870852821023262,0.0,10.50487230080591,0.019330763584377054,9.666733723185008,11.831058710238567,0.9148135955220266,0.7916252485089463,0.0,0.016727692506163374,0.011918936132791123,23.31667158199121,0.002434633803305185,20.114149414846423,1.0,-0.04761904761904753,-0.06036058157603654,0.12033737822407903,0.17836075168713214,0.048263164616236004,-0.032273579914386036,0.0,0.4657284434997967,-0.00241117720623292,-0.045314407015283026,Banks—Regional,Financial Services,FULT
2012Q3,2012,Q3,2012-11-09,2012-09-30,41582000.0,187928000.0,0.0,0.21,187928000.0,1.0,16273129000.0,2060683000.0,12715375000.0,338528000.0,14212446000.0,0.0,339638000.0,1967674840.0,2773495840.0,10.357481051086673,37.56077783816996,0.07529793440462496,0.5946246948220566,0.0,10.357481051086673,0.020178746561212955,10.470365459112001,11.83008777836564,0.9548653723061723,0.3381511230821028,0.0,0.007145997760483638,0.011548362948514695,1.3862841478400605,0.0025552553537798416,40.477142269398506,1.0,0.049999999999999906,0.1000051856156575,0.048493182941340356,0.17737710820923147,-0.015831286560426497,0.04239051415106164,0.0,0.5736665883360814,-0.0456459951217628,-0.053589713700092766,Banks—Regional,Financial Services,FULT
2012Q2,2012,Q2,2012-08-09,2012-06-30,39891000.0,190951000.0,0.0,0.2,190951000.0,1.0,16337750000.0,2041184000.0,12702213000.0,389239000.0,14296566000.0,0.0,313970000.0,1994713290.0,2907757290.0,10.22273640138027,32.63345399613091,0.0779986840293186,0.6243057950679606,0.0,10.22273640138027,0.01954306912066722,10.446204994998716,12.501023351131835,0.9772334537209777,0.3521094983830939,0.0,0.0070416134842115575,0.011687717096907468,1.0522121370160749,0.0024416458814708266,32.89597588930851,1.0,0.05263157894736847,-0.13137546263855018,0.04914388557130605,0.15624744420723197,0.003025607353906763,0.04612923528794713,0.0,1.4578675762679105,-0.10999975663978877,-0.11959916155739163,Banks—Regional,Financial Services,FULT
2012Q1,2012,Q1,2012-05-10,2012-03-31,38132000.0,190375000.0,0.0,0.19,190375000.0,1.0,16536222000.0,2022863000.0,12687676000.0,406677000.0,14513359000.0,0.0,288151000.0,2094666000.0,3014548000.0,10.140070779780643,31.198410532191396,0.07940048216575708,0.6490721319239118,0.0,10.140070779780643,0.018850510390471326,11.002841759684832,13.732993286478548,1.0354957305561474,0.3149585649847897,0.0,0.00573361099096467,0.011512605479050777,1.0926337117663403,0.002305968074207035,38.55237148694164,1.0,0.05555555555555561,-0.1947005474629152,0.02806662917219347,0.15445475795218805,0.04878250330542089,0.05690290750852296,0.0,1.5609992368771057,-0.021791995385756203,-0.04492212318173843,Banks—Regional,Financial Services,FULT
2011Q4,2011,Q4,2012-02-29,2011-12-31,36079000.0,181520000.0,0.0,0.18,181520000.0,1.0,16370508000.0,1992539000.0,12900942000.0,182514000.0,14377969000.0,0.0,264059000.0,1954534590.0,2804377590.0,10.000747845552327,70.68467076498241,0.07311788980525223,0.6007295214798807,0.0,10.000747845552327,0.01810704834384672,10.767599107536359,13.543436555891239,0.9809266418373743,0.277030959838133,0.0,0.005113749355543511,0.011088232570424815,17.176561797999057,0.002203902285744584,17.512966175350567,1.0,-0.10000000000000009,-0.3291673239592646,-0.029632200395731355,0.1387045627441679,-0.04934980596303609,-0.08251958091750584,0.0,1.310891692090797,0.11460859648246267,-0.05948774688916723,Banks—Regional,Financial Services,FULT
2011Q3,2011,Q3,2011-11-09,2011-09-30,39324000.0,190943000.0,0.0,0.2,190943000.0,1.0,16295851000.0,1984659000.0,12768026000.0,400671000.0,14311192000.0,0.0,239986000.0,1522564200.0,2372832200.0,9.971757742629178,31.866608763798727,0.0858192677387637,0.7046540488819489,0.0,9.971757742629178,0.019813983157811996,7.973919965644198,9.679611687519072,0.7671666518026523,0.2538653239751806,0.0,0.0065567021738722085,0.011717276992775645,1.4992100750990214,0.0024131295751292766,38.27076714256988,1.0,0.11111111111111122,-0.2943562858348718,0.017198520758712078,0.14951727374363608,0.015562422546897355,0.08077504466126151,0.0,0.18552900692080806,0.016660632253357878,0.08466358527118995,Banks—Regional,Financial Services,FULT
2011Q2,2011,Q2,2011-08-08,2011-06-30,36385000.0,188017000.0,0.0,0.18,188017000.0,1.0,15967120000.0,1953309000.0,12550990000.0,409846000.0,14013811000.0,0.0,210671000.0,2128848120.0000002,3125129120.0,9.826882055822752,30.62367328215964,0.08805213463667838,0.7197729596290192,0.0,9.826882055822752,0.01862736515318365,11.322636357350666,14.627237323072697,1.0898675631966064,0.21896385873299437,0.0,0.003742399434300649,0.011775260660657651,1.1249225318778273,0.0022787453216359618,35.8560958027353,1.0,0.058823529411764594,-0.3220410343561414,0.029932842228122116,0.1802091367222677,0.005363234838033516,0.07695722953973656,0.0,0.24008906997556007,0.0030880419908939946,0.07279458866006948,Banks—Regional,Financial Services,FULT
2011Q1,2011,Q1,2011-05-09,2011-03-31,33785000.0,187014000.0,0.0,0.17,187014000.0,1.0,15961196000.0,1910322000.0,12508458000.0,440505000.0,14050874000.0,0.0,184254000.0,2206434890.0,3299590890.0,9.618991032180423,28.395723090543807,0.09033170196017892,0.7547429176861283,0.0,9.618991032180423,0.017685500140813958,11.798233768594864,16.327030412905135,1.15500679466603,0.17676483646588723,0.0,0.002706628700926679,0.011716791147731035,0.9115083824247171,0.0021166960170152663,16.23596292807841,1.0,0.06250000000000006,-0.3384351811775748,0.05958769169406573,0.13329129291573397,-0.027326440177252585,0.07288027945379486,0.0,-0.2911805531078538,-0.004675931007331822,0.03189359781103122,Banks—Regional,Financial Services,FULT
2010Q4,2010,Q4,2011-03-01,2010-12-31,31490000.0,192268000.0,0.0,0.16,192268000.0,1.0,16275254000.0,1880389000.0,12628625000.0,234766000.0,14394865000.0,0.0,158453000.0,2051838580.0,3253270580.0,9.475999939527407,53.792393276709575,0.081158979147115,0.7024519926462025,0.0,9.475999939527407,0.01674653489251426,10.671763267938502,16.289604477611938,1.0911777190783396,0.18945697046681487,0.0,0.0029076361357821823,0.011813517626207247,13.154413330720804,0.0019348392350743036,23.22581958955435,1.0,0.0,-0.3644358819715607,0.11899967733829289,0.21005353817717465,-6.760938418252453e-05,-0.16427813163481952,0.0,-0.2657035163259053,0.09191680485398317,0.06294927648688234,Banks—Regional,Financial Services,FULT
2010Q3,2010,Q3,2010-11-08,2010-09-30,37680000.0,192281000.0,0.0,0.16,192281000.0,1.0,16330773000.0,1876310000.0,12815364000.0,497619000.0,14454463000.0,0.0,132918000.0,1796434920.0,3008943920.0,9.46283575917128,25.75336552663785,0.1017545219690458,0.8856372347852967,0.0,9.46283575917128,0.02008196939738103,9.342758358860209,11.919021496815288,0.957429699783085,0.23988853503184712,0.0,0.005031632317634974,0.011774151780812824,1.0136027764213182,0.002307300456628722,54.38797820163488,1.0,0.14285714285714277,-0.26098519666962383,0.11373987951995139,0.21573055305225927,0.05001010249941296,0.1893188561328199,0.0,0.00017041179657703397,0.0764261543132357,0.07567912957205737,Banks—Regional,Financial Services,FULT
2010Q2,2010,Q2,2010-08-09,2010-06-30,31682000.0,183123000.0,0.0,0.14,183123000.0,1.0,16626877000.0,2231211000.0,12978386000.0,492059000.0,14395666000.0,0.0,109287000.0,1835632650.0,2948029650.0,11.729572444682764,26.37567039724911,0.10912782959782526,0.8132153346321795,0.0,11.729572444682764,0.01419946387858432,10.024042037319179,14.484823006754624,0.8227068842883977,0.315668202764977,0.0,0.0054482578526809265,0.01101367382461541,1.5380696217323533,0.0019054690787692723,82.13488970423732,1.0,0.07692307692307698,-0.3522913990685687,0.12605791832263516,0.5884026248813542,0.04061349274901123,0.15291120815138282,0.0,-0.2758537399064912,0.056118241397488694,0.32667884882337805,Banks—Regional,Financial Services,FULT
2010Q1,2010,Q1,2010-05-07,2010-03-31,27480000.0,175976000.0,0.0,0.13,175976000.0,1.0,16411523000.0,1969838000.0,12552209000.0,511857000.0,14441685000.0,0.0,89120000.0,1796974799.9999998,3416297800.0,11.181207215593675,24.522882367536244,0.11597735322919146,0.9662545854024545,0.0,11.181207215593675,0.013950385767763644,10.211476564986134,16.348024017467246,0.9122449663373332,0.3637918486171761,0.0,0.005563238838964242,0.010722709891092985,0.6695834969532506,0.0016744332625314542,15.385453393494695,1.0,0.18181818181818185,-0.3796164315616185,0.23037464229388138,0.4948479809127872,0.0034097777372304396,0.1270609465999508,0.0,-0.34284439381379656,0.07608965681203919,0.2729889317370912,Banks—Regional,Financial Services,FULT
2009Q4,2009,Q4,2010-03-01,2009-12-31,24382000.0,175378000.0,0.0,0.11,175378000.0,1.0,16635635000.0,1936482000.0,12589285000.0,278010000.0,14699153000.0,0.0,71999000.0,1534615360.0,3103103360.0,11.003488874241425,45.28356893636919,0.10652956740154494,0.9151580030178437,0.0,11.003488874241425,0.012590873553175294,8.75032991595297,15.735125912558445,0.7924759228332616,0.4097284882290214,0.0,0.0065097745405076615,0.01054230872461436,12.91564691917557,0.001465648891671403,-53.47278163002195,1.0,0.09999999999999995,-0.44546253224922766,0.2518748816671318,0.42120131030175617,0.00802961242894339,0.044375910220166195,0.0,-0.48676018295685214,0.061398096184483844,0.25287860275127244,Banks—Regional,Financial Services,FULT
2009Q3,2009,Q3,2009-11-09,2009-09-30,23346000.0,173981000.0,0.0,0.1,173981000.0,1.0,16526709000.0,1923763000.0,12493749000.0,561715000.0,14602946000.0,0.0,57962000.0,1300794200.0,3187365200.0,10.943965002303978,22.242149488619674,0.13085624004149887,1.1241629036424965,0.0,10.943965002303978,0.012135590506730819,7.476645150907283,13.929518975413348,0.6761717529654121,0.4273108883748822,0.0,0.007669160886479967,0.010527262263769514,0.599031537345451,0.0014126224404386863,6.141122761629142,1.0,1.0,-0.455265423135343,0.24216472510628131,0.5566999826336037,0.0038079632589241926,0.7806422088322782,0.0,-0.5256732936144484,0.04940011574119204,0.26159069825911035,Banks—Regional,Financial Services,FULT
2009Q2,2009,Q2,2009-08-10,2009-06-30,13111000.0,173321000.0,0.0,0.05,173321000.0,1.0,16875852000.0,1872928000.0,12780103000.0,597407000.0,15002924000.0,0.0,44937000.0,837147000.0000001,2798779000.0,11.611456912585245,21.392623454361935,0.13551333586002057,1.2210309205692904,0.0,11.611456912585245,0.007000269097370534,4.8300379065433505,15.96268400579666,0.446972334227477,0.7605064449698726,0.0,0.011910691909545157,0.010270355535234607,0.6416864884408786,0.0007769089228798641,-8.896165862574655,1.0,0.0,-0.6558568992785744,0.37007854724858996,0.6807926778367124,0.013395310764193416,0.0019870080244554834,0.0,-0.6989506549730911,0.1699944845664355,0.3945366863103845,Banks—Regional,Financial Services,FULT
2009Q1,2009,Q1,2009-05-11,2009-03-31,13085000.0,171030000.0,0.0,0.05,171030000.0,1.0,16493522000.0,1861321000.0,12607844000.0,865007000.0,14632201000.0,0.0,42143000.0,1162338450.0,3467751450.0,10.617009383110402,14.575424245121717,0.15672298493917794,1.3887523968192483,0.0,10.617009383110402,0.007029953457786163,6.796108577442554,22.207459877722584,0.6244696374241735,2.21444401987008,0.0,0.024929055732433182,0.010369525684083726,0.39175405516949574,0.0007933417738188363,16.27491913916465,1.0,1.0862068965517242,-0.6883053687077721,0.2675888620773505,0.641121811637819,0.19641558005484358,1.1284518048043037,0.0,-0.7097446810390023,0.09772375501234984,0.2508759235173367,Banks—Regional,Financial Services,FULT
2008Q4,2008,Q4,2009-03-02,2008-12-31,-101867000.0,142952000.0,0.0,-0.58,142952000.0,1.0,16185106000.0,1859647000.0,12692284000.0,412979000.0,14325459000.0,0.0,31075000.0,1682432179.9999998,3552475180.0,10.633298835261224,30.733485237748166,0.1326588778596816,1.1545728839935752,0.0,10.633298835261224,-0.05477760026499653,11.769210504225192,-4.128992166256,0.904705129521893,-0.25307508810507817,0.0,0.015323054507908902,0.008832317811202473,7.5936185617186345,-0.006293872897712255,85.79022895313854,1.0,-4.411764705882352,-3.416338305664575,0.06237654288472702,0.662712495781616,-0.13169291697290336,-4.503473655248315,0.0,-3.3328154565915544,-0.05599706062770545,0.35783674126371706,Banks—Regional,Financial Services,FULT
2008Q3,2008,Q3,2008-11-10,2008-09-30,29076000.0,164633000.0,0.0,0.17,164633000.0,1.0,16136145000.0,1603910000.0,12480511000.0,1311043000.0,14532235000.0,0.0,159320000.0,1903391330.0,4658713330.0,9.193410637212475,9.519528344989448,0.19106062817358174,1.922166455723825,0.0,9.193410637212475,0.01812819921317281,11.561420432112639,16.365656641216123,1.1867195353854019,0.8981290411335809,0.0,0.0137197220500106,0.010202746690736852,0.29722747461372356,0.0018019173724579199,26.550304505509835,1.0,0.13333333333333347,-0.2822553616587623,0.25550769192573153,0.4677218090851043,0.00361497195805901,0.13233117844068853,0.0,-0.3518778580177665,0.08378776856918652,0.18111636753100102,Banks—Regional,Financial Services,FULT
2008Q2,2008,Q2,2008-08-11,2008-06-30,25678000.0,164040000.0,0.0,0.15,164040000.0,1.0,16058125000.0,1593478000.0,12502918000.0,2549426000.0,14464647000.0,0.0,156359000.0,1748287950.0000002,5635237950.0,9.16007794940187,4.904209025874844,0.2688243490444868,2.7090521488216344,0.0,9.16007794940187,0.016114436471667635,10.657692940746161,17.021262851468183,1.0971522355501615,1.0112937144637433,0.0,0.014853388424944528,0.010215389405674697,0.19268298040421647,0.0015990658934340093,929.9403989361704,1.0,-0.375,-0.36429895554522534,0.27018741127920304,0.5380341969755627,0.002818210161451042,-0.3811933680354733,0.0,-0.4259630781454889,0.10300924595259037,0.24044520186611593,Banks—Regional,Financial Services,FULT
2008Q1,2008,Q1,2008-05-12,2008-03-31,41496000.0,163579000.0,0.0,0.24,163579000.0,1.0,16052867000.0,1611720000.0,12097578000.0,1191960000.0,14441147000.0,0.0,156708000.0,2124940999.9999998,4722214000.0,9.32168883747831,10.149315413268901,0.18789740175384248,1.8714739532921352,0.0,9.32168883747831,0.02574640756458938,12.990304378923943,12.802083333333332,1.318430620703348,0.629313668787353,0.0,0.012289282384781509,0.010190017770657415,0.406795530051344,0.002584958811407333,29.30508474576271,1.0,0.11053610414101991,0.03359375143201238,0.2926684513869409,0.5815666760432313,0.043486304078794606,0.08688022211163204,0.0,-0.04545454335315796,0.1653551525561505,0.24624358253268053,Banks—Regional,Financial Services,FULT
2007Q4,2007,Q4,2008-02-29,2007-12-31,38179000.0,156762000.0,0.0,0.2161118392324901,156762000.0,1.0,15923098000.0,1574920000.0,11915038000.0,1167786000.0,14348178000.0,0.0,141993000.0,1982160632.7600002,4410528632.76,8.914818561094668,10.203100568083537,0.17211983497181266,1.740203311914256,0.0,8.914818561094668,0.024241866253523987,12.644394896467258,12.97939071714817,1.258578615269347,0.6812383771183111,0.0,0.01312153998527584,0.009844943490268036,3.0986542054794284,0.002397711802062639,36.882896668527415,1.0,0.1374307328025795,-0.054765407735105576,0.20887356107679692,0.5306605331006806,-0.015023279485777837,0.13743073348030746,0.0,-0.1349859067939571,0.11471456166806239,0.151430420381427,Banks—Regional,Financial Services,FULT
2007Q3,2007,Q3,2007-11-09,2007-09-30,33566000.0,159153000.0,0.0,0.19,159153000.0,1.0,15438177000.0,1554120000.0,11641549000.0,1001372000.0,13884057000.0,0.0,129833000.0,2582815369.96,4798635369.96,8.797080373713234,11.625598678612944,0.16605503357034965,1.6495425063701645,0.0,8.797080373713234,0.021598074794739144,16.228505714375476,19.236842116725256,1.6619150194064807,0.773610200798427,0.0,0.010053757733524,0.010309053977033687,0.42111622853445074,0.0021742204406647236,31.836300290405287,1.0,-0.1739130434782609,-0.1668607979299657,0.2253644458516259,0.5291204271330106,0.007852425069500294,-0.15758564437194128,0.0,-0.22070312546433707,0.13063670743005384,0.25132114933689853,Banks—Regional,Financial Services,FULT
2007Q2,2007,Q2,2007-08-09,2007-06-30,39845000.0,157913000.0,0.0,0.23,157913000.0,1.0,15078415000.0,1531660000.0,11479389000.0,729064000.0,13546755000.0,0.0,122258000.0,2498108254.6,4325337254.6,8.841305079285494,15.745379006506973,0.1473252327913776,1.4503421124792708,0.0,8.841305079285494,0.026014259039212357,15.819522487698922,15.673913004141045,1.6309809321912174,0.6412347847910653,0.0,0.010227739311517985,0.010472785103739352,0.6391578791436692,0.002642519124191767,45.89073875009185,1.0,-0.04166666666666659,0.0400537148606143,0.2758248338866962,0.525319008095528,-0.018198209400646606,-0.031195292744602216,0.0,-0.026209676934883356,0.16225263020986655,0.2798050194439366,Banks—Regional,Financial Services,FULT
2007Q1,2007,Q1,2007-05-10,2007-03-31,41128000.0,160840000.0,0.0,0.24,160840000.0,1.0,14670336000.0,1521931000.0,11196201000.0,759565000.0,13148405000.0,0.0,108423000.0,2517656690.0,4432090690.0,8.783428462599481,14.740280292009242,0.15489515713886853,1.493079515431383,0.0,8.783428462599481,0.02702356414318389,15.653175142999254,15.303787504862866,1.6542515330852714,0.6223497374051741,0.0,0.010166596622035865,0.010963620737793599,0.560202221008077,0.002803480438348515,26.846700114098038,1.0,-0.11091084647570014,0.1008547253709107,0.36624026853202596,0.5691639684919269,-0.007766858524728715,-0.11751957944426564,0.0,-0.00875418409485851,0.20611401660061074,0.3576964577109061,Banks—Regional,Financial Services,FULT
