Quarters,Year,Quarter,FillingDate,Date,NetIncome,Revenue,OperatingIncome,EPSDiluted,GrossProfit,GrossProfitRatio,TotalAssets,CommonStockEquity,CurrentAssets,CurrentLiability,TotalLiability,Inventory,RetainedEarnings,MarketCap,EnterpriseValue,bookValuePerShare,currentRatio,debtToAssets,debtToEquity,roic,shareholdersEquityPerShare,roe,priceToSalesRatio,peRatio,pbRatio,payoutRatio,inventoryTurnover,dividendYield,assetTurnover,quickRatio,returnOnAssets,priceToFreeCashFlowsRatio,grossProfitMargin,epsdilutedGrowth,fiveYNetIncomeGrowthPerShare,fiveYRevenueGrowthPerShare,fiveYShareholdersEquityGrowthPerShare,grossProfitGrowth,netIncomeGrowth,operatingIncomeGrowth,threeYNetIncomeGrowthPerShare,threeYRevenueGrowthPerShare,threeYShareholdersEquityGrowthPerShare,Industry,Sector,Symbol
2023Q1,2023,Q1,2023-05-31,2023-03-31,3933223.0,0.0,-361445.0,0.24,-361445.0,0.0,136962113.0,130806575.0,1022716.0,597538.0,6155538.0,0.0,-5133147.0,34027500.0,33092888.0,40.248176923076926,1.7115497257078212,0.0,0.0,-0.006085646964153675,40.248176923076926,0.030069000736392647,0.0,2.162825499596641,0.2601360061602408,0.0,0.0,0.0,0.0,1.5641047096586327,0.028717598712864483,-201.82144933037569,0.0,-0.2941176470588236,-0.7250861092901438,0.0,0.0350670938229763,0.0,-0.05124688953019966,0.10034597769812824,-0.7250861092901438,0.0,0.0350670938229763,Shell Companies,Financial Services,LATG
2022Q4,2022,Q4,2023-04-19,2022-12-31,4145676.0,0.0,-401760.0,0.34,0.0,0.0,135786357.0,129020686.0,1274294.0,487671.0,6765671.0,0.0,-5491702.0,33409999.999999996,32306785.999999996,39.698672615384616,2.6130198432959926,0.0,0.0,-0.006896148509678049,39.698672615384616,0.0321318706986258,0.0,2.014749826083852,0.2589507236072206,0.0,0.0,0.0,0.0,2.2622095634146793,0.030530872847557136,-708.5595520868679,0.0,4.990610328638498,46.79086541116695,0.0,1969.7294728007935,0.0,3.993053926109253,-1.2838494896841737,46.79086541116695,0.0,1969.7294728007935,Shell Companies,Financial Services,LATG
2022Q3,2022,Q3,2022-11-14,2022-09-30,-1385099.0,0.0,1415398.0,-0.0852,0.0,0.0,134854995.0,127148728.0,1464650.0,276267.0,7706267.0,0.0,-6241942.0,32792500.0,31642134.0,39.12268553846154,5.301574201768579,0.0,0.0,0.01845223352187293,39.12268553846154,-0.010893534066656175,0.0,-5.918800749982492,0.2579066304147376,0.0,0.0,0.0,0.0,4.163964570506068,-0.01027102481446831,-305.57522783606987,0.0,-1.3704347826086958,0.0,0.0,0.0,0.0,-1.3644642495335981,4.487052261512043,0.0,0.0,0.0,Shell Companies,Financial Services,LATG
2022Q2,2022,Q2,2022-08-15,2022-06-30,3800370.0,0.0,-405901.0,0.23,0.0,0.0,134503012.0,127984328.0,1715168.0,240684.0,6518684.0,0.0,-4803841.0,32516250.000000004,31258570.000000004,39.37979323076923,7.126223596084492,0.0,0.0,-0.007489228588366426,39.37979323076923,0.029694026287343557,0.0,2.1390187008107104,0.25406431012397085,0.0,0.0,0.0,0.0,5.225440826976451,0.02825490629161524,-206.81743013064332,0.0,-0.8,0.0,0.0,0.0,0.0,-0.734371912592544,-0.5827130262537091,0.0,0.0,0.0,Shell Companies,Financial Services,LATG
2022Q1,2022,Q1,2022-05-23,2022-03-31,14307109.0,0.0,-256459.0,1.15,0.0,0.0,134626170.0,126374972.0,1978479.0,133698.0,8251198.0,0.0,-6225353.0,32402500.000000004,30987598.000000004,38.88460676923077,14.798119642777005,0.0,0.0,-0.004039869508816652,38.88460676923077,0.11321157008841909,0.0,0.5661957981867616,0.2563996611607558,0.0,0.0,0.0,0.0,10.5828209846071,0.1062728665607883,-38.763468967093075,0.0,160.72222222222223,0.0,0.0,0.0,0.0,159.02848622079858,-1.8327055834760038,0.0,0.0,0.0,Shell Companies,Financial Services,LATG
2021Q4,2021,Q4,2022-04-13,2021-12-31,-90535.0,0.0,-90535.0,-0.0072,0.0,0.0,372964.0,-65535.0,0.0,504034.0,438499.0,0.0,-90535.0,32272500.0,32272500.0,-0.020164615384615385,0.0,0.0,0.0,1.3814755474174105,-0.020164615384615385,1.3814755474174105,0.0,-89.11608770088915,-492.44678416113527,,0.0,,0.0,0.0,-0.24274460805868664,0.0,0.0,0.0,0.0,0.0,0.0,0.0,0.0,0.0,0.0,0.0,0.0,Shell Companies,Financial Services,LATG
2021Q3,2021,Q3,2021-09-30,2021-09-30,,,,,,,246255.0,-66442.0,0.0,312697.0,312697.0,0.0,-91442.0,0.0,0.0,0.0,0.0,0.0,0.0,,0.0,,0.0,0.0,0.0,0.0,0.0,,,0.0,,0.0,0.0,0.0,0.0,0.0,0.0,0.0,0.0,0.0,0.0,0.0,0.0,Shell Companies,Financial Services,LATG
2021Q2,2021,Q2,2021-05-31,2021-05-31,,,,,,,126709.0,-65000.0,0.0,191709.0,191709.0,0.0,-90000.0,0.0,0.0,0.0,0.0,0.0,0.0,,0.0,,0.0,0.0,0.0,0.0,0.0,,,0.0,,0.0,0.0,0.0,0.0,0.0,0.0,0.0,0.0,0.0,0.0,0.0,0.0,Shell Companies,Financial Services,LATG
