Quarters,Year,Quarter,FillingDate,Date,NetIncome,Revenue,OperatingIncome,EPSDiluted,GrossProfit,GrossProfitRatio,TotalAssets,CommonStockEquity,CurrentAssets,CurrentLiability,TotalLiability,Inventory,RetainedEarnings,MarketCap,EnterpriseValue,bookValuePerShare,currentRatio,debtToAssets,debtToEquity,roic,shareholdersEquityPerShare,roe,priceToSalesRatio,peRatio,pbRatio,payoutRatio,inventoryTurnover,dividendYield,assetTurnover,quickRatio,returnOnAssets,priceToFreeCashFlowsRatio,grossProfitMargin,epsdilutedGrowth,fiveYNetIncomeGrowthPerShare,fiveYRevenueGrowthPerShare,fiveYShareholdersEquityGrowthPerShare,grossProfitGrowth,netIncomeGrowth,operatingIncomeGrowth,threeYNetIncomeGrowthPerShare,threeYRevenueGrowthPerShare,threeYShareholdersEquityGrowthPerShare,Industry,Sector,Symbol
2023Q1,2023,Q1,2023-05-03,2023-03-31,257000000.0,3018000000.0,465000000.0,0.56,1035000000.0,0.3429423459,41208000000.0,26737000000.0,11200000000.0,3406000000.0,14047000000.0,2443000000.0,-20807000000.0,32928076000.0,37510076000.0,58.27593722755013,3.288314738696418,0.19673364395263054,0.30321277630250215,0.010233815826302532,58.27593722755013,0.009612147959756142,10.91056196156395,32.03120233463035,1.2315546246774132,0.642023346303502,0.8117069177241097,0.005010921379068732,0.07323820617355853,2.137991779213153,0.0062366530770724135,322.8242745098039,0.3429423459244533,1.5454545454545459,-0.6081273213972651,-0.7638109493183965,-0.5555164542402821,-0.019886363636363636,1.4476190476190476,-0.12921348314606743,1.6716427099491615,-0.0694248814433429,0.08828113666578657,Specialty Chemicals,Basic Materials,DD
2022Q4,2022,Q4,2023-02-15,2022-12-31,105000000.0,3104000000.0,534000000.0,0.22,1056000000.0,0.3402061856,41400000000.0,26499000000.0,11315000000.0,3848000000.0,14453000000.0,2329000000.0,-21135000000.0,32757098999.999996,37169099000.0,55.51854179761156,2.9404885654885655,0.19502415458937197,0.3046907430469074,0.008403035163712314,55.51854179761156,0.003962413675987773,10.553189110824741,77.99309285714286,1.2361635910789086,1.4476190476190476,0.8793473593817089,0.004640215545338737,0.07497584541062802,1.9443866943866943,0.002536231884057971,-105.3282926045016,0.3402061855670103,-0.6986301369863014,1.1350985053744016,-0.7486230222449032,-0.5707964862414748,-0.13584288052373159,-0.7138964577656676,-0.1414790996784566,-0.07417790411976463,-0.07437444773661997,0.0033079734913725304,Specialty Chemicals,Basic Materials,DD
2022Q3,2022,Q3,2022-11-08,2022-09-30,367000000.0,3317000000.0,622000000.0,0.73,1222000000.0,0.3684051854,44099000000.0,24909000000.0,14350000000.0,6014000000.0,18596000000.0,2359000000.0,-22692000000.0,25169760000.0,35235760000.0,49.87785342410893,2.3860991020951112,0.2687362525227329,0.47577180938616564,0.012197093690031332,49.87785342410893,0.014733630414709542,7.588109737714802,17.145613079019075,1.0104685053595086,0.44959128065395093,0.8880881729546418,0.006555485630375499,0.07521712510487766,0.6720984369803791,0.008322184176511939,101.90186234817814,0.36840518540850165,0.013888888888888902,-0.24805743480113882,-0.7724872920555338,-0.7451829166895637,0.041773231031543054,0.005479452054794521,0.01468189233278956,0.4727269497590657,-0.08743293278879,-0.10062065287168134,Specialty Chemicals,Basic Materials,DD
2022Q2,2022,Q2,2022-08-04,2022-06-30,365000000.0,3322000000.0,613000000.0,0.72,1173000000.0,0.3531005418,44440000000.0,25528000000.0,14006000000.0,5494000000.0,18303000000.0,2356000000.0,-22808000000.0,28090132000.0,37937132000.0,50.51048674317372,2.5493265380415,0.25396039603960396,0.4421027890943278,0.012714194210630633,50.51048674317372,0.014298025697273582,8.455789283564117,19.239816438356165,1.1003655593857724,0.4547945205479452,0.9121392190152802,0.0059095485916548915,0.07475247524752475,0.6745540589734256,0.008213321332133214,-573.268,0.3531005418422637,0.5999999999999999,-0.7791669513763092,-0.8080775062978928,-0.28212065531171204,0.007731958762886598,0.5732758620689655,0.20669291338582677,1.9473344620653854,-0.09963686986688595,-0.09935831617775752,Specialty Chemicals,Basic Materials,DD
2022Q1,2022,Q1,2022-05-06,2022-03-31,232000000.0,3274000000.0,508000000.0,0.45,1164000000.0,0.3555284056,45393000000.0,26176000000.0,14443000000.0,5122000000.0,18602000000.0,2238000000.0,-23096000000.0,37672960000.0,47039960000.0,51.125,2.8197969543147208,0.2431872755711233,0.42172218826405866,0.011350878384202616,51.125,0.008863080684596576,11.506707391569945,40.595862068965516,1.4392176039119804,0.728448275862069,0.9428060768543343,0.004485976148409894,0.07212565814112308,0.7807497071456462,0.0051109201859317515,-896.9752380952381,0.3555284056200366,-0.11764705882352941,-0.7954646145129505,-0.8062631360768613,-0.24269831306356252,-0.1762208067940552,-0.12781954887218044,0.20094562647754138,-0.3464259342848558,-0.7559108967117045,-0.585203844426085,Specialty Chemicals,Basic Materials,DD
2021Q4,2021,Q4,2022-02-11,2021-12-31,266000000.0,4271000000.0,423000000.0,0.51,1413000000.0,0.3308358698,45707000000.0,26433000000.0,8065000000.0,4262000000.0,18657000000.0,2862000000.0,-23187000000.0,41690558000.0,50461558000.0,51.21681844603759,1.8923040825903332,0.23589384558163956,0.4078992168879809,0.008637988016229142,51.21681844603759,0.010063178602504445,9.761310700070242,39.1828552631579,1.5772162826769567,0.5789473684210527,0.9986023759608665,0.0036938819576365464,0.09344301748091102,1.1079305490380102,0.005819677511103332,100.70183091787439,0.33083586981971436,-0.32,2.654739258342897,-0.7656328749974329,-0.27327782074663043,-0.0535833891493637,-0.319693094629156,-0.3686567164179104,-0.1745948966479365,-0.6867909920521398,-0.588028097240148,Specialty Chemicals,Basic Materials,DD
2021Q3,2021,Q3,2021-11-03,2021-09-30,391000000.0,4271000000.0,670000000.0,0.75,1493000000.0,0.3495668461718567,46015000000.0,26633000000.0,8497000000.0,4221000000.0,18776000000.0,2844000000.0,-22892000000.0,35456785000.0,44415785000.0,51.06999041227229,2.0130300876569533,0.2309898945995871,0.3990913528329516,0.0139528311487637,51.06999041227229,0.014681034806443135,8.301752516974947,22.670578644501276,1.3313102166485187,0.40153452685422,0.9767932489451476,0.004427925430915409,0.09281755949147018,1.0845771144278606,0.008497229164402912,-21.13038438617402,0.3495668461718567,-0.16666666666666669,-0.6542153686529004,-0.7567260654994723,-0.3477963320852721,0.008783783783783784,-0.18200836820083682,-0.05099150141643059,0.1546598883579522,-0.6884910315067607,-0.6014993216236053,Specialty Chemicals,Basic Materials,DD
2021Q2,2021,Q2,2021-08-04,2021-06-30,478000000.0,4135000000.0,706000000.0,0.9,1480000000.0,0.35792019347037485,45839000000.0,26877000000.0,10492000000.0,3940000000.0,18375000000.0,2642000000.0,-22783000000.0,40996336000.0,47661336000.0,50.74962235649547,2.662944162436548,0.2318331551735422,0.39539383115675114,0.01484910141053486,50.74962235649547,0.017784722997358338,9.91447061668682,21.44159832635983,1.5253315474197267,0.3305439330543933,1.0049205147615443,0.0038540029528492496,0.0902070289491481,1.7228426395939087,0.010427801653613735,183.01935714285713,0.35792019347037485,-0.898876404494382,-0.8957977686731058,-0.7580540196473204,-0.3504302717869084,0.01092896174863388,-0.9113830181683352,0.030656934306569343,-0.6071008458595064,-0.7521500798429022,-0.6025059338756416,Specialty Chemicals,Basic Materials,DD
2021Q1,2021,Q1,2021-05-04,2021-03-31,5394000000.0,3976000000.0,685000000.0,8.9,1464000000.0,0.3682092555331992,47804000000.0,27188000000.0,12540000000.0,5667000000.0,20099000000.0,2499000000.0,-22618000000.0,46738944000.0,54976944000.0,44.9537037037037,2.212811011116993,0.2640364823027362,0.4642489333529498,0.016245797555842257,44.9537037037037,0.19839635133146977,11.755267605633803,2.166246941045606,1.7191019567456232,0.029847979236188357,1.005202080832333,0.0034446649029982366,0.08317295623797172,1.5870831127580731,0.11283574596268095,556.416,0.3682092555331992,28.666666666666668,11.908622185312773,-0.7741898211733643,-0.35440980583913145,-0.15424610051993068,23.2972972972973,0.5222222222222223,5.239279355185689,-0.7639529769487059,-0.6571280949247812,Specialty Chemicals,Basic Materials,DD
2020Q4,2020,Q4,2021-02-12,2020-12-31,222000000.0,5252000000.0,450000000.0,0.3,1731000000.0,0.3295887281035796,70904000000.0,38504000000.0,10877000000.0,4699000000.0,31834000000.0,3726000000.0,-11586000000.0,52237406000.0,71504406000.0,52.41491968418187,2.3147478186848267,0.3076131106848697,0.5664606274672761,0.01334340864308534,52.41491968418187,0.005765634739247871,9.946193069306931,58.82590765765766,1.3566747870351132,0.990990990990991,0.9449812130971551,0.004211541438332524,0.07407198465530859,1.297084486060864,0.0031309940200834933,50.617641472868215,0.3295887281035796,3.727272727272727,-0.9691715223101504,-0.7701676486205701,-0.23886137715780636,0.01584507042253521,3.810126582278481,-0.0022172949002217295,1.1855900676568372,-0.7236439251311945,-0.5947900111672321,Specialty Chemicals,Basic Materials,DD
2020Q3,2020,Q3,2020-10-30,2020-09-30,-79000000.0,5096000000.0,451000000.0,-0.11,1704000000.0,0.33437990580847726,72141000000.0,37559000000.0,12606000000.0,6984000000.0,34023000000.0,3902000000.0,-11808000000.0,40744512000.0,60932512000.0,51.14242919389978,1.8049828178694158,0.33539873303669204,0.6442131047152481,-0.026290988583920327,51.14242919389978,-0.002103357384381906,7.995390894819466,-128.93832911392403,1.0848135466865465,-2.7848101265822787,0.8692977960020503,0.0053995001829939705,0.07063944220346266,1.0926403207331041,-0.001095077695069378,38.04342857142857,0.33437990580847726,0.9673590504451038,-1.0297625304099822,-0.7806726964857063,-0.20041649978686257,0.10865322055953155,0.9681194511702986,0.7413127413127413,-1.1100681245205064,-0.762312973690902,-0.7387224239625974,Specialty Chemicals,Basic Materials,DD
2020Q2,2020,Q2,2020-07-31,2020-06-30,-2478000000.0,4828000000.0,259000000.0,-3.37,1537000000.0,0.31835128417564207,66753000000.0,37005000000.0,11986000000.0,8010000000.0,29176000000.0,4307000000.0,-11728000000.0,39013359000.0,54443359000.0,50.39493395070135,1.4963795255930088,0.28713316255449195,0.5179570328334009,0.004544627460684675,50.39493395070135,-0.06696392379408188,8.080646023198012,-3.935972457627119,1.0542726388325903,-0.08878127522195318,0.7641049454376596,0.005639094034430616,0.07232633739307597,0.917852684144819,-0.0371219271043998,69.17262234042553,0.31835128417564207,-3.060240963855422,-2.0493652471362265,-0.806791501727302,-0.19032106655565764,-0.19232790331056226,-3.022727272727273,-0.48303393213572854,-2.0318919273970595,-0.8080203389407576,-0.28376294720564593,Specialty Chemicals,Basic Materials,DD
2020Q1,2020,Q1,2020-05-05,2020-03-31,-616000000.0,5221000000.0,501000000.0,-0.83,1903000000.0,0.3644895613867075,67987000000.0,39551000000.0,10392000000.0,8545000000.0,27870000000.0,4410000000.0,-9251000000.0,25186260000.0,41568260000.0,53.54860546980775,1.2161497952018725,0.2666686278259079,0.45839548936815755,0.009266612831510111,53.54860546980775,-0.015574827437991453,4.824029879333461,-10.221696428571429,0.6368046319941342,-0.36038961038961037,0.7523809523809524,0.008814329717869981,0.07679409298836543,0.6573434757167934,-0.009060555694471001,153.57475609756096,0.3644895613867075,-4.458333333333333,-1.2136185247223745,-0.7836700614472835,-0.08837987137286436,0.05957683741648107,-4.5,-0.19193548387096773,-1.3764626010738603,-0.7858352743539032,-0.20679805857449093,Specialty Chemicals,Basic Materials,DD
2019Q4,2019,Q4,2020-02-14,2019-12-31,176000000.0,5204000000.0,620000000.0,0.24,1796000000.0,0.345119139123751,69396000000.0,40987000000.0,9999000000.0,8346000000.0,27840000000.0,4319000000.0,-8400000000.0,47552940000.0,63459940000.0,55.335493452139865,1.198058950395399,0.2514121851403539,0.4256715543952961,0.010722539045090986,55.335493452139865,0.004294044453119282,9.137767102229054,67.54678977272727,1.1601956717983752,1.2613636363636365,0.7890715443389673,0.004668481065524025,0.07498991296328318,0.6400670980110232,0.0025361692316560034,1828.9592307692308,0.345119139123751,-0.52,-0.8890849997980658,-0.8132678353154946,-0.056560765586269546,-0.05224274406332454,-0.5268817204301075,-0.20308483290488433,0.6849186752656011,-0.8010261866026595,-0.214837398891364,Specialty Chemicals,Basic Materials,DD
2019Q3,2019,Q3,2019-10-31,2019-09-30,372000000.0,5426000000.0,778000000.0,0.5,1895000000.0,0.3492443789163288,70119000000.0,41344000000.0,10688000000.0,6616000000.0,28207000000.0,4306000000.0,-8289000000.0,53161605000.0,69237605000.0,55.458081824279006,1.6154776299879081,0.2593163051384076,0.4397977941176471,0.010696292354089055,55.458081824279006,0.008997678018575851,9.797568190195356,35.72688508064516,1.285836034249226,0.6021505376344086,0.8200185787273572,0.004213567291657202,0.07738273506467576,0.9182285368802902,0.005305266760792367,91.34296391752578,0.3492443789163288,1.6578947368421053,-0.7928049906783283,-0.8034185798347181,-0.16144458338449344,-0.03904665314401623,1.6514886164623468,-0.08037825059101655,-0.769867193229026,-0.7838016067293235,-0.29175697725178923,Specialty Chemicals,Basic Materials,DD
2019Q2,2019,Q2,2019-08-06,2019-06-30,-571000000.0,5468000000.0,846000000.0,-0.76,1972000000.0,0.3606437454279444,70843000000.0,42006000000.0,10623000000.0,6457000000.0,28267000000.0,4390000000.0,-8299000000.0,56789179999.99999,72895180000.0,56.082777036048064,1.64519126529348,0.2507940092881442,0.4229633861829262,0.01631997189392391,56.082777036048064,-0.013593296195781555,10.38573152889539,-24.863914185639224,1.351930200447555,-0.5499124343257443,0.7963553530751708,0.005529222291992947,0.0771847606679559,0.9111042279696453,-0.008060076507206075,-76.950108401084,0.3606437454279444,-2.101449275362319,-1.3098011990934482,-0.807681759786081,-0.1762179990526,-0.5994312411131424,-2.098076923076923,-0.5893203883495146,-1.0880139250571834,-0.7737765808976895,-0.28216856510108584,Specialty Chemicals,Basic Materials,DD
2019Q1,2019,Q1,2019-05-03,2019-03-31,520000000.0,19649000000.0,2060000000.0,0.69,4923000000.0,0.25054710163367094,189785000000.0,92444000000.0,49248000000.0,28580000000.0,95687000000.0,16604000000.0,29764000000.0,58093277194.69506,91830277194.69507,123.25331204977797,1.7231630510846745,0.2385857681060147,0.4898100471636883,0.01065524126522226,123.25331204977797,0.005625027043399247,2.9565513356758646,27.92946018975724,0.6284158754997086,1.6365384615384615,0.8868947241628523,0.014648855101562618,0.10353294517480306,1.0639608117564732,0.002739942566588508,-51.04857398479355,0.25054710163367094,0.11290322580645154,-0.7377038516539894,-0.28103759012643453,0.8292166371896387,0.08627537511032657,0.09473684210526316,0.1852704257767549,0.0034689606750498234,-0.1001518178747098,0.7700683837231964,Specialty Chemicals,Basic Materials,DD
2018Q4,2018,Q4,2019-02-11,2018-12-31,475000000.0,20099000000.0,1738000000.0,0.62,4532000000.0,0.22548385491815512,188030000000.0,94571000000.0,49603000000.0,24715000000.0,91851000000.0,16621000000.0,30536000000.0,57901735479.47166,84883735479.47165,124.32114448322723,2.0069997976937084,0.2151997021751848,0.4278690084698269,0.009069626637294279,124.32114448322723,0.005022681371667848,2.8808266818981867,30.474597620774553,0.6122567751157506,1.823157894736842,0.9365862463149028,0.014956373808640497,0.10689251715151837,1.2524782520736395,0.002526192628835824,15.2775027650321,0.22548385491815512,-0.04615384615384619,-0.7636361196901148,-0.2714100468137726,0.8335247476021223,-0.024537236332328884,-0.04426559356136821,-0.10780287474332649,-0.9363012870785467,-0.15062624933612298,0.805318509925824,Specialty Chemicals,Basic Materials,DD
2018Q3,2018,Q3,2018-11-02,2018-09-30,497000000.0,20123000000.0,1948000000.0,0.65,4646000000.0,0.23088008746210803,184453000000.0,98090000000.0,45405000000.0,27680000000.0,84709000000.0,16441000000.0,30933000000.0,70612938090.83743,98841938090.83743,128.1553412163462,1.6403540462427746,0.19066103560256542,0.35852788255683554,0.00914709793489462,128.1553412163462,0.005066775410337445,3.5090661477333116,35.51958656480757,0.719879071167677,1.7505030181086518,0.9413660969527401,0.012320688297671743,0.10909554195377684,0.9702673410404624,0.0026944533295744717,-52.26716364976864,0.23088008746210803,-0.7149122807017544,-0.6214929730451686,-0.24232489777505906,1.1130528349891562,-0.2591293254664328,-0.7188914027149321,-0.360682638660978,-0.8203431442928635,-0.1690007112017859,1.0036376432623124,Specialty Chemicals,Basic Materials,DD
2018Q2,2018,Q2,2018-08-03,2018-06-30,1768000000.0,24245000000.0,3047000000.0,2.28,6271000000.0,0.2586512683027428,187367000000.0,98262000000.0,47897000000.0,28110000000.0,87485000000.0,15630000000.0,30432000000.0,72208423995.99504,97214423995.99504,127.67391184304658,1.7039131981501245,0.18279633019688632,0.34855793694408826,0.01750778779545514,127.67391184304658,0.017992713358164904,2.9782810474735015,10.210467194003822,0.7348560378986285,0.49490950226244346,1.1499680102367242,0.012117699730554026,0.12939845330287617,1.0691568836712912,0.00943602662155022,57.21745166085186,0.2586512683027428,0.6056338028169014,-0.6254699229175326,-0.1455823386836765,1.1747429421122773,0.20712223291626564,0.6014492753623188,0.36087539079946407,-0.2856719081192915,-0.0742979066295073,1.0512950145121933,Specialty Chemicals,Basic Materials,DD
2018Q1,2018,Q1,2018-05-04,2018-03-31,1104000000.0,21510000000.0,2239000000.0,1.42,5195000000.0,0.24151557415155742,192441000000.0,101260000000.0,49733000000.0,26617000000.0,89517000000.0,17457000000.0,29366000000.0,70032424280.17235,94212424280.17235,131.10932403120577,1.8684675207574106,0.17907306655026736,0.34032194351175193,0.012335364193334326,131.10932403120577,0.01090262690104681,3.2558077303659854,15.858791730111491,0.691609957339249,0.7971014492753623,0.9345821160565962,0.012565608131448712,0.11177451790418881,1.1393470338505467,0.005736823234134099,-23.812453002438744,0.24151557415155742,1.8711656441717792,-0.11375054016604477,-0.23765498404082763,1.4582193167926494,0.8673616103522646,1.8741092636579573,446.8,-0.6338726002755419,-0.1476689641831546,1.232026357902719,Specialty Chemicals,Basic Materials,DD
2017Q4,2017,Q4,2018-02-15,2017-12-31,-1263000000.0,20066000000.0,5000000.0,-1.63,2782000000.0,0.1386424798166052,192164000000.0,100330000000.0,49893000000.0,26128000000.0,90237000000.0,16992000000.0,29211000000.0,78622205887.99306,99255205887.99306,129.35248668268576,1.9095606246172687,0.17730167981515788,0.33958935512807736,1.5002518688594816e-05,129.35248668268576,-0.012588458088308581,3.9181802994115946,-15.562590239111849,0.7836360598823189,-1.1456848772763262,1.0171845574387948,0.01840446962352377,0.10442122353822776,1.1974510104102878,-0.006572510980204409,26.543621164075983,0.1386424798166052,-2.6804123711340204,-0.011243745672246392,-0.27155454495970843,1.4279770555625182,-0.12625628140703518,-3.4571984435797667,-0.9964985994397759,-1.760093960084392,-0.3124109271859237,1.2053875983047928,Specialty Chemicals,Basic Materials,DD
2017Q3,2017,Q3,2017-11-06,2017-09-30,514000000.0,15354000000.0,1428000000.0,0.97,3184000000.0,0.20737267161651687,198527000000.0,102946000000.0,54801000000.0,27278000000.0,93993000000.0,17255000000.0,31366000000.0,51821719916.348366,75574719916.34836,195.7398333585986,2.008981596891268,0.18587396172812767,0.35845006119713246,0.005028428687541862,195.7398333585986,0.004992908903697084,3.3751282998794037,25.20511669083092,0.5033874061774948,1.7198443579766538,0.7053028107794842,0.017058484385060357,0.0773396061996605,1.2181978150890829,0.0025890684894246123,27.63825062205246,0.20737267161651687,-0.6987577639751552,-0.34359012189289956,-0.16316917463880212,2.210852888191412,0.03713355048859935,-0.6109008327024981,-0.13611615245009073,-0.594195503478503,-0.2115001764550478,1.9596894106498135,Specialty Chemicals,Basic Materials,DD
2017Q2,2017,Q2,2017-06-30,2017-06-30,1321000000.0,13834000000.0,1653000000.0,3.22,3070000000.0,0.2219170160474194,82247000000.0,28421000000.0,25935000000.0,13429000000.0,52658000000.0,8163000000.0,31417000000.0,36259291829.765625,51548291829.765625,70.36069099481612,1.9312681510164569,0.26149282040682337,0.7567291791281094,0.024803379490501605,70.36069099481612,0.04647971570317723,2.62102731167888,6.86209156505784,1.2757922602922354,0.42165026495079483,1.318632855567806,0.015361579663912604,0.16820066385400076,1.2720232333010648,0.016061376098824274,71.23632972449042,0.2219170160474194,0.4770642201834862,0.7372019163217335,-0.07990193334562795,0.18652333282337785,0.012199142762940983,0.48761261261261263,0.03636363636363636,0.32899198792711143,-0.0977803101628051,0.03350571920672643,Specialty Chemicals,Basic Materials,DD
2017Q1,2017,Q1,2017-03-31,2017-03-31,888000000.0,13230000000.0,1595000000.0,2.18,3033000000.0,0.22925170068027212,80828000000.0,27060000000.0,24640000000.0,13193000000.0,52494000000.0,8210000000.0,30659000000.0,36249151041.42872,51871151041.42872,67.50942310298996,1.867657090881528,0.2656257732468946,0.7934220251293422,0.026660137839721865,67.50942310298996,0.032815964523281595,2.739920713637847,10.205279009411237,1.339584295692118,0.5698198198198198,1.2420219244823385,0.013958947601881731,0.16368090265749494,1.1792617297051466,0.010986291879051814,-105.99166971177988,0.22925170068027212,14.571428571428571,0.724909455771836,-0.13225670858473124,0.13453792476333962,0.23998364677023712,16.076923076923077,0.6736621196222455,-0.16185671399739776,-0.09417915429015536,0.0019151441317089009,Specialty Chemicals,Basic Materials,DD
2016Q4,2016,Q4,2016-12-31,2016-12-31,52000000.0,13020000000.0,953000000.0,0.14,2446000000.0,0.1878648233486943,79511000000.0,25987000000.0,23659000000.0,12604000000.0,52282000000.0,7363000000.0,30338000000.0,30029424903.081326,44785424903.08133,70.47647630440765,1.8771025071405902,0.2686798053099571,0.8220648785931427,-0.008538606764583534,70.47647630440765,0.002001000500250125,2.3064074426329744,144.3722351109679,1.1555556587171019,13.076923076923077,1.4360994159989136,0.022644456302265883,0.16375092754461648,1.2401618533798795,0.0006539975600860259,33.21839037951474,0.1878648233486943,-0.9345794392523364,-0.1652142475658889,-0.036239049381772026,0.2170446427732847,-0.07418622255866768,-0.9353233830845771,-0.21692686935086278,-0.9466183661090136,-0.02630995522201926,0.039407769008752494,Specialty Chemicals,Basic Materials,DD
2016Q3,2016,Q3,2016-09-30,2016-09-30,804000000.0,12483000000.0,1217000000.0,2.14,2642000000.0,0.21164784106384682,80624000000.0,29035000000.0,24778000000.0,12655000000.0,50275000000.0,8013000000.0,30884000000.0,27353174471.244545,41613174471.244545,78.30374609139643,1.9579612801264323,0.26409009724151616,0.7333218529361116,0.01816414496757779,78.30374609139643,0.02769071809884622,2.191234035988508,8.505340320660618,0.9420759246166539,0.7425373134328358,1.2281292899039062,0.02182562029966963,0.1548298273466958,1.275385223231924,0.009972216709664616,113.49864925827612,0.21164784106384682,-0.7280813214739518,-0.0746242375555343,-0.14416936115513845,0.24529805923994386,-0.01307433694434068,-0.7493765586034913,-0.1110299488677867,0.26392801144379713,-0.02980732386441068,0.2910890104016353,Specialty Chemicals,Basic Materials,DD
2016Q2,2016,Q2,2016-06-30,2016-06-30,3208000000.0,11952000000.0,1369000000.0,7.87,2677000000.0,0.22397925033467203,81524000000.0,28936000000.0,26310000000.0,12881000000.0,51290000000.0,8212000000.0,30680000000.0,26203689513.059036,40240689513.05904,78.12805947115663,2.04254328080118,0.26183700505372653,0.7376969864528615,0.026172097443104832,78.12805947115663,0.11086535803151783,2.192410434492891,2.04205809796283,0.9055740086072379,0.18516209476309228,1.1294447150511446,0.022668563512934708,0.1466071340954811,1.2873224128561447,0.03935037534959031,26.282537124432334,0.22397925033467203,10.573529411764707,2.1107388072561455,-0.2293318630431576,0.23790127716238924,-0.027252906976744186,11.62992125984252,-0.11448900388098318,0.41218233632868256,-0.12473293075844383,0.33080003160473176,Specialty Chemicals,Basic Materials,DD
2016Q1,2016,Q1,2016-03-31,2016-03-31,254000000.0,10703000000.0,1546000000.0,0.68,2752000000.0,0.2571241707932355,68440000000.0,25599000000.0,23334000000.0,11682000000.0,42006000000.0,7298000000.0,28074000000.0,26612030151.038605,36978030151.038605,69.6319493547049,1.997431946584489,0.24804208065458797,0.6631509043322005,0.06052064983362693,69.6319493547049,0.009922262588382358,2.486408497714529,26.192943062045867,1.039573036096668,2.326771653543307,1.0894765689229926,0.02220800129286396,0.15638515488018703,1.3157849683273413,0.003711279953243717,-34.651080925831515,0.2571241707932355,-0.923509561304837,-0.6303816185369159,-0.24942770524587893,0.14888618854715285,0.03614457831325301,-0.9296788482834994,0.11063218390804598,-0.5716384073446732,-0.20309495129841448,0.3055562923116142,Specialty Chemicals,Basic Materials,DD
2015Q4,2015,Q4,2015-12-31,2015-12-31,3612000000.0,11462000000.0,1392000000.0,8.89,2656000000.0,0.23172221252835457,68026000000.0,25374000000.0,24475000000.0,11215000000.0,41843000000.0,6871000000.0,28425000000.0,26997499124.886543,35630499124.88654,68.86382862619365,2.1823450735621934,0.25299150324875785,0.6782533301804997,0.02861411269773953,68.86382862619365,0.14235043745566328,2.3553916528430068,1.868597669219722,1.0639827825682409,0.15614617940199335,1.2816183961577645,0.020890823901540557,0.16849439920030576,1.4643780650913953,0.05309734513274336,19.36692907093726,0.23172221252835457,1.6939393939393943,6.19958062948441,-0.15223538767486722,0.18341357162007946,-0.011537030145143283,1.6269090909090909,-0.07875579086697551,7.087773683312929,-0.12409925973122504,0.2925905032869208,Specialty Chemicals,Basic Materials,DD
2015Q3,2015,Q3,2015-09-30,2015-09-30,1375000000.0,12036000000.0,1511000000.0,3.3,2687000000.0,0.22324692588899966,69884000000.0,24333000000.0,24852000000.0,13205000000.0,44718000000.0,7822000000.0,25411000000.0,22957849637.615376,35072849637.61537,63.9613363460692,1.8820143884892087,0.2824394711235762,0.8111617967369416,0.02386529303016341,63.9613363460692,0.05650762339210126,1.9074318409451125,4.174154479566432,0.9434861972471695,0.4101818181818182,1.195218614165175,0.024566760776928865,0.17222826398031024,1.1957591821279818,0.01967546219449373,14.466193848528906,0.22324692588899966,0.12627986348122855,1.276342728375427,-0.0755564210585918,0.09784709288138194,-0.027858176555716353,0.12704918032786885,0.03991741225051618,1.427542389868525,-0.09311869878102727,0.04920106457389595,Specialty Chemicals,Basic Materials,DD
2015Q2,2015,Q2,2015-06-30,2015-06-30,1220000000.0,12910000000.0,1453000000.0,2.93,2764000000.0,0.21409759876065065,69334000000.0,23612000000.0,24764000000.0,12765000000.0,44883000000.0,8061000000.0,24606000000.0,27628758058.432343,41152758058.43234,62.24063868912,1.9399921660791226,0.28482418438284246,0.836354396069795,0.0264938221129239,62.24063868912,0.0516686430628494,2.140105194301498,5.661630749678759,1.170115113435217,0.460655737704918,1.2586527726088574,0.020341124230463796,0.1862001326910318,1.1949079514296905,0.017595984653993712,78.04733914811396,0.21409759876065065,-0.17696629213483142,0.853127622699578,-0.06256880818946475,0.1395078037705625,-0.025044091710758377,-0.17456021650879566,-0.09073842302878599,0.7082752059906806,-0.08575390546094185,0.04959131313692307,Specialty Chemicals,Basic Materials,DD
2015Q1,2015,Q1,2015-03-31,2015-03-31,1478000000.0,12370000000.0,1598000000.0,3.56,2835000000.0,0.2291835084882781,67789000000.0,22237000000.0,24394000000.0,12387000000.0,44575000000.0,8087000000.0,23956000000.0,25851717522.461105,39352717522.461105,58.74004290630337,1.9693226770000807,0.2919205180781543,0.8899132077168683,0.02619436645039843,58.74004290630337,0.06646580024283852,2.089872071338812,4.372753302175424,1.1625541899744167,0.38092016238159676,1.1790528007913936,0.021778050124168384,0.182477983153609,1.2131266650520707,0.0218029473808435,72.82173949989044,0.2291835084882781,0.6792452830188679,1.6394092887687017,-0.09281014396637104,0.07168751885987183,0.022358456545257845,0.8046398046398047,0.1285310734463277,2.039829533420362,-0.14094181702036793,-0.012836974213820795,Specialty Chemicals,Basic Materials,DD
2014Q4,2014,Q4,2014-12-31,2014-12-31,819000000.0,14384000000.0,1416000000.0,2.12,2773000000.0,0.1927836484983315,68796000000.0,22423000000.0,24267000000.0,11593000000.0,45442000000.0,8101000000.0,23045000000.0,24817108472.52593,38946108472.525925,58.652949160553305,2.0932459242646426,0.287560323274609,0.8822637470454444,0.025177303551699785,58.652949160553305,0.036524996655220084,1.7253273409709349,7.575429936668476,1.1067702123946808,0.6263736263736264,1.4332798419948154,0.020671223666847517,0.20908192336763765,1.2961269731734668,0.011904761904761904,15.031561764098079,0.1927836484983315,-0.10548523206751054,3.331092713473279,0.04952932445929523,-0.007756502522381608,0.05477367820464055,-0.12593383137673425,0.04194260485651214,11.68129740396784,0.026942475989338275,0.01286643858840117,Specialty Chemicals,Basic Materials,DD
2014Q3,2014,Q3,2014-09-30,2014-09-30,937000000.0,14405000000.0,1359000000.0,2.37,2629000000.0,0.18250607427976398,69573000000.0,25731000000.0,25730000000.0,12087000000.0,42862000000.0,9019000000.0,22792000000.0,29038455309.00051,43052455309.00051,66.13526157652569,2.1287333498800365,0.2843344400845155,0.7688002798181183,0.021449072230816088,66.13526157652569,0.03641521899654114,2.0158594452620973,7.7477201998400504,1.1285397112044036,0.5538954108858057,1.3056879920168534,0.017872851516283483,0.2070487114254093,1.2876644328617524,0.013467868282235925,34.36503586863966,0.18250607427976398,-0.024691358024691377,0.11783515013320045,0.1355902169382651,0.17877129604927058,0.021764477263894286,-0.031023784901758014,0.04942084942084942,0.02782070970905572,-0.05876552893703471,0.0517774308325526,Specialty Chemicals,Basic Materials,DD
2014Q2,2014,Q2,2014-06-30,2014-06-30,967000000.0,14917000000.0,1295000000.0,2.43,2573000000.0,0.1724877656365221,68756000000.0,26753000000.0,24283000000.0,11879000000.0,41021000000.0,8926000000.0,22372000000.0,28781424744.1774,42769424744.1774,68.07963389774166,2.0441956393635827,0.2593373669207051,0.6665046910626845,0.02144208964672845,68.07963389774166,0.03614547901169962,1.9294378725063617,7.440906086912461,1.075820459170089,0.5398138572905895,1.3829262827694375,0.018136697701374313,0.21695561114666356,1.1955551814125769,0.014064227121996625,54.20230648620979,0.1724877656365221,-0.0689655172413792,3.446700168113942,0.14675610134143668,0.18086519642119614,-0.056818181818181816,-0.07816968541468065,-0.10318559556786704,-0.11624508537899715,-0.09346518176508052,0.07868883882717329,Specialty Chemicals,Basic Materials,DD
2014Q1,2014,Q1,2014-03-31,2014-03-31,1049000000.0,14461000000.0,1444000000.0,2.61,2728000000.0,0.18864532190028352,69233000000.0,26741000000.0,25062000000.0,12226000000.0,41510000000.0,9102000000.0,21929000000.0,27445952377.428112,40873952377.428116,67.38037996371014,2.049893669229511,0.2572905984140511,0.6661306607830672,0.023171815077443758,67.38037996371014,0.039228151527616766,1.8979290766494787,6.540980070883726,1.0263622294389931,0.444232602478551,1.2890573500329598,0.016978824184772836,0.2088743807143992,1.2134794699820055,0.015151733999682232,-282.94796265389806,0.18864532190028352,-0.003816793893129859,32.97252790355769,0.23691944130374362,0.5846737121120646,0.17687661777394306,0.0009541984732824427,0.6297968397291196,0.4140526859886562,-0.06058911326549417,0.11173661856036031,Specialty Chemicals,Basic Materials,DD
2013Q4,2013,Q4,2013-12-31,2013-12-31,1048000000.0,14386000000.0,886000000.0,2.62,2318000000.0,0.1611288752954261,69501000000.0,26898000000.0,24977000000.0,11971000000.0,41577000000.0,8303000000.0,21407000000.0,25068707831.50913,37088707831.509125,67.8044540417652,2.0864589424442403,0.2584135480065035,0.6677076362554837,0.014649530276620205,67.8044540417652,0.03896200461000818,1.7425766600520733,5.980130684997406,0.9319915172692813,0.4437022900763359,1.4534505600385403,0.018549021478304378,0.20698982748449662,1.302063319689249,0.0150789197277737,18.58317852595191,0.1611288752954261,0.5321637426900586,1.527905044857065,0.03190484119690553,0.556391111304656,0.14866204162537167,0.5434462444771723,0.12436548223350254,0.9402457730475999,-0.011695116983508181,0.16520839358028117,Specialty Chemicals,Basic Materials,DD
2013Q3,2013,Q3,2013-09-30,2013-09-30,679000000.0,13734000000.0,788000000.0,1.71,2018000000.0,0.14693461482452308,70206000000.0,24005000000.0,25009000000.0,11993000000.0,45188000000.0,8892000000.0,20830000000.0,21631856217.791428,34978856217.79143,60.649378517316556,2.0852997581922788,0.2652052531122696,0.7756300770672776,0.013825062781121732,60.649378517316556,0.0282857737971256,1.5750587023293598,7.964600963840732,0.9011396049902698,0.6848306332842415,1.3175888439046335,0.021496074831412488,0.1956243056149047,1.2547319269573918,0.009671538045181324,25.875426097836637,0.14693461482452308,-0.6973451327433628,0.2361312454747543,-0.30560785170186483,-0.02215340892500712,-0.18431689571544058,-0.72,-0.3572593800978793,0.0804570271307975,0.013906824149959666,0.040999886713443866,Specialty Chemicals,Basic Materials,DD
2013Q2,2013,Q2,2013-06-30,2013-06-30,2425000000.0,14577000000.0,1226000000.0,5.65,2474000000.0,0.1697194210056939,70142000000.0,23211000000.0,25327000000.0,12613000000.0,45942000000.0,8836000000.0,20620000000.0,18288168189.53663,32231168189.53663,58.707587628283044,2.008007611194799,0.2683983918337088,0.8110809529964241,0.022004189579570208,58.707587628283044,0.1044763258799707,1.2545906695161302,1.8853781638697553,0.7879095338217494,0.19134020618556702,1.36973743775464,0.025371595186087167,0.2078212768384135,1.2178704511218583,0.03457272390293975,5.653220460444089,0.1697194210056939,2.5312500000000004,1.4947383734744724,-0.30237426663533135,-0.09623900528132091,-0.07548579970104634,2.8188976377952755,-0.09453471196454949,2.534405378190627,0.015641478329106173,0.07482435354036218,Specialty Chemicals,Basic Materials,DD
2013Q1,2013,Q1,2013-03-31,2013-03-31,635000000.0,14383000000.0,1354000000.0,1.6,2676000000.0,0.1860529792115692,69304000000.0,20998000000.0,24248000000.0,12440000000.0,47308000000.0,9335000000.0,18662000000.0,17577888985.099033,34149888985.099033,53.335080045774795,1.9491961414790997,0.2898245411520259,0.9565672921230594,0.017208491648478142,53.335080045774795,0.030240975330983903,1.2221295268788872,6.920428734290958,0.8371220585341002,0.13385826771653545,1.2540974825923943,0.004835620481620712,0.20753491861941592,1.1188906752411576,0.009162530301281311,174.03850480296072,0.1860529792115692,1.9937888198757763,-0.46173711344721274,-0.226082961175036,-0.16997986989537062,0.3528816986855409,2.0063391442155307,1.060882800608828,0.09039283351046573,0.014273135507831814,-0.026923768278089094,Specialty Chemicals,Basic Materials,DD
2012Q4,2012,Q4,2012-12-31,2012-12-31,-631000000.0,13917000000.0,657000000.0,-1.61,1978000000.0,0.14212833225551483,69605000000.0,20877000000.0,23684000000.0,11493000000.0,47738000000.0,8476000000.0,18495000000.0,18031457385.979763,34700457385.97977,53.27582745740451,2.0607326198555644,0.301515695711515,1.0052689562676629,0.013865823225907983,53.27582745740451,-0.030224649135412177,1.295642551266779,-7.144000549120349,0.863699640081418,-1.329635499207607,1.4085653610193487,0.04652979412814179,0.1999425328640184,1.2178717480205343,-0.009065440701099058,33.26837156084827,0.14212833225551483,-2.0878378378378377,-2.0838426909660948,-0.20693060897883553,-0.12704557009106807,-0.12825033054208904,-2.084192439862543,-0.3289070480081716,-4.255434138569733,-0.009335716074671338,-0.09872232984148716,Specialty Chemicals,Basic Materials,DD
2012Q3,2012,Q3,2012-09-30,2012-09-30,582000000.0,13637000000.0,979000000.0,1.48,2269000000.0,0.1663855686734619,69368000000.0,23830000000.0,23465000000.0,12795000000.0,44260000000.0,8630000000.0,19591000000.0,16312346226.46443,32829346226.46443,60.96194381202361,1.833919499804611,0.29411255910506284,0.8561477129668486,0.014820481393039032,60.96194381202361,0.024422996223248006,1.196182901405326,7.007021574941765,0.6845298458440802,0.7903780068728522,1.3172653534183083,0.028199499545547676,0.19658920539730135,1.0825322391559202,0.008390035751355092,33.913401718221266,0.1663855686734619,-0.20855614973262038,0.1685611916744439,-0.18798348430970807,0.0672040902594023,-0.019022913964548204,-0.20708446866485014,-0.1188118811881188,-0.30893402822950516,0.07000442447696965,0.08656392677651735,Specialty Chemicals,Basic Materials,DD
2012Q2,2012,Q2,2012-06-30,2012-06-30,734000000.0,14513000000.0,1111000000.0,1.87,2313000000.0,0.1593743540274237,68842000000.0,23121000000.0,23198000000.0,12629000000.0,44471000000.0,8380000000.0,19473000000.0,17480367655.53156,34009367655.53156,59.299879781875134,1.8368833636867528,0.30006391447081726,0.8934302149561005,0.01779532129414285,59.299879781875134,0.031746031746031744,1.2044627337925693,5.953803697388134,0.7560385647476995,0.5136239782016349,1.4558472553699284,0.021567052102631292,0.21081607158420732,1.1099057724285375,0.010662095813602161,19.618818917543837,0.1593743540274237,0.46093750000000006,-0.4233418526661339,-0.10692514666401015,0.05850567442604797,-0.04971240755957272,0.4768611670020121,-0.07416666666666667,2.8717714329766686,0.12447354425300769,0.028577273073440802,Specialty Chemicals,Basic Materials,DD
2012Q1,2012,Q1,2012-03-31,2012-03-31,497000000.0,14719000000.0,1200000000.0,1.28,2434000000.0,0.16536449487057545,69598000000.0,23026000000.0,23911000000.0,13465000000.0,45400000000.0,8882000000.0,19203000000.0,19078235866.133575,39201235866.133575,59.50389284436849,1.7757890828072782,0.3409724417368315,1.0306175627551464,0.01770857508801928,59.50389284436849,0.021584296013202466,1.296163860733309,9.596698121797575,0.8285518920408919,0.7525150905432596,1.3831344291826164,0.019603489684489123,0.21148596224029426,1.048347567768288,0.007141009799132159,-42.115310962767275,0.16536449487057545,6.529411764705882,-0.5761958441081224,-0.01766647349232328,0.10272423600652485,0.46274038461538464,6.6461538461538465,1.9556650246305418,15.507443956333294,0.29119686142351503,0.39943192379724063,Specialty Chemicals,Basic Materials,DD
2011Q4,2011,Q4,2011-12-31,2011-12-31,65000000.0,14097000000.0,406000000.0,0.17,1664000000.0,0.11803929914166135,69224000000.0,22281000000.0,23422000000.0,13634000000.0,45786000000.0,7577000000.0,19087000000.0,15749730139.31416,31905730139.31416,57.90788096631576,1.7179111045914626,0.3120305096498324,0.9694358421973879,0.0021693236342717856,57.90788096631576,0.0029172837843902876,1.1172398481459997,60.5758851512083,0.7068681899068335,5.7384615384615385,1.6408868945492938,0.02368294546640675,0.20364324511730036,1.1054716150799473,0.0009389807003351439,18.72738423224038,0.11803929914166135,-0.9270386266094421,-0.944422305030414,-0.03954057782005555,0.0884793040879094,-0.2370472260430995,-0.9277777777777778,-0.5784008307372793,1.033757684234062,0.042535984039512226,0.32922405296481877,Specialty Chemicals,Basic Materials,DD
2011Q3,2011,Q3,2011-09-30,2011-09-30,900000000.0,15109000000.0,963000000.0,2.33,2181000000.0,0.1443510490436164,66951000000.0,24152000000.0,21754000000.0,12887000000.0,41810000000.0,8416000000.0,19400000000.0,12278373732.743986,29675373732.743988,62.87952150121265,1.688057732598743,0.2927962241041956,0.8116512090096059,0.018249815133288192,62.87952150121265,0.03726399470023187,0.8126529705965971,3.410659370206663,0.5083791707827089,0.41444444444444445,1.5361216730038023,0.03037861594042239,0.22567250675867426,0.9561573678901218,0.013442667025137788,22.043758945680406,0.1443510490436164,-0.15579710144927528,0.46308944816307596,0.017538191494773033,0.19715119714690346,-0.12585170340681362,-0.15651358950328023,-0.23813291139240506,0.6883745721297874,-0.21281834738446315,0.013803063634558617,Specialty Chemicals,Basic Materials,DD
2011Q2,2011,Q2,2011-06-30,2011-06-30,1067000000.0,16046000000.0,1264000000.0,2.76,2495000000.0,0.15549046491337404,68447000000.0,24185000000.0,22699000000.0,12429000000.0,43408000000.0,8739000000.0,18877000000.0,19634271946.318207,37499271946.31821,63.1133200300493,1.8262933462064526,0.2934825485412071,0.8305974777754807,0.02334737457029786,63.1133200300493,0.04411825511680794,1.2236240774222988,4.600344879643441,0.8118367561016419,0.23992502343017807,1.550635084105733,0.013038425906492793,0.23442955863660936,1.0438490626759998,0.015588703668531857,67.01116705228057,0.15549046491337404,0.5081967213114752,-0.12583432433147548,0.07510073666982416,0.20567893854783637,-0.04625382262996942,0.5028169014084507,-0.09260588657573582,0.1325365718793708,-0.20768901452094277,-0.028415930637280436,Specialty Chemicals,Basic Materials,DD
2011Q1,2011,Q1,2011-03-31,2011-03-31,710000000.0,14733000000.0,1393000000.0,1.83,2616000000.0,0.17756057829362656,68442000000.0,23021000000.0,22983000000.0,12984000000.0,44605000000.0,8132000000.0,18187000000.0,20407828986.619694,38239828986.61969,60.608222162335665,1.770101663585952,0.3125858391046433,0.9293253985491507,0.026888137410059135,60.608222162335665,0.0308414056730811,1.385178102668818,7.185855276978766,0.8864875108214106,0.36056338028169016,1.4900393507132317,0.012544205469765807,0.21526255807837294,1.0717036352433764,0.010373747114344993,-31.787895617787687,0.17756057829362656,0.3656716417910447,-0.5032294725831956,0.04112501453495096,0.2220619428150156,0.33947772657450076,0.38943248532289626,0.9374130737134909,-0.3761913397317501,-0.1783091384716895,-0.056792557517172514,Specialty Chemicals,Basic Materials,DD
2010Q4,2010,Q4,2010-12-31,2010-12-31,511000000.0,13771000000.0,719000000.0,1.34,1953000000.0,0.1418197661752959,69588000000.0,21839000000.0,23781000000.0,13896000000.0,46946000000.0,7087000000.0,17736000000.0,18235968983.09945,35023968983.09945,58.190839008141396,1.7113557858376511,0.34240098867620855,1.0910298090571913,0.012503188110088341,58.190839008141396,0.023398507257658317,1.3242298295766066,8.921706938894054,0.8350184982416525,0.48336594911937375,1.6675603217158177,0.013544660019377762,0.19789331493935736,1.157383419689119,0.00734322009541875,20.42101789820767,0.1418197661752959,-0.141025641025641,-0.601134015740992,-0.011412320363112299,0.2192064730375478,-0.036507153428712386,-0.1440536013400335,-0.16395348837209303,-0.08353147905685993,-0.18060973932993812,-0.04651033842902075,Specialty Chemicals,Basic Materials,DD
2010Q3,2010,Q3,2010-09-30,2010-09-30,597000000.0,12868000000.0,860000000.0,1.56,2027000000.0,0.15752253652471246,66001000000.0,21906000000.0,20669000000.0,13159000000.0,43397000000.0,7283000000.0,17478000000.0,14695189168.796135,32603189168.796135,58.2606965585689,1.5707120601869442,0.3201618157300647,0.9646215648680727,0.01677881136327695,58.2606965585689,0.027252807450013693,1.141994806403181,6.153764308541095,0.6708294151737485,0.4288107202680067,1.4885349443910476,0.01742066720335878,0.19496674292813745,0.9727942852800365,0.009045317495189466,30.17492642463272,0.15752253652471246,-0.08771929824561399,-0.3622506453309704,-0.022217395564874273,0.278346131538274,-0.005397448478900883,-0.08294930875576037,0.002331002331002331,0.2461795812133705,-0.2034099093383589,0.019915865222190358,Specialty Chemicals,Basic Materials,DD
2010Q2,2010,Q2,2010-06-30,2010-06-30,651000000.0,13618000000.0,858000000.0,1.71,2038000000.0,0.1496548685563225,64594000000.0,20490000000.0,20080000000.0,13347000000.0,43427000000.0,6933000000.0,17140000000.0,12664472156.229849,31039472156.22985,54.62063399931925,1.5044579306211134,0.3319658172585689,1.0465104929233773,0.017068276789948524,54.62063399931925,0.03177159590043924,0.9299803316367932,4.863468569980741,0.6180806323196607,0.39631336405529954,1.6702726092600606,0.02037195050984307,0.21082453478651267,0.9181089383382034,0.010078335449112921,14.812248135941344,0.1496548685563225,0.17931034482758623,-0.5591349867004046,0.018879947565931046,0.2499632208177712,0.08635394456289978,0.18148820326678766,0.26362297496318116,-0.4684171757215971,-0.129013196993671,-0.025019085338868603,Specialty Chemicals,Basic Materials,DD
2010Q1,2010,Q1,2010-03-31,2010-03-31,551000000.0,13417000000.0,679000000.0,1.45,1876000000.0,0.13982261310278005,67546000000.0,20417000000.0,21311000000.0,14905000000.0,46454000000.0,7020000000.0,16746000000.0,15677051336.889923,35956051336.88992,54.81079313939823,1.429788661522979,0.3434992449589909,1.1364059362296126,0.013118731612335753,54.81079313939823,0.026987314492824606,1.168446846306173,7.112999699133359,0.7678430394715151,0.4591651542649728,1.644017094017094,0.016138238917714175,0.19863500429337044,0.8975511573297551,0.008157403843306784,-50.89951732756469,0.13982261310278005,1.9591836734693877,-0.6504815050399573,-0.01402450638873863,0.3092493295884496,0.16811955168119552,2.203488372093023,1.0451807228915662,-0.5119012443623656,-0.06978495322772126,0.01575186261573817,Specialty Chemicals,Basic Materials,DD
2009Q4,2009,Q4,2009-12-31,2009-12-31,172000000.0,12466000000.0,332000000.0,0.49,1606000000.0,0.12883041873897,65937000000.0,20555000000.0,19560000000.0,13106000000.0,44813000000.0,6847000000.0,16704000000.0,13674580162.07784,33201580162.077843,59.11144725025151,1.4924462078437357,0.3393087340946661,1.0884456336657748,0.009177537582308362,59.11144725025151,0.008367793724154707,1.0969501172852432,19.87584325883407,0.6652678259342175,1.4593023255813953,1.586096100481963,0.018355225317708092,0.1890592535298846,0.9187395086220052,0.0026085505861655825,16.696679074576117,0.12883041873897,-0.7699530516431925,-0.8489267539709481,0.02724750621380314,0.5096608512928438,-0.03253012048192771,-0.7839195979899497,-0.2921108742004264,-0.8372703320933712,-0.06021055904377903,0.11110242497061099,Specialty Chemicals,Basic Materials,DD
2009Q3,2009,Q3,2009-09-30,2009-09-30,796000000.0,12046000000.0,469000000.0,2.13,1660000000.0,0.13780508052465548,67030000000.0,20729000000.0,19027000000.0,12334000000.0,45785000000.0,6970000000.0,16785000000.0,13708914311.784378,34812914311.78438,56.10525281552271,1.542646343440895,0.3533492466059973,1.142602151575088,0.0084119910274131,56.10525281552271,0.03840030874620098,1.1380470124343665,4.305563540133284,0.6613398770700167,0.3165829145728643,1.4901004304160688,0.018382199659923267,0.17971057735342383,0.9216799091940976,0.011875279725496046,-36.95125151424361,0.13780508052465548,3.13,0.09515314427241689,0.015252558056080901,0.6737810161029807,0.06546854942233633,3.313953488372093,0.16666666666666666,0.34527316912481454,-0.15661300425766578,0.06817718981906318,Specialty Chemicals,Basic Materials,DD
2009Q2,2009,Q2,2009-06-30,2009-06-30,-344000000.0,11322000000.0,402000000.0,-1.0,1558000000.0,0.13760819643172584,66168000000.0,19719000000.0,18383000000.0,11127000000.0,45945000000.0,6684000000.0,16242000000.0,7857036505.230825,28977036505.230827,57.65233330956662,1.6521074862945988,0.35920686736791196,1.2053349561336781,0.00588755745014725,57.65233330956662,-0.017445103707084537,0.6939618888209526,-5.710055599731705,0.39845004844215354,-0.3372093023255814,1.4608019150209455,0.01476383620246297,0.17110990206746463,1.0111440639884965,-0.005198887679845243,-42.4704675958423,0.13760819643172584,-13.5,-1.4590722298135712,0.051392069001788325,0.8211704238729994,0.6898047722342733,-15.333333333333334,1.451219512195122,-1.3157510765450975,-0.15011025469048406,0.10135552996402962,Specialty Chemicals,Basic Materials,DD
2009Q1,2009,Q1,2009-03-31,2009-03-31,24000000.0,9087000000.0,164000000.0,0.08,922000000.0,0.10146362936062507,44159000000.0,13116000000.0,15606000000.0,9752000000.0,30980000000.0,5916000000.0,16896000000.0,3701029951.7667117,13709029951.766712,42.520033902692234,1.6002871205906481,0.29357548857537535,0.9884111009454102,0.01294658967881631,42.520033902692234,0.0018298261665141812,0.4072884287186873,38.552395330903245,0.2821767270331436,17.125,1.380155510480054,0.11105016856289054,0.20577911637491791,0.9730311730926989,0.0005434905681740981,-11.90041785133991,0.10146362936062507,1.0161290322580645,-0.9484789151114552,-0.017202375204752957,0.3931102422360571,1.270935960591133,1.0154639175257731,1.4248704663212435,-0.9793227133227206,-0.20929032203190948,-0.14265567631225282,Specialty Chemicals,Basic Materials,DD
2008Q4,2008,Q4,2008-12-31,2008-12-31,-1552000000.0,10899000000.0,-386000000.0,-4.96,406000000.0,0.037251123956326265,45474000000.0,13511000000.0,16060000000.0,13108000000.0,31963000000.0,6036000000.0,17013000000.0,6660770353.594219,15716770353.59422,43.56517686928167,1.2252059810802562,0.2607204116638079,0.8775072163422396,-0.014645996767453779,43.56517686928167,-0.11486936570202058,0.6111359164688704,-1.0729333688135019,0.49298870206455625,-0.27963917525773196,1.7384029158383034,0.06515762846647448,0.23967541892070193,0.7366493744278303,-0.034129392619958655,4.277951415282093,0.037251123956326265,-4.62043795620438,-2.649784759934254,0.29178035554206233,0.45422868038268055,-0.7172701949860725,-4.626168224299065,-1.6620926243567753,-2.465979625522523,-0.053182045408540046,-0.0872283929327324,Specialty Chemicals,Basic Materials,DD
2008Q3,2008,Q3,2008-09-30,2008-09-30,428000000.0,15411000000.0,583000000.0,1.37,1436000000.0,0.09318019596392188,50165000000.0,19128000000.0,19676000000.0,14149000000.0,30967000000.0,7542000000.0,18954000000.0,13949384941.062174,24095384941.062172,62.023408447578504,1.3906283129549792,0.24732383135652347,0.6486302802174823,0.013084285847040238,62.023408447578504,0.022375575073191132,0.9051576757551213,8.148005222583045,0.7292652102186414,0.9065420560747663,1.852956775391143,0.02781484643511858,0.30720621947573007,0.8391405753056753,0.008531844911791089,33.371734308761184,0.09318019596392188,-0.43621399176954734,0.28163236686142673,0.920653446032601,1.3889896970906002,-0.1732872769142199,-0.43832020997375326,-0.3236658932714617,-0.44256665760791414,0.4276953701185117,0.3609069052937508,Specialty Chemicals,Basic Materials,DD
2008Q2,2008,Q2,2008-06-30,2008-06-30,762000000.0,16380000000.0,862000000.0,2.43,1737000000.0,0.10604395604395604,52153000000.0,20133000000.0,21331000000.0,14387000000.0,31783000000.0,7690000000.0,18919000000.0,15399440037.470005,24680440037.470005,64.95919603894548,1.4826579550983527,0.21843422238413898,0.5658371827348135,0.020854666435368756,64.95919603894548,0.03784830874683356,0.9401367544242982,5.052309723579398,0.7648855132106495,0.5131233595800525,1.9041612483745123,0.025390533619963882,0.31407589208674475,0.936192395912977,0.014610856518321095,49.836375525792896,0.10604395604395604,-0.18181818181818182,0.912864784308059,0.9606638347815905,1.5302340027203538,-0.09342379958246347,-0.1902231668437832,-0.19061032863849764,-0.37540718071689344,0.48334083261922406,0.48655553693472803,Specialty Chemicals,Basic Materials,DD
2008Q1,2008,Q1,2008-03-31,2008-03-31,941000000.0,14824000000.0,1065000000.0,2.97,1916000000.0,0.12924986508364814,50657000000.0,20179000000.0,20136000000.0,13404000000.0,30048000000.0,7688000000.0,18542000000.0,16470243937.705328,25130243937.70533,64.25757413745082,1.5022381378692928,0.20397970665455908,0.5120670003468953,0.026647665703636834,64.25757413745082,0.046632637890876655,1.1110526131749412,4.375728995139567,0.8162071429558119,0.4197662061636557,1.6789802289281999,0.02398264418511292,0.2926347790038889,0.911220531184721,0.018575912509623548,187.16186292846965,0.12924986508364814,1.0204081632653064,11.020159310439965,0.7808793251754674,1.5984842544067308,0.13105076741440377,0.9936440677966102,0.28934624697336564,-0.291958499081064,0.292190771451869,0.5349018148026975,Specialty Chemicals,Basic Materials,DD
2007Q4,2007,Q4,2007-12-31,2007-12-31,472000000.0,14227000000.0,826000000.0,1.47,1694000000.0,0.11906937513179167,48801000000.0,19389000000.0,18654000000.0,12445000000.0,28998000000.0,6885000000.0,18004000000.0,17824633744.61683,25803633744.61683,61.02933398592448,1.4989152269987946,0.19907378947152723,0.5010573005312291,0.030011375200308797,61.02933398592448,0.024343700036102946,1.2528736729188745,9.441013635919928,0.9193168159583696,0.8411016949152542,1.820334059549746,0.02227254740198502,0.2915309112518186,0.9177179590196867,0.009671932952193603,39.787128894233994,0.11906937513179167,0.16666666666666663,1.557358921681255,0.917210661605173,1.4288466183858572,-0.017971014492753623,0.17121588089330025,-0.0801781737193764,-0.5462358083448983,0.2831883649513071,0.5586422018898213,Specialty Chemicals,Basic Materials,DD
2007Q3,2007,Q3,2007-09-30,2007-09-30,403000000.0,13589000000.0,898000000.0,1.26,1725000000.0,0.12694090808742364,47669000000.0,18068000000.0,18253000000.0,11534000000.0,29201000000.0,6772000000.0,17941000000.0,19839422850.350815,27591422850.350815,57.123041757838244,1.5825385815848796,0.20342360863454237,0.5366947088775736,0.012698678258358293,57.123041757838244,0.022304626964799647,1.4599619435095161,12.307334274411177,1.0980419996873376,0.9875930521091811,1.7519196692262256,0.02006106745151421,0.2850699616102708,0.9860412692907924,0.008454131615934885,25.66548881028566,0.12694090808742364,-0.6086956521739131,2.02500840358098,0.8543199181545056,0.7764710422433838,-0.0760578468130691,-0.6121270452358036,-0.14638783269961977,-0.3523462209114862,0.3378111258711134,0.7041445867948134,Specialty Chemicals,Basic Materials,DD
2007Q2,2007,Q2,2007-06-30,2007-06-30,1039000000.0,13265000000.0,1052000000.0,3.22,1867000000.0,0.14074632491519035,46915000000.0,17830000000.0,18029000000.0,11297000000.0,28696000000.0,6497000000.0,17940000000.0,20030725643.14617,27698725643.14617,56.02225969551767,1.5959104186952289,0.20556325269103698,0.5408861469433539,0.030381323984598932,56.02225969551767,0.05827257431295569,1.5100433956386108,4.819712618658848,1.123428246951552,0.34456207892204044,1.754348160689549,0.01787254273149587,0.2827453906000213,1.0054881827033726,0.02214643504209741,21.018599835410463,0.14074632491519035,0.07692307692307691,3.163911756245815,0.7531273926791366,0.6920180701233496,0.021893814997263273,0.06783144912641316,-0.040145985401459854,0.4900999654834479,0.32381128167893514,0.7696782867082904,Specialty Chemicals,Basic Materials,DD
2007Q1,2007,Q1,2007-03-31,2007-03-31,973000000.0,12432000000.0,1096000000.0,2.99,1827000000.0,0.14695945945945946,46030000000.0,17325000000.0,17824000000.0,10905000000.0,28327000000.0,6106000000.0,17306000000.0,20956369243.3804,28228369243.3804,53.96080987560375,1.63447959651536,0.20962415815772323,0.556940836940837,0.03042044710777309,53.96080987560375,0.05616161616161616,1.6856796366940479,5.384473084116239,1.2096028423307592,0.36896197327852004,1.7368162463151,0.017130830051269457,0.2700847273517271,1.0398899587345254,0.021138388007820988,102.22619143112391,0.14695945945945946,-0.0033333333333332624,7.728869037955379,0.870089426227306,0.6576466462095241,0.05181347150259067,-0.0020512820512820513,0.13811007268951195,1.0067793331977641,0.2918068805627713,0.76795148115572,Specialty Chemicals,Basic Materials,DD
