Quarters,Year,Quarter,FillingDate,Date,NetIncome,Revenue,OperatingIncome,EPSDiluted,GrossProfit,GrossProfitRatio,TotalAssets,CommonStockEquity,CurrentAssets,CurrentLiability,TotalLiability,Inventory,RetainedEarnings,MarketCap,EnterpriseValue,bookValuePerShare,currentRatio,debtToAssets,debtToEquity,roic,shareholdersEquityPerShare,roe,priceToSalesRatio,peRatio,pbRatio,payoutRatio,inventoryTurnover,dividendYield,assetTurnover,quickRatio,returnOnAssets,priceToFreeCashFlowsRatio,grossProfitMargin,epsdilutedGrowth,fiveYNetIncomeGrowthPerShare,fiveYRevenueGrowthPerShare,fiveYShareholdersEquityGrowthPerShare,grossProfitGrowth,netIncomeGrowth,operatingIncomeGrowth,threeYNetIncomeGrowthPerShare,threeYRevenueGrowthPerShare,threeYShareholdersEquityGrowthPerShare,Industry,Sector,Symbol
2023Q1,2023,Q1,2023-05-11,2023-03-31,760010213.0,1193431.0,-2655691.0,20.04,520814.0,0.4364005963,95613134.0,84558209.0,80419937.0,4860418.0,11054925.0,0.0,-112129355.0,45699328.57,49585761.57,2.229631047837515,16.54588905727861,0.07816524453638346,0.08838436963583275,10.710726767266728,2.229631047837515,8.988012186965786,38.292392748303,0.015032471862980085,0.5404481612187411,0.0,0.0,0.0,0.012481873044763912,16.396907837967845,7.94880557936737,-28.0622047944705,0.43640059626404876,1072.657754010695,370.1340458666043,0.0,-0.9305591275207523,1.4731653576211143,1056.6738414482538,-0.010504995466277131,55.385703338670325,-0.8760112316355778,0.30166732300943205,Entertainment,Communication Services,AGAE
2022Q4,2022,Q4,2023-03-24,2022-12-31,-719929.0,1216940.0,-2628083.0,-0.0187,210586.0,0.1730455076,97729675.0,87904068.0,82376852.0,3298532.0,9825607.0,0.0,-110235568.0,40428910.2,37015707.2,2.2830017169248356,24.973791977764655,0.07934375101523668,0.08821251594408577,-0.010929454948673848,2.2830017169248356,-0.008189939514517122,33.22177773760416,-14.039200462823416,0.4599208104908183,0.0,0.0,0.0,0.012452103212253596,24.83455609950123,-0.007366534269145989,-16.366694356799506,0.17304550758459744,-0.6696428571428573,-4.677203708053452,0.0,-0.7099129189549922,-0.5009656695585409,-0.6392311247828374,-0.5444593975153089,0.9234781658588382,-0.8834158460595939,0.22966639397380256,Entertainment,Communication Services,AGAE
2022Q3,2022,Q3,2022-11-16,2022-09-30,-439187.0,1565642.0,-1701620.0,-0.0112,421987.0,0.2695296881,95851713.0,90217609.0,85560625.0,3925989.0,5634104.0,0.0,-108494062.0,45740794.32,-38484205.68,2.307668769185467,21.793393970283667,0.0,0.0,-0.005044132648283148,2.307668769185467,-0.004868085120721831,29.21535978212133,-26.03719732141434,0.5070051714627019,0.0,0.0,0.0,0.016334001250452354,21.484113684475428,-0.004581942108848905,-20.72456530594029,0.2695296881407116,0.888,-317.0549695027683,0.0,1696.7465021926178,11.003271134372511,0.8880273984058219,0.5075803833165009,0.9521989136490443,-0.880028910010817,-0.1608415368341586,Entertainment,Communication Services,AGAE
2022Q2,2022,Q2,2022-08-15,2022-06-30,-3922272.0,1157834.0,-3455630.0,-0.1,35156.0,0.0303635927,97161909.0,91702417.0,87185237.0,3576538.0,5459492.0,0.0,-106851831.0,55937177.01,-30513926.990000002,2.344316665936803,24.376991660650607,0.0,0.0,-0.040066487806180134,2.344316665936803,-0.04277174068378154,48.31191432450593,-3.5653555522156544,0.6099858524993949,0.0,0.0,0.0,0.01191654231495184,24.220900490921668,-0.04036841227563777,-13.263603113713275,0.030363592708453888,-0.04058272632674298,0.0,0.0,0.0,-0.9394455085364677,-0.044980047646933134,0.07824106576984714,-2.313251001554884,0.0,-0.9263171969392222,Entertainment,Communication Services,AGAE
2022Q1,2022,Q1,2022-06-24,2022-03-31,-3753442.0,2412054.0,-3748952.0,-0.0961,580568.0,0.2406944455,103379074.0,95309870.0,92420782.0,5969744.0,8069204.0,0.0,-103162880.0,67386198.675,-23342337.325000003,2.43981006471278,15.48153187138343,0.0,0.0,-0.039357892906812304,2.43981006471278,-0.03938146175207248,27.937267853456017,-4.488293589923596,0.7070222493745926,0.0,0.0,0.0,0.023332130059512818,15.34713465100011,-0.03630756065777877,-31.574586658363753,0.2406944454809055,0.001039501039500925,-2.779434435545095,0.0,-0.9240131950343867,0.10304313048963298,0.0002359942977811209,0.27356675346256737,-2.2752622445100914,0.0,-0.9235492891593986,Entertainment,Communication Services,AGAE
2021Q4,2021,Q4,2022-05-26,2021-12-31,-3754328.0,1944575.0,-5160766.0,-0.0962,526333.0,0.2706673695,105803672.0,98646807.0,94260847.0,5249231.0,7156865.0,0.0,-99411683.0,66753110.97,-26133919.03,2.527013910195293,17.95707733189871,0.0,0.0,-0.052306409530997806,2.527013910195293,-0.03805828200805324,34.32786648496458,-4.445077186250109,0.6766880044074817,0.0,0.0,0.0,0.018379088015017097,17.769473280943437,-0.03548391023706625,-29.245945833336982,0.27066736947662084,-1.0506315789473684,-19.91418224638887,0.0,-0.6789077802551566,0.5089173344036237,-1.050527549549616,-0.31300663148025887,-3.7785382102798533,0.0,-0.9206293985806585,Entertainment,Communication Services,AGAE
2021Q3,2021,Q3,2021-11-22,2021-09-30,74302594.0,1685828.0,-3930495.0,1.9,348815.0,0.2069101948716002,109099686.0,103621652.0,101571333.0,3516394.0,5478034.0,0.0,-94251576.0,69107637.51,-26114147.489999995,2.653980524416859,28.885083127772372,0.0,0.0,-0.03793121344948255,2.653980524416859,0.7170566437215264,40.99329083987216,0.2325209450628332,0.6669227538468505,0.0,0.0,0.0,0.015452180128181121,27.175539202944837,0.681052317602454,-13.341322604440299,0.2069101948716002,28.14285714285714,53880.27524814847,0.0,1951.5272484432198,7.211082601633671,26.27230347473538,0.06167280043697145,20.599171576295753,0.0,-0.9174255591256308,Entertainment,Communication Services,AGAE
2021Q2,2021,Q2,2021-08-16,2021-06-30,-2940080.0,824609.0,-4188832.0,-0.07,42481.0,0.05151653692841092,71231581.0,28879243.0,62892759.0,40336692.0,42352338.0,0.0,-168554170.0,89616436.39999999,86254670.39999999,0.741183889566044,1.5591947649053621,0.06076272545459857,0.1498732151670319,-0.1261412643686053,0.741183889566044,-0.10180599262937744,108.67749005892489,-7.620237918696089,3.103143541539506,0.0,0.0,0.0,0.011576452304210404,0.1994886690262057,-0.04127495078341726,-30.185684168120936,0.05151653692841092,0.22222222222222213,0.0,0.0,0.0,2.1531529086022965,0.11885960758551324,0.140885286665406,-1.8909700613188631,0.0,-0.9769127802074524,Entertainment,Communication Services,AGAE
2021Q1,2021,Q1,2021-05-24,2021-03-31,-3336676.0,501028.0,-4875754.0,-0.09,-36839.0,-0.07352682883990516,72551460.0,31479116.0,63510451.0,39152266.0,41072344.0,0.0,-165614090.0,110943668.16,104728878.16,0.8171701511550238,1.6221398526460766,0.05965731082462021,0.13749512533960612,-0.1361663241065568,0.8171701511550238,-0.10599649621672985,221.43207198000908,-8.312439397771914,3.5243578047109074,0.0,0.0,0.0,0.00690582932445467,0.27087351725695774,-0.04599047352045017,690.9407678941764,-0.07352682883990516,0.8161013485901103,-2.604124767926599,0.0,-0.9745495972011873,0.9959501191526197,0.8230138778125531,0.6861651045362372,-2.604124767926599,0.0,-0.9745495972011873,Entertainment,Communication Services,AGAE
2020Q4,2020,Q4,2021-04-13,2020-12-31,-18852755.0,-13304837.0,-15536048.0,-0.4894,-9096317.0,-0.6836849635963221,61900495.0,33405584.0,51968948.0,25661660.0,28494911.0,0.0,-162277414.0,60864929.06,65347103.06,0.8671795652299081,2.025159245348898,0.07926264563797107,0.14687355862421084,-0.40551408709458275,0.8671795652299081,-0.5643593897355603,-4.574646728855077,-0.8071092137462138,1.8219986532790446,0.0,0.0,0.0,-0.21493910509116285,0.027097428615296126,-0.30456549660871046,39.74896639505549,0.6836849635963221,-1.2245454545454544,-97.2488496107789,0.0,-0.8898127903476714,-3.963220663639266,-1.8787767734834537,-3.6768194113896575,-97.2488496107789,0.0,-0.8898127903476714,Entertainment,Communication Services,AGAE
2020Q3,2020,Q3,2020-11-09,2020-09-30,-6548877.0,5888302.0,-3321926.0,-0.22,3069740.0,0.5213285595745598,65286873.0,43966991.0,13487138.0,13434335.0,21319882.0,0.0,-143424659.0,37329039.72,39152299.72,1.4840566238921722,1.0039304513397946,0.1163515673357491,0.1727712046521446,-0.06442433066778354,1.4840566238921722,-0.14894985649575154,6.339525336845834,-1.4250168280760198,0.8490242081838169,0.0,0.0,0.0,0.0901912088820673,0.5296577017023917,-0.10030924593371167,-10.677985026980268,0.5213285595745598,0.47619047619047616,-6257.368199090657,0.0,1090.81697820439,0.10791260969083372,0.39812148616145115,0.3041533460663679,-6257.368199090657,0.0,1090.81697820439,Entertainment,Communication Services,AGAE
2020Q2,2020,Q2,2020-08-10,2020-06-30,-10880729.0,4582287.0,-4773934.0,-0.42,2770742.0,0.6046635664680104,69907625.0,43977731.0,16332778.0,17826588.0,25929894.0,0.0,-136875782.0,55295025.029999994,56301527.029999994,1.6781439624931118,0.9162032577406287,0.146322035686379,0.232595583432897,-0.08806898372466739,1.6781439624931118,-0.24741451531458047,12.06712391214256,-1.2704807056126477,1.2573414719827178,0.0,0.0,0.0,0.06554774246729166,0.5972751487833791,-0.15564438070954348,-251.19259087811744,0.6046635664680104,-0.13513513513513511,0.0,0.0,0.0,-0.23114734264663117,-0.2397615715386222,0.4101936355875351,0.0,0.0,0.0,Entertainment,Communication Services,AGAE
2020Q1,2020,Q1,2020-05-11,2020-03-31,-8776469.0,6045053.0,-8094070.0,-0.37,3603736.0,0.5961463034319137,68712148.0,40798192.0,12501334.0,22568785.0,27913956.0,0.0,-125995053.0,37394486.08,46940660.08,1.7129039105649877,0.5539214450401295,0.20226129446571806,0.34064764438581,-0.14798285066549657,1.7129039105649877,-0.21511906704101005,6.185964966725685,-1.0651916528161838,0.9165721382947559,0.0,0.0,0.0,0.0879764812475372,0.28448793322281196,-0.12772805472476279,-11.176595650945892,0.5961463034319137,-0.5142833756241303,-7.8241104386474625,0.0,-0.946652365583933,0.1561307973587983,-0.5080312635152399,-0.5781187365176715,-7.8241104386474625,0.0,-0.946652365583933,Entertainment,Communication Services,AGAE
2019Q4,2019,Q4,2020-03-16,2019-12-31,-5819819.0,6457060.0,-5128936.0,-0.24434,3117066.0,0.4827376545982227,71321074.0,44220826.0,15579694.0,24627411.0,27100248.0,0.0,-117218584.0,61927174.4,67320217.4,1.8566025127734553,0.6326159903694302,0.19396253062594093,0.31283033926141496,-0.08834700366252767,1.8566025127734553,-0.13160810248094415,9.590614676029029,-2.66018472395791,1.4004074550755792,0.0,0.0,0.0,0.09053509205427837,0.42886761422059344,-0.08160027147095401,-26.87959553326073,0.4827376545982227,-0.01808333333333338,-49.054306974268584,0.0,-0.7640928609038754,-0.1065468350729552,-0.3682513955657872,-0.34349642956588206,-49.054306974268584,0.0,-0.7640928609038754,Entertainment,Communication Services,AGAE
2019Q3,2019,Q3,2019-11-12,2019-09-30,-4253472.0,6041541.0,-3817603.0,-0.24,3488785.0,0.5774660802599867,74474724.0,49771325.0,18458025.0,23144441.0,24703399.0,0.0,-111398765.0,94656708.31,99070232.31,2.7499797362222473,0.7975144009742987,0.18488178620171858,0.2766456388291853,-0.060081559204628175,2.7499797362222473,-0.08546029264842758,15.667643124494232,-5.563496615823498,1.9018321957472502,0.0,0.0,0.0,0.08112203275838928,0.5099247374347905,-0.05711296090201019,-10.966163275699698,0.5774660802599867,-4.999999999999999,-6652.718435761228,0.0,2022.1536434580355,0.0,-13.558080211630214,-12.660886368109356,-6652.718435761228,0.0,2022.1536434580355,Entertainment,Communication Services,AGAE
2019Q2,2019,Q2,2019-08-09,2019-06-30,338704.0,0.0,-279455.0,-0.04,0.0,0.0,142144686.0,141138339.0,96599.0,1006347.0,1006347.0,0.0,1905464.0,45469348.5,46184511.5,31.81633391448307,0.09598975303747118,0.005276314022741589,0.0053139352872786745,-0.00123861200005912,31.81633391448307,0.0023998015167232484,0.0,33.56127215799046,0.3221615673116289,0.0,0.0,0.0,0.0,0.03461728409783107,0.002382811553011556,-42.98775157696497,0.0,0.3333333333333333,0.0,0.0,0.0,0.0,0.01893138313714047,-1.9406788789476164,0.0,0.0,0.0,Entertainment,Communication Services,AGAE
2019Q1,2019,Q1,2019-05-09,2019-03-31,332411.0,0.0,297078.0,-0.06,0.0,0.0,142282617.0,140799635.0,254875.0,1482982.0,1482982.0,0.0,1566760.0,45310356.78,45765481.78,31.913503980358637,0.17186654996486808,0.0045683725370331075,0.004616489240188726,0.0013451944205384904,31.913503980358637,0.0023608796997236533,0.0,34.07705880671819,0.32180734545228046,0.0,0.0,0.0,0.0,0.13140752888436946,0.002336272743704173,-135.46223554278643,0.0,-2.714285714285714,0.39534785351438645,0.0,-0.0060680387387809405,0.0,1.1767467749328793,1.7020581208215468,0.39534785351438645,0.0,-0.0060680387387809405,Entertainment,Communication Services,AGAE
2018Q4,2018,Q4,2019-03-18,2018-12-31,152710.0,0.0,-423153.0,0.035,0.0,0.0,141452286.0,140467224.0,144979.0,985062.0,985062.0,0.0,1234349.0,44295616.559999995,44511887.559999995,31.83816003666436,0.14717753806359396,0.002474332581659373,0.002491684465836671,-0.0013912899604398986,31.83816003666436,0.0010871575279369087,0.0,72.51590688232596,0.31534485624917025,0.0,0.0,0.0,0.0,0.13575693712680015,0.001079586652986294,-143.6578870795645,0.0,2.7500000000000004,5.807242087372209,0.0,3.0454804928137773,0.0,-0.602988698787726,-2.0038546177326615,5.807242087372209,0.0,3.0454804928137773,Entertainment,Communication Services,AGAE
2018Q3,2018,Q3,2018-11-07,2018-09-30,384649.0,0.0,-140870.0,-0.02,0.0,0.0,140717710.0,140314514.0,137263.0,403196.0,403196.0,0.0,1081639.0,43215727.734,43149781.734,32.14046012681685,0.3404374051329874,0.0,0.0,-0.0007149012317572916,32.14046012681685,0.00274133437115422,0.0,28.087768156163147,0.3079918570220041,0.0,0.0,0.0,0.0,0.16355817021994265,0.0027334796735961663,-258.68232402535597,0.0,0.0,2495.506562801643,0.0,23644.66114851256,0.0,0.04201104726920066,-0.24118911679706773,2495.506562801643,0.0,23644.66114851256,Entertainment,Communication Services,AGAE
2018Q2,2018,Q2,2018-08-09,2018-06-30,369141.0,0.0,-113496.0,-0.02,0.0,0.0,140190578.0,139929865.0,234024.0,260713.0,260713.0,0.0,696990.0,42715171.800000004,42539316.800000004,32.103644190423225,0.8976307280419465,0.0,0.0,-0.0005783413707459324,32.103644190423225,0.002638042993895549,0.0,28.928764212049057,0.30526129500660926,0.0,0.0,0.0,0.0,0.6745156551456966,0.0026331370143862307,-165.89189321444107,0.0,0.3333333333333333,0.0,0.0,0.0,0.0,0.5728273235079826,0.22401203336523998,0.0,0.0,0.0,Entertainment,Communication Services,AGAE
2018Q1,2018,Q1,2018-05-10,2018-03-31,234699.0,0.0,-146260.0,-0.03,0.0,0.0,139815657.0,139560724.0,359678.0,254933.0,254933.0,0.0,327849.0,42118137.33,41815415.33,32.10833862296066,1.4108726606598596,0.0,0.0,-0.000746783698105038,32.10833862296066,0.0016816980685769444,0.0,44.86399316784477,0.3017907626360551,0.0,0.0,0.0,0.0,1.1874570965704714,0.0016786317429384895,-336.3208870735914,0.0,-6.905511811023621,0.0,0.0,0.0,0.0,1.6077666666666666,-0.12507692307692309,0.0,0.0,0.0,Entertainment,Communication Services,AGAE
2017Q4,2017,Q4,2018-03-22,2017-12-31,90000.0,0.0,-130000.0,0.00508,0.0,0.0,139500000.0,139300000.0,500000.0,100000.0,100000.0,0.0,100000.0,170805000.0,170405000.0,7.870056497175141,5.0,0.0,0.0,-0.0005249461593682699,7.870056497175141,0.0006460875807609476,0.0,474.45833333333337,1.2261665470208185,0.0,0.0,0.0,0.0,4.0,0.0006451612903225806,-1552.7727272727273,0.0,146.14285714285717,0.0,0.0,0.0,0.0,145.0,-207.0,0.0,0.0,0.0,Entertainment,Communication Services,AGAE
2017Q3,2017,Q3,2017-11-09,2017-09-30,-625.0,0.0,-625.0,-3.5e-05,0.0,0.0,163080.0,24052.0,11531.0,139028.0,139028.0,0.0,-948.0,169518100.0,169631569.0,0.0013592540265611754,0.0829401271686279,0.7664949717929851,5.197073008481623,-0.004193167485172959,0.0013592540265611754,-0.025985365042408115,0.0,-67807.24,7047.98353567271,,0.0,,0.0,0.0829401271686279,-0.003832474858964925,0.0,0.0,0.0,0.0,0.0,0.0,0.0,0.0,0.0,0.0,0.0,0.0,Entertainment,Communication Services,AGAE
2017Q2,2017,Q2,2017-11-09,2017-05-31,,,,,,,150000.0,24677.0,31388.0,125323.0,125323.0,0.0,-323.0,0.0,93612.0,0.0,0.2504568195782099,0.8333333333333334,5.065445556591158,,0.0,,0.0,0.0,0.0,0.0,0.0,,,0.2504568195782099,,0.0,0.0,0.0,0.0,0.0,0.0,0.0,0.0,0.0,0.0,0.0,0.0,Entertainment,Communication Services,AGAE
