Quarters,Year,Quarter,FillingDate,Date,NetIncome,Revenue,OperatingIncome,EPSDiluted,GrossProfit,GrossProfitRatio,TotalAssets,CommonStockEquity,CurrentAssets,CurrentLiability,TotalLiability,Inventory,RetainedEarnings,MarketCap,EnterpriseValue,bookValuePerShare,currentRatio,debtToAssets,debtToEquity,roic,shareholdersEquityPerShare,roe,priceToSalesRatio,peRatio,pbRatio,payoutRatio,inventoryTurnover,dividendYield,assetTurnover,quickRatio,returnOnAssets,priceToFreeCashFlowsRatio,grossProfitMargin,epsdilutedGrowth,fiveYNetIncomeGrowthPerShare,fiveYRevenueGrowthPerShare,fiveYShareholdersEquityGrowthPerShare,grossProfitGrowth,netIncomeGrowth,operatingIncomeGrowth,threeYNetIncomeGrowthPerShare,threeYRevenueGrowthPerShare,threeYShareholdersEquityGrowthPerShare,Industry,Sector,Symbol
2023Q1,2023,Q1,2023-05-15,2023-03-31,-5461000.0,0.0,-7098000.0,-0.0431,0.0,0.0,116200000.0,113256000.0,110869000.0,2944000.0,2944000.0,5405000.0,-162475000.0,91789737.6,-12078262.400000006,0.8944275966641395,37.65930706521739,0.0,0.0,-0.05449016953047869,0.8944275966641395,-0.048218195945468674,0.0,-4.202057205639992,0.8104624708624708,0.0,0.0,0.0,0.0,35.531929347826086,-0.04699655765920826,-13.071737054970093,0.0,0.20185185185185187,0.9389531918313384,0.0,-0.5488398714567299,0.0,0.2020748100526008,0.12779552715654952,0.8668625074448215,0.0,-0.2504816917557972,Biotechnology,Healthcare,ATOS
2022Q4,2022,Q4,2023-03-22,2022-12-31,-6844000.0,0.0,-8138000.0,-0.054,0.0,0.0,123532000.0,117964000.0,118197000.0,5568000.0,5568000.0,4141000.0,-156194000.0,66920783.99999999,-43969216.00000001,0.9316085418246146,21.22790948275862,0.0,0.0,-0.06302870713740781,0.9316085418246146,-0.058017700315350446,0.0,-2.4445055523085912,0.5672983622122003,0.0,0.0,0.0,0.0,20.049030172413794,-0.055402648706408056,-14.769539615978811,0.0,0.12479740680713126,0.9263614626773748,0.0,-0.6438001419176587,0.0,0.12447230395292312,0.008165752589884216,0.8115749033471191,0.0,-0.35341293275094626,Biotechnology,Healthcare,ATOS
2022Q3,2022,Q3,2022-11-07,2022-09-30,-7817000.0,0.0,-8205000.0,-0.0617,0.0,0.0,126724000.0,123856000.0,123395000.0,2868000.0,2868000.0,5217000.0,-148703000.0,105515779.2,-11851220.799999997,0.9781400050543341,43.024755927475596,0.0,0.0,-0.06464201944036033,0.9781400050543341,-0.0631136158119106,0.0,-3.3745611871561985,0.8519230331998451,0.0,0.0,0.0,0.0,41.135634588563455,-0.06168523720842145,-19.482233973412114,0.0,-0.15759849906191364,0.9707720392675318,0.0,-0.6052563849326087,0.0,-0.15824566602459625,-0.2441243366186505,0.8278258370487099,0.0,-0.40535636938218217,Biotechnology,Healthcare,ATOS
2022Q2,2022,Q2,2022-08-08,2022-06-30,-6749000.0,0.0,-6595000.0,-0.0533,0.0,0.0,134048000.0,130256000.0,133421000.0,3792000.0,3792000.0,5414000.0,-140691000.0,138020160.0,12483160.0,1.0286833459691687,35.18486286919831,0.0,0.0,-0.05121538632317338,1.0286833459691687,-0.051813352168038326,0.0,-5.112615202252186,1.0596069278958358,0.0,0.0,0.0,0.0,33.343090717299575,-0.0503476366674624,-23.20056480080686,0.0,-0.39895013123359574,0.9886745121982691,0.0,-0.771411650718562,0.0,-0.3987564766839378,-0.389298504318517,0.9328055771065443,0.0,-0.4651505710074341,Biotechnology,Healthcare,ATOS
2022Q1,2022,Q1,2022-05-09,2022-03-31,-4825000.0,0.0,-4747000.0,-0.0381,0.0,0.0,137478000.0,135156000.0,136848000.0,2322000.0,2322000.0,3984000.0,-134020000.0,158280000.0,26794000.0,1.0673805913570886,58.935400516795866,0.0,0.0,-0.03540858118084086,1.0673805913570886,-0.035699487999052947,0.0,-8.201036269430052,1.1710911835212645,0.0,0.0,0.0,0.0,56.913867355727824,-0.03509652453483467,-32.36148026988346,0.0,0.0026178010471203123,0.9930770660814194,0.0,-0.7796149824575803,0.0,0.0021021003630900628,0.01675921184976031,0.9387160570478394,0.0,-0.640550168218342,Biotechnology,Healthcare,ATOS
2021Q4,2021,Q4,2022-02-28,2021-12-31,-4835164.0,0.0,-4827912.0,-0.0382,0.0,0.0,141262000.0,138136000.0,141240000.0,3126000.0,3126000.0,2598000.0,-129234000.0,202460070.4,66083070.400000006,1.0916601953330152,45.18234165067179,0.0,0.0,-0.034976655460842825,1.0916601953330152,-0.03500292465396421,0.0,-10.468107720854972,1.4656575432906702,0.0,0.0,0.0,0.0,43.96960972488804,-0.03422834166300916,-55.241462460320626,0.0,0.0772946859903382,0.9969560898563233,0.0,-0.888767263864388,0.0,0.0765002398916973,0.06410312577419351,0.8775644433367106,0.0,-0.18599634802213216,Biotechnology,Healthcare,ATOS
2021Q3,2021,Q3,2021-11-15,2021-09-30,-5235696.0,0.0,-5158594.0,-0.0414,0.0,0.0,143023647.0,141347826.0,142986884.0,1675821.0,1675821.0,0.0,-124402093.0,412512393.44,272472655.44,1.1170425909325379,85.32348263925563,8.509082417678806e-06,8.609966169553962e-06,-0.03676582582322179,1.1170425909325379,-0.03704122057031142,0.0,-19.69711349933227,2.918420502908902,0.0,0.0,0.0,0.0,84.1233204500958,-0.03660720524068303,-134.32785936018877,0.0,0.288659793814433,-1.0471510620047662,0.0,-0.9518779165717725,0.0,0.25994405440207613,0.26345426160725527,0.9351991521064555,0.0,-0.4521599376297394,Biotechnology,Healthcare,ATOS
2021Q2,2021,Q2,2021-08-13,2021-06-30,-7074730.0,0.0,-7003766.0,-0.0582,0.0,0.0,145868005.0,144071902.0,145830918.0,1796103.0,1796103.0,0.0,-119204948.0,768335615.12,625907374.12,1.1850738176412545,81.19295942381923,3.2358021212396786e-05,3.2761419364061706e-05,-0.04885482777915479,1.1850738176412545,-0.04910555008845514,0.0,-27.15070451875902,5.333001122731066,0.0,0.0,0.0,0.0,79.75604405760694,-0.04850090326524998,-143.9835658932742,0.0,-0.5195822454308094,0.9935146695887808,0.0,-0.9056264207571082,0.0,-0.9954617378526038,-0.9836605935093272,0.9568192972212775,0.0,-0.7314994800980823,Biotechnology,Healthcare,ATOS
2021Q1,2021,Q1,2021-05-14,2021-03-31,-3545410.0,0.0,-3530728.0,-0.0383,0.0,0.0,141080546.0,139701399.0,141031313.0,1379147.0,1379147.0,0.0,-112165700.0,195358924.48,57793344.47999999,1.5088635068738683,102.25981204324123,5.679734185321341e-05,5.7358051224669555e-05,-0.025322924241183733,1.5088635068738683,-0.02537848600929186,0.0,-13.77548185400278,1.3984034940122538,0.0,0.0,0.0,0.0,100.27475098738569,-0.025130396078847043,-44.311253904701246,0.0,0.6808333333333333,0.9971198483266378,0.0,-0.9299934641527433,0.0,0.5262249277359418,0.164475029343834,0.9457971055266315,0.0,-0.23891094566586418,Biotechnology,Healthcare,ATOS
2020Q4,2020,Q4,2021-03-31,2020-12-31,-7483319.0,0.0,-4225760.0,-0.12,0.0,0.0,42839453.0,27167932.0,42770175.0,15671521.0,15671521.0,0.0,-111898992.0,87957809.6,48422191.599999994,0.29343085642278205,2.7291655353682645,0.00042141060951455194,0.0006644966573090657,-0.2229548786644628,0.29343085642278205,-0.2754467656942015,0.0,-2.938462519104157,3.2375599880035035,0.0,0.0,0.0,0.0,2.56443589617115,-0.1746828793542252,-25.62434968145017,0.0,0.6470588235294118,0.9972222338044253,1.0,-0.9862712904100619,0.0,-1.1545109788139667,-0.20432647365949083,0.8898829318902978,0.0,-0.8878069224117829,Biotechnology,Healthcare,ATOS
2020Q3,2020,Q3,2020-11-13,2020-09-30,-3473326.0,0.0,-3508816.0,-0.34,0.0,0.0,11437660.0,9871077.0,11318317.0,1565366.0,1566583.0,0.0,-104415673.0,24593903.4,15519233.399999999,0.9712978843366523,7.230460480168855,0.002734825130315117,0.003168853814026575,-0.35143027702179114,0.9712978843366523,-0.3518690007179561,0.0,-1.770198319996453,2.491511655719026,0.0,0.0,0.0,0.0,6.09771452810397,-0.3036745278317418,-9.173286958208303,0.0,0.19047619047619038,0.9869315524575428,-1.0,-0.9828653908669126,0.0,0.10399932722417804,0.1084888054724228,0.8381890594710123,0.0,-0.6080176291848313,Biotechnology,Healthcare,ATOS
2020Q2,2020,Q2,2020-08-13,2020-06-30,-3876477.0,0.0,-3935807.0,-0.42,0.0,0.0,10205699.0,8374306.0,10061681.0,1826673.0,1831393.0,0.0,-100924602.0,34912834.4,27494333.4,0.9114803580656861,5.508200427772239,0.0043343429979661365,0.0052822287602101,-0.46154083608518054,0.9114803580656861,-0.46290128399893676,0.0,-2.251582712860156,4.169042115251102,0.0,0.0,0.0,0.0,4.501822712658478,-0.37983454146550866,-15.66003852119518,0.0,-0.31249999999999994,0.9787088844071642,-1.0,-0.9893183424231354,0.0,-0.3105809628744847,-0.3400731832963399,0.9103460937227209,0.0,-0.7974558533788746,Biotechnology,Healthcare,ATOS
2020Q1,2020,Q1,2020-05-13,2020-03-31,-2957831.0,0.0,-2937009.0,-0.32,0.0,0.0,11812302.0,10896337.0,11667120.0,907952.0,915965.0,0.0,-97018460.0,12144208.72,2830465.7200000007,1.1933365560601135,12.849930392796095,0.003166021322516136,0.00343216256986178,-0.26864893770142667,1.1933365560601135,-0.2714518649707695,0.0,-1.026445452765895,1.1145221297762726,0.0,0.0,0.0,0.0,11.107945133663453,-0.25040258875873644,-3.759822761335544,0.0,-0.10344827586206906,0.9867537752044665,-1.0,-0.9839369528610744,0.0,-0.12927717168246333,-0.12235419280358022,0.9411475331178828,0.0,-0.7536085066836903,Biotechnology,Healthcare,ATOS
2019Q4,2019,Q4,2020-03-26,2019-12-31,-2619225.0,0.0,-2616829.0,-0.29,0.0,0.0,14489855.0,13156005.0,14319266.0,1322742.0,1333850.0,0.0,-94071040.0,14335644.88,1804987.8800000008,1.4408091176153632,10.825441393710943,0.003483747766972133,0.003836955063486218,-0.19748312277852695,1.4408091176153632,-0.19908969326174625,0.0,-1.3683097939275932,1.089665508640351,0.0,0.0,0.0,0.0,10.070589729516414,-0.18076267843950128,-5.2930172163932525,0.0,0.19444444444444448,0.9931691630891855,-1.0,-0.9790014511572501,0.0,0.19990194371385892,0.20658826425824042,0.9771495243226856,0.0,-0.8531913675275078,Biotechnology,Healthcare,ATOS
2019Q3,2019,Q3,2019-11-13,2019-09-30,-3273630.0,0.0,-3298198.0,-0.36,0.0,0.0,16596523.0,15018195.0,16400629.0,1564310.0,1578328.0,0.0,-91453013.0,17894911.72,2668652.719999999,1.6449179890114596,10.484257596000793,0.003813087837735651,0.004213821967287014,-0.21696398139225148,1.6449179890114596,-0.2179775931794733,0.0,-1.366595470471617,1.1915487660134922,0.0,0.0,0.0,0.0,10.137711195351304,-0.19724794163211173,-10.115926271803476,0.0,0.5443037974683544,0.9849400679677587,-1.0,-0.9852794796724538,0.0,0.5477780115427721,0.5473281957664689,-1.4085945417495875,0.0,-0.9291370970611609,Biotechnology,Healthcare,ATOS
2019Q2,2019,Q2,2019-08-13,2019-06-30,-7238989.0,0.0,-7286069.0,-0.79,0.0,0.0,18609313.0,17552457.0,18388141.0,1032829.0,1056856.0,0.0,-88167099.0,22997905.56,6015200.559999999,1.9233139089384104,17.803664498188954,0.004074411559416514,0.00431973711714548,-0.410213017871523,1.9233139089384104,-0.4124202668606452,0.0,-0.794237481228387,1.3102385358357522,0.0,0.0,0.0,0.0,16.90970431697793,-0.38899818601578684,-9.19145978070377,0.0,-0.27419354838709686,0.9662452228836603,-1.0,-0.9857008370154854,0.0,-0.7732688922992883,-0.7926868125095188,0.9116012152139391,0.0,-0.8468365304404171,Biotechnology,Healthcare,ATOS
2019Q1,2019,Q1,2019-05-13,2019-03-31,-4082285.0,0.0,-4064329.0,-0.62,0.0,0.0,21024728.0,19496190.0,20779528.0,1491141.0,1528538.0,0.0,-80904570.0,23504540.12,4024396.120000001,2.9694841866150923,13.935320670546917,0.004190446601734872,0.00451898550434726,-0.20705597892281197,2.9694841866150923,-0.20938886007984123,0.0,-1.4394230265647794,1.2055965868202967,0.0,0.0,0.0,0.0,13.28251520144641,-0.19416588885240274,-10.937655363813871,0.0,-1.0,0.9650306440998513,-1.0,-0.9810881027044217,0.0,-0.992279844532984,-0.9288129174445677,0.95323356300096,0.0,-0.8622252442244871,Biotechnology,Healthcare,ATOS
2018Q4,2018,Q4,2019-03-28,2018-12-31,-2049052.0,0.0,-2107166.0,-0.31,0.0,0.0,11720446.0,8805010.0,11549366.0,2915436.0,2915436.0,0.0,-76831263.0,6696824.28,-3683668.7199999997,1.3410998742825009,3.9614541358479487,0.0,0.0,-0.23596823998178296,1.3410998742825009,-0.23271432968276015,0.0,-0.8170637299590249,0.7605697529020411,0.0,0.0,0.0,0.0,3.738237093868636,-0.17482713541788428,-2.6786289955497673,0.0,0.515625,0.9846458218238242,-1.0,-0.9828389983744005,0.0,0.38090654252480993,0.3633881878083487,0.9892740324648801,1.0,-0.9372541424934557,Biotechnology,Healthcare,ATOS
2018Q3,2018,Q3,2018-11-14,2018-09-30,-3309762.0,0.0,-3309970.0,-0.64,0.0,0.0,14124372.0,10569109.0,13922943.0,3555263.0,3555263.0,0.0,-74753154.0,8500926.879999999,-4434660.120000001,2.0389939832066877,3.9161499444626178,0.0,0.0,-0.31316414626173256,2.0389939832066877,-0.31315430657399784,0.0,-0.64211013359873,0.8043182145249897,0.0,0.0,0.0,0.0,3.773583557672105,-0.23432985197501172,-3.6942096665622257,0.0,0.5259259259259259,0.9839642204370445,-1.0,-0.9844611716343695,0.0,0.2010226679650781,0.2010029314526719,0.9755845416685768,-1.0,-0.9640302264728765,Biotechnology,Healthcare,ATOS
2018Q2,2018,Q2,2018-08-13,2018-06-30,-4142498.0,0.0,-4142656.0,-1.35,0.0,0.0,16577846.0,13566765.0,16408171.0,3011081.0,3011081.0,0.0,-71443288.0,6762366.600000001,-8474369.399999999,4.41367420098165,5.44926257380655,0.0,0.0,-0.30534744270232805,4.41367420098165,-0.3053416197597585,0.0,-0.40810922539974676,0.49845092768983623,0.0,0.0,0.0,0.0,5.268123640646,-0.24988155879841084,-3.6885622587046334,0.0,-0.9014084507042256,0.9570931439028084,-1.0,-0.9561501819485336,0.0,-1.2101998437786778,-1.210075430488343,0.9319937237321727,-1.0,-0.9482760587723714,Biotechnology,Healthcare,ATOS
2018Q1,2018,Q1,2018-05-14,2018-03-31,-1874264.0,0.0,-1874441.0,-0.71,0.0,0.0,5980302.0,5259592.0,5735374.0,720710.0,720710.0,0.0,-67300711.0,14198866.704,9419347.704,1.9825058556307158,7.957949799503267,0.0,0.0,-0.35636281222682464,1.9825058556307158,-0.3563515953328699,0.0,-1.8939256561508946,2.6996137160448948,0.0,0.0,0.0,0.0,7.180961829307211,-0.31340624603907963,-5.824100865071064,0.0,0.02739726027397263,0.9728681522672569,-1.0,-0.9788092232969718,0.0,0.037491956692211816,0.06750538272037315,0.9711111979806196,-1.0,-0.9733142466385754,Biotechnology,Healthcare,ATOS
2017Q4,2017,Q4,2018-03-08,2017-12-31,-1947271.0,0.0,-2010136.0,-0.73,0.0,0.0,8164094.0,6938687.0,7898034.0,1225407.0,1225407.0,0.0,-65426329.0,8372874.312,1155405.312,2.6154096378366845,6.445233297998135,0.0,0.0,-0.2830486841977133,2.6154096378366845,-0.2806396945128091,0.0,-1.0749498030833922,1.20669433741571,0.0,0.0,0.0,0.0,6.182228435124004,-0.2385164844990761,-4.975910072134842,0.0,0.6906779661016949,0.9679176765351796,-1.0,-0.9623212753837544,0.0,0.1086005557310335,0.02227267796959717,0.9825213651447036,-1.0,-0.9618826627674258,Biotechnology,Healthcare,ATOS
2017Q3,2017,Q3,2017-11-13,2017-09-30,-2184510.0,0.0,-2055927.0,-2.36,0.0,0.0,3634621.0,2562798.0,2950109.0,1071823.0,1071823.0,0.0,-63433301.0,6577874.5200000005,3844211.5200000005,2.4779121630310454,2.752421808451582,0.0,0.0,-0.896658997906004,2.4779121630310454,-0.8523925802970035,0.0,-0.7527860389744154,2.56667693669185,0.0,0.0,0.0,0.0,2.5542491624083454,-0.6010282777764174,-3.865488381276764,0.0,0.4989384288747346,0.885248196278385,-1.0,-0.9544435798890822,0.0,0.2549270261577569,-0.08419929092114332,0.9112859355639513,-1.0,-0.9778249392313512,Biotechnology,Healthcare,ATOS
2017Q2,2017,Q2,2017-08-14,2017-06-30,-2931941.0,0.0,-1896263.0,-4.71,0.0,0.0,4709378.0,2803602.0,3976129.0,1905776.0,1905776.0,0.0,-61248791.0,3738753.6012,48730.60119999992,4.5001565005513635,2.0863569485605864,0.0,0.0,-0.8847097730157888,4.5001565005513635,-1.0457764689852553,0.0,-0.3187950918180141,1.333553621805092,0.0,0.0,0.0,0.0,1.9376668611631167,-0.6225749982269421,-2.7722727766968407,0.0,0.14363636363636365,0.7484676771351442,-1.0,1.5066406723352628,0.0,-0.6879629469708746,-0.12414707685230306,0.7997320020173415,-1.0,-0.9665429179510668,Biotechnology,Healthcare,ATOS
2017Q1,2017,Q1,2017-05-11,2017-03-31,-1736970.0,0.0,-1686846.0,-5.5,0.0,0.0,2303182.0,1528405.0,1516842.0,774777.0,774777.0,0.0,-59007302.0,2878792.2576,1711781.2576000001,4.843253880230944,1.9577788189375782,0.0,0.0,-1.1253131629696733,4.843253880230944,-1.1364592500024535,0.0,-0.41434110226428783,1.88352711329785,0.0,0.0,0.0,0.0,1.50625405761916,-0.7541609825015999,-1.5469468339574766,0.0,0.5617529880478088,0.6763844322290548,-1.0,-0.48373253342602995,0.0,0.561538846006855,0.33159487226630235,0.6904404928224566,-1.0,-0.9691545351976607,Biotechnology,Healthcare,ATOS
2016Q4,2016,Q4,2017-03-16,2016-12-31,-3961514.0,0.0,-2523688.0,-12.55,0.0,0.0,4144372.0,3097106.0,3254563.0,1047266.0,1047266.0,0.0,-57303748.0,5339512.08,2311550.08,9.814198888374834,3.107675604860656,0.0,0.0,-1.2791211055472484,9.814198888374834,-1.2791018454001897,0.0,-0.3369615808501497,1.724032719577567,0.0,0.0,0.0,0.0,2.8913017323201555,-0.9558779955081252,-3.9254912495451086,0.0,-1.784375,0.35307145481965085,-1.0,-0.6064934882064258,0.0,-20.353819697199164,-0.6193732815292264,0.3824070805727649,-1.0,-0.8744154061102541,Biotechnology,Healthcare,ATOS
2016Q3,2016,Q3,2016-11-14,2016-09-30,204689.0,0.0,-1558435.0,16.0,0.0,0.0,6278241.0,5414474.0,4563928.0,863767.0,863767.0,0.0,-54780098.0,5878026.0,1489849.0,23.212681400184348,5.28374897397099,0.0,0.0,-5.246332745790988,23.212681400184348,0.03780404153755286,0.0,7.179215785899585,1.0856134871088123,0.0,0.0,0.0,0.0,5.080278593648519,0.032602921741933764,9.250673574477194,0.0,2.783723522853957,1.0431721377385024,0.0,-0.46948618184010826,0.0,1.1188405830758896,0.09518672676170166,1.022038360709849,-1.0,-0.8231000801599893,Biotechnology,Healthcare,ATOS
2016Q2,2016,Q2,2016-08-12,2016-06-30,-1722383.0,0.0,-1722383.0,-8.97,0.0,0.0,3284619.0,2410354.0,1454995.0,874265.0,874265.0,0.0,-54984786.0,9674229.6,8483363.6,12.557262606213108,1.6642493980658037,0.0,0.0,-0.7145767800082478,12.557262606213108,-0.7145767800082478,0.0,-1.4041925634426258,4.013613601985434,0.0,0.0,0.0,0.0,1.362133906767399,-0.5243783221128538,-5.830560718599252,0.0,0.32556390977443606,0.4822584307390028,0.0,0.0,0.0,0.2599985392302603,0.2599985392302603,0.7143170690120727,-1.0,-0.8752436959700242,Biotechnology,Healthcare,ATOS
2016Q1,2016,Q1,2016-05-05,2016-03-31,-2327540.0,0.0,-2327540.0,-13.3,0.0,0.0,5100021.0,3773186.0,3385593.0,1326835.0,1326835.0,0.0,-53262403.0,10839962.88,7957305.880000001,21.553180551112735,2.55163076041859,0.0,0.0,-0.6168633086203542,21.553180551112735,-0.6168633086203542,0.0,-1.1643154231506225,2.8728938568096036,0.0,0.0,0.0,0.0,2.1725813684444564,-0.45637851295122117,-3.6135919793984552,0.0,0.5429553264604811,-2.6089327080758995,0.0,0.0,1.0,0.5430669876823578,-0.22932887983259231,0.4893933214952307,-1.0,-0.7696205360496274,Biotechnology,Healthcare,ATOS
2015Q4,2015,Q4,2016-03-30,2015-12-31,-5093832.0,-5337911.0,-1893342.0,-29.1,-2094251.0,0.3923353162,6243321.0,3741734.0,4294851.0,2501587.0,2501587.0,0.0,-50934863.0,10083686.4,6367791.4,21.37352054105927,1.7168505432751289,0.0,0.0,-1.3154197972461648,21.37352054105927,-1.3613559916338254,-1.8890697877877696,-0.4948968870587016,2.694923369753168,0.0,0.0,0.0,-0.8549794252129596,1.485415058520851,-0.8158850073542591,-2.537791569457972,0.3923353161939193,-0.11281070745697908,-4.311746733696992,0.0,2.5691209232562557,-5.564249255728601,-0.2187889183693148,0.5684647321819296,-0.2718174062746375,-24.09106785938673,-0.6920838009863869,Biotechnology,Healthcare,ATOS
2015Q3,2015,Q3,2015-11-12,2015-09-30,-4179421.0,772244.0,-4387456.0,-26.15,458838.0,0.5941619488,12357390.0,9059097.0,9542010.0,3292605.0,3298293.0,170860.0,-45973267.0,22149804.599999998,14310365.599999998,56.68631696191126,2.8980123640703943,0.0,0.0,-0.46875960845343956,56.68631696191126,-0.4613507284445679,28.682391316734087,-1.3249326043009306,2.445034488536771,0.0,1.8342853798431464,0.0,0.06249248425436116,2.7013559172752273,-0.3382122762169034,-6.311132936711457,0.5941619488141053,-0.31937436932391516,-2.3901235979403843,0.0,7.731586923933178,-0.45340379250124485,-0.3711615281448567,-0.37367925872236374,-0.42083420599636817,1.86237584360438,0.04217805158137133,Biotechnology,Healthcare,ATOS
2015Q2,2015,Q2,2015-08-06,2015-06-30,-3048088.0,2694157.0,-3193945.0,-19.82,839446.0,0.3115802086,16561200.0,13124987.0,13755519.0,3413663.0,3436213.0,101339.0,-41655157.0,31285360.8,19967294.8,85.3313590617117,4.0295480250979665,0.005124568267999903,0.006466215928442444,-0.23281443879444444,85.3313590617117,-0.23223550621421568,11.612300545216927,-2.5659824125812642,2.383648898090337,0.0,18.302045609291586,0.0,0.16267885177402602,3.9298220123076004,-0.1840499480713958,-8.846961852317815,0.3115802085773027,0.18936605316973412,-5.291763153460338,0.0,94.23268690382834,0.26172904823887666,0.09958433782809352,0.02738562601023912,-0.059167388458508115,3.9100163562532213,10.606851921929932,Biotechnology,Healthcare,ATOS
2015Q1,2015,Q1,2015-05-13,2015-03-31,-3385201.0,1873268.0,-3283876.0,-24.45,665314.0,0.3551622085,13802865.0,10283852.0,11366969.0,3486556.0,3519013.0,94628.0,-38509831.0,44850348.0,35227183.0,74.29079587074776,3.2602284317246015,0.007621895889005652,0.010230018868416232,-0.31760377721390287,74.29079587074776,-0.3291763630981854,23.942301902343925,-3.3122367032267803,4.361240126754061,0.0,12.765291457074015,0.0,0.13571588217373712,3.157436163365797,-0.24525350352988312,-14.63450819623989,0.3551622085040688,0.5862244034523608,-5.638074647824853,0.0,0.0,3.4992865402952575,0.4176523269128082,0.04734502671538039,-0.437811510733167,20.886817527469983,6.919039951737167,Biotechnology,Healthcare,ATOS
2014Q4,2014,Q4,2015-03-30,2014-12-31,-5813024.0,488529.0,-3447078.0,-59.09,147871.0,0.3026862274,11764002.0,9498127.0,9085671.0,2214176.0,2265875.0,39788.0,-35174540.0,35631109.8,27255632.799999997,68.61469944447254,4.103409575390574,0.010646121957476716,0.013185862854855488,-0.49751360098902764,68.61469944447254,-0.6120179273239872,72.93550597815073,-1.5323827064880515,3.7513827515677565,0.0,8.56182768673972,0.0,0.04152744958730881,3.97379250791265,-0.49413660419302885,-12.839798965929287,0.302686227429692,-1.4817303653926923,-6.666036779837403,0.0,6.03729651530423,42.161412726211324,-0.7910834423292308,-0.06219018228151563,-1.164101585151335,146.13712691888145,1.7511497722082499,Biotechnology,Healthcare,ATOS
2014Q3,2014,Q3,2014-11-12,2014-09-30,-3245535.0,3426.0,-3245255.0,-23.81,3426.0,1.0,16772226.0,15232609.0,11715995.0,1539617.0,1539617.0,45867.0,-29361516.0,33125274.0,21751023.0,111.74319605628017,7.609681498710393,0.0,0.0,-0.21305575387385534,111.74319605628017,-0.21306494507933604,9668.789842381786,-2.5516035106692736,2.174629047459959,0.0,0.0,0.0,0.00020426626733982715,7.406648536616574,-0.19350651487763162,-10.775109945872801,1.0,-0.013191489361702073,-15.08256117207006,0.0,0.0,-0.6530632911392406,-0.017594427072767798,-0.01842817883888226,-0.17131337630532642,0.0,1.553832905867383,Biotechnology,Healthcare,ATOS
2014Q2,2014,Q2,2014-08-12,2014-06-30,-3189419.0,9875.0,-3186533.0,-23.5,9875.0,1.0,19819098.0,18255604.0,14673902.0,1563494.0,1563494.0,1910.0,-26116121.0,41042937.599999994,26744446.599999994,134.50534909080193,9.385326710559811,0.0,0.0,-0.1746299572910844,134.50534909080193,-0.17470903729068618,4156.24684556962,-3.217117098756858,2.2482377247008642,0.0,0.0,0.0,0.0004982567824226915,9.176016025645126,-0.16092654670762513,-17.521297097922695,1.0,-0.3217097862767153,-6.460879235499399,0.0,147.9599832530936,-0.5906566075277732,-0.32223791600560003,-0.3217055694391157,-0.35588883902734114,0.0,0.0,Biotechnology,Healthcare,ATOS
2014Q1,2014,Q1,2014-05-14,2014-03-31,-2412137.0,24124.0,-2410925.0,-17.78,24124.0,1.0,22383091.0,21301046.0,17700133.0,1082045.0,1082045.0,0.0,-22928145.0,41268076.199999996,24677125.199999996,157.01672551433353,16.358037789555887,0.0,0.0,-0.11321185108546584,157.01672551433353,-0.11324030754170476,1710.6647405073784,-4.277128144048203,1.9373732257091973,0.0,0.0,0.0,0.0010777778636560965,15.417442897476537,-0.10776603642454922,-15.245202155189132,1.0,0.12543039842597134,-3.826423586637694,0.0,0.0,1.180447303463236,0.12523925813477657,0.12583222563294835,-3.826423586637694,0.0,0.0,Biotechnology,Healthcare,ATOS
2013Q4,2013,Q4,2014-03-27,2013-12-31,-2757482.0,47213.0,-2757966.0,-20.33,-133690.0,-2.8316353547,12009047.0,10601651.0,7413821.0,1407396.0,1407396.0,0.0,-20516614.0,56652033.6,50329872.6,78.14811183759518,5.267757617614374,0.0,0.0,-0.2601221242581601,78.14811183759518,-0.2600992996279542,1199.9244614830661,-5.136210644348721,5.343699165346982,0.0,0.0,0.0,0.0039314526789677815,4.605123931004494,-0.22961705454229633,-20.697642087957256,-2.831635354669265,0.48945253641386244,-2.7106266689555607,0.0,6.737184810605995,-3.639017746106319,0.21255139866919603,0.21243657366278906,-2.7106266689555607,0.0,6.737184810605995,Biotechnology,Healthcare,ATOS
2013Q3,2013,Q3,2013-11-12,2013-09-30,-3501793.0,76597.0,-3501897.0,-39.82,50659.0,0.6613705498,13482221.0,11539949.0,8595445.0,1942272.0,1942272.0,0.0,-17758892.0,88964150.4,81227429.4,131.21928727371963,4.425458947047582,0.0,0.0,-0.3034541139850649,131.21928727371963,-0.30344960796620507,1161.4573730041648,-6.351328476583282,7.7092325451351655,0.0,0.0,0.0,0.005681333958255098,4.137452941709503,-0.2597341343091765,-29.180303426885693,0.6613705497604345,-0.2677491244826488,-25.8971568768928,0.0,0.0,-0.5125098635462576,-0.35515630302962287,-0.3555658608773812,-4.161671194027811,0.0,16.582491255749073,Biotechnology,Healthcare,ATOS
2013Q2,2013,Q2,2013-08-14,2013-06-30,-2584051.0,326078.0,-2583347.0,-31.41,103918.0,0.31869062,10055002.0,8280832.0,5355137.0,1774170.0,1774170.0,0.0,-14257045.0,74339172.0,71852160.0,100.65433329281633,3.0183900077219206,0.0,0.0,-0.3120095845494691,100.65433329281633,-0.3120520981466597,227.9797226430486,-7.192115403295059,8.97725880684453,0.0,0.0,0.0,0.03242943164009316,1.695122789811574,-0.2569915948301154,-33.93478641936085,0.318690620035697,-0.20622119815668208,-8.972284668369491,0.0,110.97450462046453,-0.10574324905770786,-0.33099229595245194,-0.33063927521578135,-8.972284668369491,0.0,110.97450462046453,Biotechnology,Healthcare,ATOS
2013Q1,2013,Q1,2013-05-15,2013-03-31,-1941447.0,182670.0,-1941433.0,-26.04,116206.0,0.636152625,8911829.0,6975564.0,4165636.0,1936265.0,1936265.0,0.0,-11673348.0,118775673.0,117390474.0,93.55512935717064,2.1513770067630205,0.0,0.0,-0.2783201472991662,93.55512935717064,-0.27832115080587033,650.2199211693218,-15.294735447323568,17.02739348388173,0.0,0.0,0.0,0.020497475882896767,0.8493351891399162,-0.21785056692627294,-88.42001932536894,0.6361526249520995,-0.13811188811188813,-6.067930875177908,0.0,0.0,0.25362475187710365,-0.13812721813361972,-0.13841799296109134,-6.067930875177908,0.0,0.0,Biotechnology,Healthcare,ATOS
2012Q4,2012,Q4,2013-03-28,2012-12-31,-1705826.0,98456.0,-1705378.0,-22.88,92696.0,0.9414967092,6826133.0,5175535.0,1989495.0,1650598.0,1650598.0,0.0,-9731906.0,52341822.0,50616625.0,69.41343329622725,1.2053177090969456,0.0,0.0,-0.3295508523431197,69.41343329622725,-0.32959413857697806,531.6265336800195,-7.671037667382254,10.11331620788962,0.0,0.0,0.0,0.014423393156857624,1.1310216055029754,-0.2498963908262555,-25.323583883265922,0.9414967091898919,-0.2428028245518739,-3.176501050772668,0.0,6.09593495984563,0.02427651134266677,-0.4819197770464915,-0.5016466021879556,-3.176501050772668,0.0,6.09593495984563,Biotechnology,Healthcare,ATOS
2012Q3,2012,Q3,2012-12-21,2012-09-30,-1151092.0,105576.0,-1135672.0,-18.41,90499.0,0.8571929226,5692474.0,3401577.0,885453.0,2290897.0,2290897.0,0.0,-8026303.0,54032832.0,53862762.0,54.39216156576801,0.38650930181496596,0.04391763581177534,0.07349532290464099,-0.31310581983859986,54.39216156576801,-0.33839951293179604,511.7908615594453,-11.735124559983042,15.884641741168876,0.0,0.0,0.0,0.018546593273855973,0.25993224488049876,-0.2022129569673924,-357.88072592396344,0.857192922633932,0.01603420630678785,-11.433350255451982,0.0,0.0,-0.5592058799175876,0.016230472539127565,0.025852389452492727,-11.433350255451982,0.0,0.0,Biotechnology,Healthcare,ATOS
2012Q2,2012,Q2,2012-06-30,2012-06-30,-1170083.0,223097.0,-1165811.0,-18.71,205309.0,0.9202678655,842912.0,-555484.0,700716.0,1398396.0,1398396.0,0.0,-6882922.0,54032832.0,54192635.0,-8.88234353513064,0.5010855294208507,0.2965908659504195,-0.45005796746620963,3.8232545520425423,-8.88234353513064,2.10642070698706,242.19434595713972,-11.544657943068996,-97.27162618545269,0.0,0.0,0.0,0.26467412968376297,0.1927751509586698,-1.3881437208154588,-66.5841426400837,0.9202678655472731,-0.09994121105232211,-4.9402916120909355,0.0,-8.70481148887103,6.7798029556650246,-0.10004634909233812,-0.09757787617201438,-4.9402916120909355,0.0,-8.70481148887103,Biotechnology,Healthcare,ATOS
2012Q1,2012,Q1,2012-03-31,2012-03-31,-1063667.0,38667.0,-1062167.0,-17.01,26390.0,0.6824941164,1365979.0,586687.0,1215253.0,779292.0,779292.0,0.0,-5714972.0,54032832.0,53383338.0,9.381288176788512,1.5594321512347105,0.18301891903169815,0.42612159464927635,-1.2703872186324543,9.381288176788512,-1.8130059128632474,1397.3887811311972,-12.69965882179291,92.09822614102579,0.0,0.0,0.0,0.02830717016879469,1.213829989272314,-0.778684738198757,-53.75604213902616,0.6824941164300308,0.12319587628865965,-3.6167905864378387,0.0,0.0,1.2757863935625458,0.12348766647823443,0.11285292378416482,-3.6167905864378387,0.0,0.0,Biotechnology,Healthcare,ATOS
2011Q4,2011,Q4,2011-12-31,2011-12-31,-1213522.0,1500.0,-1197284.0,-19.4,-95690.0,-63.7933333333,3071894.0,1559721.0,2945429.0,1512173.0,1512173.0,0.0,-4652056.0,54032832.0,53127089.0,24.940372253669768,1.9478121881557202,0.32718511771565034,0.6443960169799599,-0.4699581972782219,24.940372253669768,-0.7780378670287827,36021.888,-11.13140758881998,34.64262646973401,0.0,0.0,0.0,0.0004882980988276288,1.2644353523042668,-0.3950403236570012,-49.55994760844282,-63.79333333333334,0.04574520413182488,-2.542364569406902,0.0,2.8309786570656135,0.0,0.04535109753133135,0.0603560382329466,-2.542364569406902,0.0,2.8309786570656135,Biotechnology,Healthcare,ATOS
2011Q3,2011,Q3,2011-09-30,2011-09-30,-1271171.0,0.0,-1274189.0,-20.33,0.0,0.0,4135253.0,2736356.0,4050140.0,1398897.0,1398897.0,0.0,-3446653.0,54032832.0,52036838.0,43.755092903514665,2.895238176935114,0.24424140433487382,0.36910402009095306,-0.33971096468100537,43.755092903514665,-0.4645488379436009,0.0,-10.626586037598402,19.74627278029613,0.0,0.0,0.0,0.0,2.1488315437090795,-0.30739860414828307,-39.73490274173373,0.0,-0.17311021350259667,-12.730365841803396,0.0,0.0,0.0,-0.6792308017479617,-0.6834956022888973,-12.730365841803396,0.0,0.0,Biotechnology,Healthcare,ATOS
2011Q2,2011,Q2,2011-06-30,2011-06-30,-756996.0,0.0,-756871.0,-17.33,0.0,0.0,,,,,,,,37737792.0,,,0.0,0.0,0.0,0.0,,0.0,0.0,-12.463009051566983,0.0,0.0,0.0,0.0,0.0,0.0,0.0,-34.22171601024354,0.0,-3.7092391304347823,-4.502574415209087,0.0,0.0,0.0,-2.2857012643723063,-2.3575589003784,-4.502574415209087,0.0,0.0,Biotechnology,Healthcare,ATOS
2011Q1,2011,Q1,2011-03-31,2011-03-31,-230391.0,0.0,-225423.0,-3.68,0.0,0.0,,,,,,,,54032832.0,,,0.0,0.0,0.0,0.0,,0.0,0.0,-58.63166529942576,0.0,0.0,0.0,0.0,0.0,0.0,0.0,-8007.236514522821,0.0,0.3284671532846716,0.0,0.0,0.0,0.0,0.32747085301277973,0.333933146002677,0.0,0.0,0.0,Biotechnology,Healthcare,ATOS
2010Q4,2010,Q4,2010-12-31,2010-12-31,-342574.0,0.0,-338439.0,-5.48,0.0,0.0,15010.0,-851851.0,10253.0,866861.0,866861.0,0.0,-1209787.0,54032832.0,54211579.0,-13.621334228788896,0.011827732473833752,12.591605596269154,-0.2218697870871784,0.5107671803744653,-13.621334228788896,0.40215248910901086,0.0,-39.43150385026301,-63.429909690779255,0.0,0.0,0.0,0.0,0.011827732473833752,-22.823051299133912,-533.5100614151148,0.0,0.2892347600518806,0.0,0.0,0.0,0.0,0.28990494036489967,0.2909436025719188,0.0,0.0,0.0,Biotechnology,Healthcare,ATOS
2010Q3,2010,Q3,2010-09-30,2010-09-30,-482434.0,0.0,-477309.0,-7.71,0.0,0.0,32253.0,-526629.0,31153.0,558882.0,558882.0,0.0,-867214.0,54032832.0,54110301.0,-8.420944066007868,0.05574164134826314,3.3175208507735716,-0.20317908812465701,1.1374500362335127,-8.420944066007868,0.9160794411245867,0.0,-28.0001160780542,-102.60132275282979,0.0,0.0,0.0,0.0,0.05283941869661216,-14.957802374972871,-526.8052297522595,0.0,-1.4476190476190478,-4.2109396096391265,0.0,0.0,0.0,-1.449226801506798,-1.4200874115237188,-4.2109396096391265,0.0,0.0,Biotechnology,Healthcare,ATOS
2010Q2,2010,Q2,2010-06-30,2010-06-30,-196974.0,0.0,-197228.0,-3.15,0.0,0.0,41198.0,-57238.0,40098.0,98436.0,98436.0,0.0,-384778.0,54032832.0,54005734.0,-0.9152515270715404,0.40735096915762525,0.12136511481139861,-0.08735455466648032,3.773132933283388,-0.9152515270715404,3.4413152101750586,0.0,-68.57863474367176,-944.0027953457494,,0.0,,0.0,0.32607988947133165,-4.781154424972086,0.0,0.0,0.0,0.0,0.0,0.0,0.0,0.0,0.0,0.0,0.0,0.0,Biotechnology,Healthcare,ATOS
2009Q3,2009,Q3,2009-09-30,2009-09-30,-92581.0,0.0,-92581.0,-1.48,0.0,0.0,,,,,,,,54032832.0,,,0.0,0.0,0.0,0.0,,0.0,0.0,-145.90691394562597,0.0,,0.0,,0.0,0.0,0.0,0.0,0.0,0.0,0.0,0.0,0.0,0.0,0.0,0.0,0.0,0.0,0.0,Biotechnology,Healthcare,ATOS
