Quarters,Year,Quarter,FillingDate,Date,NetIncome,Revenue,OperatingIncome,EPSDiluted,GrossProfit,GrossProfitRatio,TotalAssets,CommonStockEquity,CurrentAssets,CurrentLiability,TotalLiability,Inventory,RetainedEarnings,MarketCap,EnterpriseValue,bookValuePerShare,currentRatio,debtToAssets,debtToEquity,roic,shareholdersEquityPerShare,roe,priceToSalesRatio,peRatio,pbRatio,payoutRatio,inventoryTurnover,dividendYield,assetTurnover,quickRatio,returnOnAssets,priceToFreeCashFlowsRatio,grossProfitMargin,epsdilutedGrowth,fiveYNetIncomeGrowthPerShare,fiveYRevenueGrowthPerShare,fiveYShareholdersEquityGrowthPerShare,grossProfitGrowth,netIncomeGrowth,operatingIncomeGrowth,threeYNetIncomeGrowthPerShare,threeYRevenueGrowthPerShare,threeYShareholdersEquityGrowthPerShare,Industry,Sector,Symbol
2023Q1,2023,Q1,2023-05-04,2023-03-31,31078000.0,217253000.0,40034000.0,0.86,70255000.0,0.3233787336,2522201000.0,1098370000.0,223249000.0,146006000.0,1423831000.0,69434000.0,666196000.0,2808780210.0,3532208210.0,30.37275668500954,1.5290399024697616,0.29265550207933466,0.6720285513988911,0.017707567919949558,30.37275668500954,0.02829465480666806,12.928614150322435,22.594602371452474,2.5572258983766853,0.474161786472746,2.1170896102773855,0.005246405520637017,0.08613627541976235,0.7577839266879444,0.012321777685442199,332.51807860778973,0.3233787335502847,0.48275862068965525,0.48958636740341727,0.32125222883612353,0.3379331171843589,0.28303230637178806,0.4763194147546435,0.433112582781457,0.14426458249551602,0.3896541160575676,0.21100910503594147,Utilities—Diversified,Utilities,MGEE
2022Q4,2022,Q4,2023-02-22,2022-12-31,21051000.0,189833000.0,27935000.0,0.58,54757000.0,0.2884482677,2517600000.0,1081674000.0,243480000.0,225062000.0,1435926000.0,74275000.0,649854000.0,2545875200.0,3261439200.0,29.911069325000692,1.0818352276261651,0.2888338099777566,0.6722616980716926,0.012237131959334869,29.911069325000692,0.019461501339590303,13.411130836050633,30.23461118236664,2.3536437041104805,0.7000617547859959,1.8185930663076406,0.005788579110240753,0.07540236733396886,0.5399178892927282,0.008361534795042898,-79.1430987316588,0.28844826768791515,-0.37634408602150543,-0.44150276476523315,0.2973551085630687,0.3325292652782995,-0.20693750452603374,-0.375711743772242,-0.34250476616376774,2.712844941264052,0.29121540572704807,0.21185700120036557,Utilities—Diversified,Utilities,MGEE
2022Q3,2022,Q3,2022-11-03,2022-09-30,33720000.0,163400000.0,42487000.0,0.93,69045000.0,0.4225520196,2465686000.0,1075200000.0,199847000.0,194793000.0,1390486000.0,75396000.0,643540000.0,2373377690.0,3035799690.0,29.732046566933054,1.0259454908543941,0.2729613584211453,0.6259644717261905,0.019366404449263384,29.732046566933054,0.03136160714285714,14.524955263157894,17.596216562870698,2.2073825241815475,0.4370106761565836,1.2514589633402302,0.006208872722655449,0.06626958988289669,0.4718496044519054,0.013675707287951507,-68.90540268261526,0.4225520195838433,0.5500000000000002,0.21393950496984462,0.12258900015243834,0.3684098182700165,0.3275842178126442,0.5495611414916594,0.6689056485191296,0.05444091326098429,0.13348200764317217,0.2108898262785968,Utilities—Diversified,Utilities,MGEE
2022Q2,2022,Q2,2022-08-04,2022-06-30,21761000.0,152348000.0,25458000.0,0.6,52008000.0,0.3413763226,2437231000.0,1056057000.0,194640000.0,160707000.0,1381174000.0,60736000.0,624556000.0,2814566290.0,3425640290.0,29.202693360617204,1.2111482387201553,0.2600824460217353,0.6002336995067501,0.0121600553170191,29.202693360617204,0.02060589532572579,18.47458640743561,32.33498334175819,2.6651651283974256,0.6439961398832774,1.652067966280295,0.004979097507772681,0.062508641979361,0.631080164523014,0.008928575091979382,201.0979058302372,0.3413763226297687,-0.3684210526315789,0.34217250687035144,0.15488200317460066,0.372299652622238,-0.23645652876060722,-0.3677803602556653,-0.3918734921052003,0.34174088463377106,0.1956891513297054,0.4601494093569613,Utilities—Diversified,Utilities,MGEE
2022Q1,2022,Q1,2022-05-05,2022-03-31,34420000.0,208938000.0,41863000.0,0.95,68114000.0,0.3260010147,2377541000.0,1048153000.0,194433000.0,98104000.0,1329388000.0,42862000.0,616809000.0,2885445770.0,3494016770.0,28.984127423056716,1.9819069558835523,0.2670595375642313,0.605775111076341,0.020054742783655648,28.984127423056716,0.03283871724834065,13.810057385444486,20.95762470947124,2.7528860481246538,0.40711795467751305,3.2855209742895806,0.004856441990937157,0.08787987252375458,1.2499388404142542,0.014477142560317572,92.1249567382906,0.32600101465506515,1.6388888888888888,0.7096920549286125,0.27723853259923564,0.3711619138300825,0.5911883570444086,1.6355283307810107,1.1369576314446146,0.4951090466752253,0.19533074970794068,0.7786470140025247,Utilities—Diversified,Utilities,MGEE
2021Q4,2021,Q4,2022-02-23,2021-12-31,13060000.0,162066000.0,19590000.0,0.36,42807000.0,0.2641331309,2371906000.0,1027468000.0,199371000.0,117847000.0,1344438000.0,51960000.0,596402000.0,2974406750.0,3598890750.0,28.41213394906396,1.6917783227405025,0.27063551422358223,0.6247610631182674,0.011606314116938306,28.41213394906396,0.012710858148380291,18.35305832191823,56.93734207503828,2.894889913846465,1.0730474732006126,2.2952078521939954,0.004711527769361066,0.06832732831739538,0.9720145612531502,0.005506120394315795,-69.50035633338786,0.26413313094665136,-0.6288659793814433,-0.13666447341452215,0.11834511317851815,0.3603206512829234,-0.30357752940602273,-0.6259701578027894,-0.4789616468961115,-0.23475998982075674,0.10913195302883114,0.2061459580259567,Utilities—Diversified,Utilities,MGEE
2021Q3,2021,Q3,2021-11-04,2021-09-30,34917000.0,145873000.0,37598000.0,0.97,61467000.0,0.4213733864388886,2370734000.0,1028285000.0,234085000.0,123543000.0,1342449000.0,50527000.0,597356000.0,2657980500.0,3225524500.0,28.434726101263724,1.894765385331423,0.2691141224616511,0.6204486110368235,0.020686426935596098,28.434726101263724,0.03395653928628736,18.221195834732953,19.030704957470572,2.5848675221363724,0.4013231377266088,1.6705127951392325,0.005272047706896269,0.061530732676040416,1.2104206632508518,0.01472834995406486,109.43145045082136,0.4213733864388886,0.5396825396825397,0.20062806253734541,0.022861261813654388,0.368641631857766,0.3074468763958905,0.528029407903374,0.6072329329286539,0.13446452869047612,0.014859197586105342,0.21403414169830015,Utilities—Diversified,Utilities,MGEE
2021Q2,2021,Q2,2021-08-05,2021-06-30,22851000.0,130730000.0,23393000.0,0.63,47013000.0,0.359619062189245,2302085000.0,1007301000.0,191393000.0,145689000.0,1294784000.0,46061000.0,576452000.0,2691973720.0,3267727720.0,27.85446450792246,1.3137093397579775,0.264881183796428,0.6053592719554532,0.013779884028824334,27.85446450792246,0.022685374083814075,20.59185894591907,29.45137762023544,2.672462074394843,0.585576123583213,1.8175245869607695,0.0049707023142855945,0.05678765119446067,0.7274125019733817,0.009926219057940954,-429.2734364535162,0.359619062189245,-0.35051546391752575,0.35642885596510937,0.030841151114113372,0.3735705769338574,-0.24492876989544352,-0.3458620788366301,-0.4010088595278333,0.19374017894591672,0.008558881941779886,0.2159220924788346,Utilities—Diversified,Utilities,MGEE
2021Q1,2021,Q1,2021-05-06,2021-03-31,34933000.0,167915000.0,39054000.0,0.97,62263000.0,0.37080070273650356,2270237000.0,997711000.0,201511000.0,183798000.0,1272526000.0,38685000.0,566982000.0,2581676570.0,3136071570.0,27.589276332162708,1.0963721041578254,0.261925957510163,0.5959982399712943,0.023943027068117437,27.589276332162708,0.03501314508910897,15.374901408450704,18.475915108922795,2.5875995854510974,0.383018921936278,2.7310843996381027,0.0051826786342953875,0.07396364344339379,0.6434291994472192,0.015387380260298815,282.5518846448506,0.37080070273650356,1.22069574575842,0.9666930311248125,0.0911446291050358,0.3720727187591601,0.46260277190509747,1.2115092428462901,1.086998343397638,0.6743587287632271,0.02119679822611279,0.21531959929634267,Utilities—Diversified,Utilities,MGEE
2020Q4,2020,Q4,2021-02-24,2020-12-31,15796000.0,136509000.0,18713000.0,0.4368000442441169,42570000.0,0.3118475704898578,2253651000.0,976000000.0,209519000.0,190926000.0,1277651000.0,47265000.0,545429000.0,2532494890.0,3081862890.0,26.98891131819816,1.0973832793857305,0.2636193447876357,0.6087151639344263,0.009714211922299184,26.98891131819816,0.016184426229508195,18.551852918122616,40.081268833882,2.5947693545081965,0.8470498860471005,1.987496033005395,0.005283327541087358,0.06057237788814683,0.633402470066937,0.0070090710584735615,-91.58451070446984,0.3118475704898578,-0.5036363133589581,0.34820013656116855,-0.0008197378140960326,0.35511729544634696,-0.3125777124679058,-0.5031767000062904,-0.5117286366601435,-0.5809214608442175,-0.06707132840530394,0.20234799293652278,Utilities—Diversified,Utilities,MGEE
2020Q3,2020,Q3,2020-11-05,2020-09-30,31794000.0,135211000.0,38325000.0,0.88,61927000.0,0.4580026772969655,2195726000.0,973584000.0,199933000.0,115480000.0,1222142000.0,49423000.0,543013000.0,2265973580.0,2770835580.0,26.92210270165639,1.7313214409421545,0.25409363463382956,0.5730578974181991,0.020117869388060303,26.92210270165639,0.03265665828526352,16.75879610386729,17.817619519406175,2.327455648408355,0.4208655721205259,1.482791412904923,0.0059051880031187306,0.061579177001137665,1.0572566678212678,0.014479948773207586,-691.4780530973451,0.4580026772969655,0.660377358490566,0.0749670969587395,-0.07936150734155206,0.3538883921659704,0.37833025440138884,0.6919802032888085,0.7809014869888475,0.14460239089594418,-0.07107477784815586,0.2390828724986939,Utilities—Diversified,Utilities,MGEE
2020Q2,2020,Q2,2020-08-06,2020-06-30,18791000.0,117040000.0,21520000.0,0.53,44929000.0,0.3838773069036227,2163719000.0,955171000.0,217750000.0,109623000.0,1208548000.0,46082000.0,524600000.0,2286298910.0,2793551910.0,26.95101718348805,1.9863532287932277,0.25830294968986267,0.5851255953122529,0.011716885298816539,26.95101718348805,0.019672917205400917,19.534337918660288,30.417472593262733,2.393601679699237,0.6783566601032409,1.564840935723276,0.005575386465980513,0.054092051694328146,1.060881384381015,0.00868458427365106,-334.84166813122437,0.3838773069036227,-0.2933333333333333,0.36368806549290966,-0.06254808462550586,0.3917672086496155,-0.17582639322009025,-0.278296270691708,-0.3155216284987277,0.18259997650253676,-0.09469763790970107,0.2664883701650093,Utilities—Diversified,Utilities,MGEE
2020Q1,2020,Q1,2020-05-07,2020-03-31,26037000.0,149873000.0,31440000.0,0.75,54514000.0,0.3637346286522589,2072697000.0,869492000.0,162193000.0,111006000.0,1203205000.0,40724000.0,518556000.0,2269713960.0,2797562960.0,25.08053536402446,1.4611192187809667,0.26308717579076923,0.6271478058452522,0.018405844554881094,25.08053536402446,0.029945071375009777,15.144248530422423,21.79315935015555,2.610390848909478,0.46937051119560624,2.341592181514586,0.00538437891971198,0.07230820520317248,0.7941732879303821,0.012561893996083364,321.4436991927489,0.3637346286522589,3.2068409438125953,0.42449939818360855,-0.11908848319559891,0.3023014777026561,0.19205790382891255,3.2098964522152436,0.38137082601054484,0.3490673575129532,-0.04431747894122678,0.1864933647187254,Utilities—Diversified,Utilities,MGEE
2019Q4,2019,Q4,2020-02-27,2019-12-31,-11782000.0,140941000.0,22760000.0,-0.3398523133725626,45731000.0,0.3244691040932021,2081664000.0,855676000.0,181641000.0,128820000.0,1225988000.0,45282000.0,504740000.0,2732531760.0,3252450760.0,24.682012230298835,1.41003726129483,0.26104116706634695,0.6350534548123355,0.015002080577590417,24.682012230298835,-0.013769230409641032,19.38777048552231,-57.98106773043625,3.193418723909517,-1.0371753522322187,2.1026014751998585,0.004472043172153286,0.06770593140871918,0.7592144077006676,-0.005659895160794441,-161.93740429062464,0.3244691040932021,-1.3861958106506391,-1.775846174107731,-0.03270947861118526,0.29765650946844185,-0.2625102807656953,-1.3843167955116287,-0.4124632144147865,-1.8124396634946904,0.014511427028972616,0.1817292925721736,Utilities—Diversified,Utilities,MGEE
2019Q3,2019,Q3,2019-11-06,2019-09-30,30657000.0,138198000.0,38738000.0,0.88,62009000.0,0.4486967973487315,2066973000.0,851234000.0,204396000.0,152051000.0,1215739000.0,47760000.0,500298000.0,2768933160.0,3257112160.0,24.553882542979117,1.3442594918810136,0.26574657724121215,0.6452878996844581,0.021972756117912964,24.553882542979117,0.036014773845969496,20.03598575956237,22.579942264409436,3.2528460564310167,0.3986365267312522,1.5952470686767168,0.004413613219901631,0.06686008960929823,0.8267620732517379,0.01483183379753872,-117.93232931555859,0.4486967973487315,0.9555555555555555,0.31411547858888084,0.02266622266622262,0.3016108932162054,0.4468139713945729,0.9717648572163622,0.9581458828286913,0.09960545193687229,0.010832595800083349,0.18184594964582143,Utilities—Diversified,Utilities,MGEE
2019Q2,2019,Q2,2019-08-07,2019-06-30,15548000.0,122147000.0,19783000.0,0.45,42859000.0,0.35088049645099756,2026086000.0,693353000.0,211600000.0,128225000.0,1193289000.0,40582000.0,0.0,2509963200.0,2959372200.0,19.99979808468905,1.6502242152466369,0.25631784633031374,0.7490008696868694,0.01312075293890217,19.99979808468905,0.02242436392429253,20.548709342022317,40.35829688705943,3.6200365470402525,0.7525083612040134,1.9537726085456606,0.004661422924447657,0.06028717438450293,1.0516747904074868,0.00767390920227473,-173.45979267449897,0.35088049645099756,-0.3478260869565217,0.1037126428622133,-0.05139595386945215,0.08276346713932124,-0.18959649056461067,-0.295514272768464,-0.35736096673596673,-0.03727554179566565,0.004696650654734433,-0.013761898530357204,Utilities—Diversified,Utilities,MGEE
2019Q1,2019,Q1,2019-05-08,2019-03-31,22070000.0,167569000.0,30784000.0,0.69,52886000.0,0.31560730206661136,1853797000.0,564936000.0,148477000.0,115270000.0,1149417000.0,32278000.0,0.0,2332463040.0,2825701040.0,16.295604015230182,1.2880801596252278,0.2712605533399827,0.890122066924395,0.023185290386557905,16.295604015230182,0.039066372120027754,13.919418508196623,26.421194381513367,4.128720846255152,0.5301767104666969,3.552977260053287,0.005016585386064681,0.0903923137215132,0.7555044677713195,0.01190529491632579,109.70101777819585,0.31560730206661136,0.46206955565063246,-0.20373777825883035,-0.2029822350115341,-0.11136418690836117,0.2184310563299159,0.34893955137216554,0.28320133388912044,0.2961005402865869,0.13585309807696236,-0.1895853506337014,Utilities—Diversified,Utilities,MGEE
2018Q4,2018,Q4,2019-02-22,2018-12-31,16361000.0,140079000.0,23990000.0,0.47193377177800855,43405000.0,0.30986086422661496,1988618000.0,816644000.0,240560000.0,120628000.0,1171974000.0,41995000.0,465708000.0,2078693280.0,2506487280.0,23.556132456443983,1.9942301953112047,0.2569100752381805,0.6256043024867629,0.013437255597746457,23.556132456443983,0.02003443360876955,14.8394354614182,31.762931361163744,2.545409358300557,0.7151152130065399,2.3020359566615074,0.005628536019513182,0.07044037618084519,1.3363398216002917,0.008227321687724842,-42.782030130896516,0.30986086422661496,-0.4447837979082252,0.1622504795055765,-0.09779535369019031,0.32247898819452303,-0.2634106606479203,-0.4455026096387176,-0.3972058897432032,0.456641737891738,0.06952578012262065,0.1827569526314418,Utilities—Diversified,Utilities,MGEE
2018Q3,2018,Q3,2018-11-06,2018-09-30,29506000.0,137795000.0,39798000.0,0.85,58927000.0,0.427642512427882,1974297000.0,811983000.0,280712000.0,98489000.0,1162314000.0,45428000.0,461047000.0,2182003920.0,2547073920.0,23.421685704395983,2.85018631522302,0.2527102052021555,0.6144525193261435,0.02290811180194139,23.421685704395983,0.0363381991987517,15.83514583257738,18.487798413881922,2.687253206040028,0.3965634108316953,1.736109888174694,0.005362501823553094,0.06979446354829086,2.072231416706434,0.014945066522412788,-1213.5728142380422,0.427642512427882,0.6037735849056602,0.21170095288638333,-0.016360401511159077,0.3252646521198161,0.36985377873863823,0.6078687809928615,0.6424415005571376,0.040629188121605465,-0.021307574842856714,0.17785556171251013,Utilities—Diversified,Utilities,MGEE
2018Q2,2018,Q2,2018-08-07,2018-06-30,18351000.0,124262000.0,24231000.0,0.53,43017000.0,0.3461798458096602,1893445000.0,794178000.0,242310000.0,118426000.0,1099267000.0,41809000.0,443242000.0,2185817400.0,2539038400.0,22.90809968847352,2.046087852329725,0.23702827386060857,0.5651126069974237,0.014795488052331192,22.90809968847352,0.023106910541465516,17.590392879560927,29.777905836194215,2.7523016250764942,0.609231104571958,1.943241885718386,0.005114791381933367,0.06562746739408855,1.3754665360647156,0.009691857962602558,-120.64341538801192,0.3461798458096602,-0.08620689655172403,0.3211855162501279,-0.03129869489952557,0.32866058466169046,-0.03722023276633841,-0.08249587520623969,-0.0747288834580724,0.3614511462274649,0.017490133141182026,0.18298844684895094,Utilities—Diversified,Utilities,MGEE
2018Q1,2018,Q1,2018-05-08,2018-03-31,20001000.0,157632000.0,26188000.0,0.58,44680000.0,0.28344498578968735,1843578000.0,787007000.0,248740000.0,106230000.0,1056571000.0,36718000.0,436071000.0,1944874800.0,2268327800.0,22.701251874927888,2.3415231102325142,0.2303184351299484,0.53952506140352,0.01639500275031639,22.701251874927888,0.025414005212151862,12.338070950060901,24.309719514024298,2.4712293537414536,0.5590220488975551,3.076202407538537,0.005748956179595725,0.08550329847720031,1.65476795632119,0.010849012084110356,208.07476195570771,0.28344498578968735,-0.4435313001605137,-0.11429636958907116,-0.057351897569756144,0.32739761083745356,0.0033685156074556477,-0.44647700226933085,-0.003273197838167009,0.0942663311084363,-0.07348325437596259,0.17875768731895672,Utilities—Diversified,Utilities,MGEE
2017Q4,2017,Q4,2018-02-23,2017-12-31,36134000.0,140274000.0,26274000.0,1.042286835121726,44530000.0,0.31745013331052085,1855182000.0,778187000.0,290631000.0,126514000.0,1076995000.0,43793000.0,426874000.0,2187550800.0,2506211800.0,22.446838583131417,2.2972240226378107,0.22995749204121213,0.548213989696564,0.034651155283881845,22.446838583131417,0.04643356930917633,15.594841524445014,15.134989206841203,2.8110862813179867,0.3094038855371672,2.186285479414518,0.0051107384569080636,0.07561198847336811,1.5104336278988886,0.019477334299276297,-277.9607115628971,0.31745013331052085,0.35694112876551826,2.4462260977022092,0.023949042949406908,0.3431401267726492,-0.2712305451450829,0.356941680123174,-0.3889909536987512,1.3794284209139995,-0.037287158475570716,0.18014228064561622,Utilities—Diversified,Utilities,MGEE
2017Q3,2017,Q3,2017-11-03,2017-09-30,26629000.0,139539000.0,43001000.0,0.768115,61103000.0,0.43789191552182544,1810000000.0,753247000.0,255357000.0,84582000.0,1056753000.0,46610000.0,401920000.0,2239552800.0,2535653800.0,21.72744317526249,3.0190466056607788,0.22145524861878452,0.5321415153329518,0.023504493884274787,21.72744317526249,0.035352281522528464,16.04965493517941,21.025506027263507,2.9731984329177545,0.41988058132111605,1.6828148465994421,0.004992514577017341,0.07709337016574586,2.036059681728973,0.014712154696132596,311.5249408819029,0.43789191552182544,0.7132460035821109,0.1264404172262792,0.01242817674342742,0.3030219697912844,0.36763060119074265,0.713247120890433,0.6195623517005009,0.14145484161344266,0.03258963258963265,0.1517802396079421,Utilities—Diversified,Utilities,MGEE
2017Q2,2017,Q2,2017-08-04,2017-06-30,15543000.0,126463000.0,26551000.0,0.448339,44678000.0,0.3532891043230036,1792504000.0,737739000.0,249295000.0,83640000.0,1054765000.0,41147000.0,386472000.0,2230885800.0,2522811800.0,21.280114226375908,2.9805714968914394,0.22027398544159454,0.5352055401707108,0.01500775263749751,21.280114226375908,0.021068426638689294,17.64062057676949,35.882484076433116,3.0239499335130717,0.6859036222093547,1.987629717840912,0.00477881924749353,0.07055102805907267,2.0137494021999043,0.008671110357354852,-3546.718282988871,0.3532891043230036,-0.19466184308139445,0.08930238371242638,0.07893588599788418,0.3090291085625559,-0.1204425545318529,-0.19466321243523316,-0.19322394408994226,0.1033577056860935,-0.017877528831592465,0.15207814415441437,Utilities—Diversified,Utilities,MGEE
2017Q1,2017,Q1,2017-05-05,2017-03-31,19300000.0,156823000.0,32910000.0,0.556709,50796000.0,0.32390656982712995,1785319000.0,732825000.0,254094000.0,83514000.0,1052494000.0,33205000.0,381590000.0,2253420000.0,2531568000.0,21.138369678089305,3.042531791076945,0.2217250810639443,0.540169890492273,0.018470837737761155,21.138369678089305,0.026336437757991334,14.369193294350957,29.189378238341966,3.07497697267424,0.5523316062176166,3.193103448275862,0.00473058728510442,0.08784032433419461,2.2592978422779413,0.010810392988591955,86.10699273977838,0.32390656982712995,0.3308500628878776,0.20274614457078763,0.05076793157668127,0.31303418907173214,0.2552450144562236,0.3308509171148807,0.37365389431505136,-0.3036764440596024,-0.2540940331517991,0.15272267961128388,Utilities—Diversified,Utilities,MGEE
2016Q4,2016,Q4,2017-02-24,2016-12-31,14502000.0,138925000.0,23958000.0,0.41831083419868464,40467000.0,0.29128666546697857,1801060000.0,724088000.0,275515000.0,103505000.0,1076972000.0,41137000.0,372950000.0,2263820400.0,2554985400.0,20.886350524979807,2.661852084440365,0.21494231174974737,0.5346366739954259,0.014165759073469026,20.886350524979807,0.020027952403575255,16.295270109771458,39.02600330988829,3.1264437471688526,0.7350710246862502,2.393417118409218,0.004708854112278519,0.07713513153365241,1.683223032703734,0.008051924977513242,-738.6037194127243,0.29128666546697857,-0.4771114572516442,0.5455301505224419,0.061025322601596904,0.3143625198775481,-0.35340736598226413,-0.47984218077474894,-0.4850731833129151,0.030191091851957053,-0.105227903621597,0.17259315638613124,Utilities—Diversified,Utilities,MGEE
2016Q3,2016,Q3,2016-11-03,2016-09-30,27880000.0,136717000.0,46527000.0,0.8,62585000.0,0.45777043089008684,1760072000.0,720258000.0,249304000.0,86159000.0,1039814000.0,44003000.0,369108000.0,1959088680.0,2235630680.0,20.775874004845967,2.8935340475168005,0.2205176833674986,0.5388721819125925,0.02684605406713171,20.775874004845967,0.03870835172951914,14.329517762970223,17.56715100430416,2.719981839840724,0.38238880918220947,1.6847033156830216,0.005441815936581288,0.07767693594352958,2.0005106837358837,0.015840261080228537,138.00286559594252,0.45777043089008684,0.7173020326416184,0.3253357067932028,0.023633926450262514,0.30864306395513086,0.41297721987673,0.7263157894736842,0.6491918332624416,0.14492722044575224,-0.02405562620850638,0.1755572072401941,Utilities—Diversified,Utilities,MGEE
2016Q2,2016,Q2,2016-08-04,2016-06-30,16150000.0,121576000.0,28212000.0,0.465847,44293000.0,0.3643235507007962,1750579000.0,703028000.0,254929000.0,128558000.0,1047551000.0,40356000.0,351889000.0,1959262020.0,2238048020.0,20.27887388946579,1.9829882232144247,0.22226589031400468,0.5534544854543489,0.016402897806210844,20.27887388946579,0.022972058011914178,16.115532835428045,30.32913343653251,2.7868904510204433,0.633250773993808,1.9150312221231043,0.005219822512560111,0.06944902229490929,1.354797056581465,0.009225519099680734,79.5284145153434,0.3643235507007962,-0.04929183673469384,0.26946455571816524,0.03690565837472366,0.30609913325667704,-0.028470531464543442,-0.05156213295748179,-0.044664928380346074,0.1627238890218281,-0.052237772859801995,0.17616654391526698,Utilities—Diversified,Utilities,MGEE
2016Q1,2016,Q1,2016-05-05,2016-03-31,17028000.0,147527000.0,29531000.0,0.49,45591000.0,0.3090349563130817,1730416000.0,697095000.0,247204000.0,117923000.0,1033321000.0,39105000.0,345966000.0,1811403000.0,2104127000.0,20.107736240913813,2.096317088269464,0.22541111501511776,0.5595435342385184,0.01714837896658866,20.107736240913813,0.024427086695500613,12.278450724274201,26.594476744186046,2.5985023562068297,0.6005990133897111,2.60672548267485,0.00564589989085808,0.08525522186572478,1.3827073598873842,0.009840408317999833,64.49257663687827,0.3090349563130817,0.5124038461538463,-0.04237341729465105,-0.10367384788672855,0.3048867569627859,0.19021015533220206,0.5160256410256411,0.3315447741004599,-0.2459496315865559,-0.11778035800328245,0.17574842095017548,Utilities—Diversified,Utilities,MGEE
2015Q4,2015,Q4,2016-02-25,2015-12-31,11232000.0,130973000.0,22178000.0,0.32398753894080995,38305000.0,0.29246485916944714,1730673000.0,690458000.0,254751000.0,84146000.0,1040215000.0,48410000.0,339165000.0,1608595200.0,1922491200.0,19.916291681089188,3.027487937632211,0.22839669885645641,0.5724895648975028,0.012302656176350535,19.916291681089188,0.01626746304626784,12.281884052438288,35.80384615384615,2.329750976887805,0.9105235042735043,1.9142325965709563,0.006357721321063248,0.0756774965576975,1.7942742376345875,0.006489960841822805,-1352.8975609756098,0.29246485916944714,-0.6038652271494684,-0.06368492434635137,-0.03636974158371342,0.31507151076986983,-0.3845202133813227,-0.6038654158143472,-0.5197176083331528,0.07123516713873948,-0.04394486503405717,0.19172107173621486,Utilities—Diversified,Utilities,MGEE
2015Q3,2015,Q3,2015-11-05,2015-09-30,28354000.0,140795000.0,46177000.0,0.817872,62236000.0,0.4420327426400085,1713828000.0,689374000.0,241780000.0,74258000.0,1024454000.0,50451000.0,338160000.0,1427974920.0,1730035920.0,19.885023652936425,3.255945487354898,0.231253077905134,0.5749099908032504,0.02759295972918378,19.885023652936425,0.04113006872902082,10.142227493874072,12.590594977780912,2.071408147101573,0.3606898497566481,1.5571346454976116,0.007161890490345587,0.08215235134447564,2.121993589916238,0.016544250648256417,46.72387016556508,0.4420327426400085,1.1035694260831994,0.4243032606945888,0.1005892206700741,0.32139963980672315,0.5545786081830444,1.103568513984717,0.9201214187700112,0.1994101013944916,0.021541111406781378,0.19252976434409544,Utilities—Diversified,Utilities,MGEE
2015Q2,2015,Q2,2015-08-06,2015-06-30,13479000.0,122126000.0,24049000.0,0.388802,40034000.0,0.3278089841638963,1693228000.0,671332000.0,230834000.0,76151000.0,1021896000.0,47854000.0,320033000.0,1342691640.0,1664270640.0,19.3646013614861,3.031266825123767,0.23468192115887523,0.5919127942657284,0.014116345839371673,19.3646013614861,0.020077994196612107,10.994314396606784,24.903398620075674,2.000041171879189,0.7266859559314489,1.715467881472813,0.007295048027557541,0.07212614012997659,1.8329240587779543,0.007960534552936757,80.52123778110945,0.3278089841638963,-0.26255713825085825,0.16691191196859997,0.11967664866508701,0.31516951873191124,-0.16218818014398126,-0.26255607834555206,-0.24495306269818845,-0.05534923566494276,0.041934194296969124,0.19119787554882947,Utilities—Diversified,Utilities,MGEE
2015Q1,2015,Q1,2015-05-07,2015-03-31,18278000.0,170134000.0,31851000.0,0.52723,47784000.0,0.2808609684131332,1684191000.0,667658000.0,235941000.0,71691000.0,1016533000.0,40843000.0,316349000.0,1536485760.0,1864189760.0,19.25862466828199,3.2910825626647697,0.23655689883154582,0.5967231726422809,0.018918926848653136,19.25862466828199,0.027376291454607,9.031032950497844,21.015507167086113,2.301306597090127,0.5358354305722727,2.995617364052592,0.006374286215317739,0.10101823368014673,2.0417207180817676,0.010852688323355248,66.49438525122257,0.2808609684131332,0.2036092216515211,0.2818780988194812,0.06580759925811192,0.31557168164194294,0.06515681772586433,0.20360858685631503,0.07728471893391058,0.13905668551631378,0.13995620075414392,0.19627166186641354,Utilities—Diversified,Utilities,MGEE
2014Q4,2014,Q4,2015-02-26,2014-12-31,15186000.0,145707000.0,29566000.0,0.43804084458290066,44861000.0,0.30788500209324193,1697666000.0,659401000.0,253959000.0,89996000.0,1038265000.0,46255000.0,308007000.0,1581207480.0,1921890480.0,19.02045113649475,2.8218920840926263,0.23940987214210568,0.6163745581216892,0.017710178813953665,19.02045113649475,0.023029992371864767,10.851966480676975,26.030677597787435,2.397945226046063,0.6450019755037535,2.180218354772457,0.006194632977577363,0.0858278365709156,1.6249722209875994,0.008945222440692104,-84.34006187326648,0.30788500209324193,-0.3462076946523871,0.1308498974336372,0.07287191158032197,0.3141981513434957,-0.18976665221788758,-0.34905053795704916,-0.26306081754735794,0.6184264836459663,0.11282214634018983,0.19694285773245118,Utilities—Diversified,Utilities,MGEE
2014Q3,2014,Q3,2014-11-06,2014-09-30,23329000.0,135135000.0,40120000.0,0.67,55368000.0,0.4097236097236097,1619896000.0,653985000.0,225405000.0,82156000.0,965911000.0,45937000.0,302616000.0,1291729680.0,1603476680.0,18.86422637590862,2.7436218900628075,0.2472171052956486,0.6123473779979663,0.02359769471265314,18.86422637590862,0.03567207198941872,9.55880919080919,13.842531613013845,1.9751671368609371,0.41982082386728964,1.7364433898600258,0.007582081724715035,0.08342202215450868,1.8168362627197039,0.014401541827376572,103.95378078223081,0.4097236097236097,0.6488654821085792,0.8339112386514634,0.23650872325163216,-0.14980034229522704,0.396841414803976,0.6560658763398879,0.6415040301133341,0.10899414289019463,0.011789101946767602,0.18823107022857952,Utilities—Diversified,Utilities,MGEE
2014Q2,2014,Q2,2014-08-06,2014-06-30,14087000.0,128765000.0,24441000.0,0.40634,39638000.0,0.30783209723139054,1596963000.0,640355000.0,218782000.0,86638000.0,956608000.0,34462000.0,289081000.0,1369732680.0,1683308680.0,18.471068420445366,2.525242964980724,0.2514065761072736,0.6269756619375191,0.014293184860108388,18.471068420445366,0.021998735076637178,10.637461111326836,24.308452473912116,2.1390208243864732,0.6687016398097537,2.5862399164296908,0.006877254326734761,0.08063117304533668,1.7737482398023963,0.008821118585715512,234.62361767728675,0.30783209723139054,-0.49175607693827883,0.422888742182404,0.19630970917758755,0.29894297165817524,-0.32332957765714093,-0.49175596204495436,-0.4441563757931364,0.10730323197534333,0.0982196905690374,0.18966401121517126,Utilities—Diversified,Utilities,MGEE
2014Q1,2014,Q1,2014-05-08,2014-03-31,27717000.0,210245000.0,43971000.0,0.799498,58578000.0,0.2786178030393113,1610423000.0,635734000.0,238940000.0,109515000.0,974689000.0,22340000.0,284414000.0,1360025640.0,1669040640.0,18.337775470174225,2.1818015796922796,0.24993681784226876,0.633132725322226,0.026689514267582863,18.337775470174225,0.043598423239908514,6.468765678137411,12.267071111592163,2.1392998329490003,0.3398636216040697,6.789033124440466,0.006926340006354587,0.13055265604130095,1.7425558142720174,0.01721100605244709,37.18965381460213,0.2786178030393113,0.9689562168075586,0.8412197328439586,0.15281710037725385,0.29072426196195406,0.44658467921173506,0.96895645378987,0.6936676681303443,0.5587582800589711,0.2773803564842691,0.1900255740623297,Utilities—Diversified,Utilities,MGEE
2013Q4,2013,Q4,2014-02-27,2013-12-31,14077000.0,155263000.0,25962000.0,0.4060516903196031,40494000.0,0.2608090787888937,1579060000.0,617510000.0,220601000.0,96666000.0,961550000.0,35856000.0,266197000.0,1333885968.0,1668588968.0,17.812103380639208,2.282095048931372,0.25554190467746635,0.6534566241842238,0.01633986151736717,17.812103380639208,0.022796391961263787,8.591138700141052,23.68910222348512,2.1601042379880484,0.6693187468920935,3.2008311021865237,0.007063572318799594,0.09832621939634972,1.5624624997413776,0.008914797411118006,283.6848081667376,0.2608090787888937,-0.41992615668628125,0.2637367954144263,-0.007963725002970734,0.28260017274902766,-0.2530849395923637,-0.4219603334291463,-0.3493233082706767,0.17347821580986578,0.1423432677917427,0.17613208712985065,Utilities—Diversified,Utilities,MGEE
2013Q3,2013,Q3,2013-11-07,2013-09-30,24353000.0,140099000.0,39900000.0,0.7,54215000.0,0.3869763524364913,1643711000.0,612748000.0,213865000.0,78712000.0,1030963000.0,41415000.0,273096000.0,1260869855.7,1590061855.7,17.67321392518243,2.717057119625978,0.24610287331532124,0.6601767774027822,0.024463787757687507,17.67321392518243,0.03974390777285279,8.999849076010536,12.943681021845359,2.0577298590937874,0.38685172258038025,2.073741398044187,0.007471825864827041,0.08523335306510695,1.8128112613070435,0.014815864832686525,93.28030300362506,0.3869763524364913,0.7499999999999998,0.3530684097763342,0.07101260672794978,0.29124941023074163,0.3975819756650856,0.7531495212727666,0.628770869902437,0.22321563112160317,0.09505385421063337,0.17442045443655432,Utilities—Diversified,Utilities,MGEE
2013Q2,2013,Q2,2013-08-06,2013-06-30,13891000.0,128288000.0,24497000.0,0.4,38792000.0,0.3023821401845847,1590309000.0,597780000.0,186245000.0,90531000.0,992529000.0,35181000.0,258164000.0,1255783620.0,1587633620.0,17.241498658821495,2.0572511073554915,0.23528949405430014,0.6259543644819164,0.015524973792203038,17.241498658821495,0.02323764595670648,9.788784765527563,22.600669858181554,2.1007454581953224,0.6574040745806637,2.543873113328217,0.007271953427772851,0.08066859962434973,1.202361621985839,0.008734780473480312,358.4880445332572,0.3023821401845847,-0.38775478967081106,0.2583701276634801,-0.01642801544004693,0.2896556206049692,-0.2530088001386455,-0.38491852639036483,-0.34896885298182206,0.20247576177285329,0.176069378999285,0.17097651896093422,Utilities—Diversified,Utilities,MGEE
2013Q1,2013,Q1,2013-05-03,2013-03-31,22584000.0,167237000.0,37628000.0,0.653333,51931000.0,0.3105233889629687,1580440000.0,592946000.0,195943000.0,84746000.0,987494000.0,26503000.0,253405000.0,1272193404.3,1597642404.3,17.102073779239134,2.312120926061407,0.2349617827946648,0.6262678220276383,0.024302616533524304,17.102073779239134,0.038087785396983875,7.607128830940521,14.082906087274178,2.1455468192719067,0.40435706695005313,4.350677281817153,0.0071781538633465146,0.10581673458024347,1.4798338564652018,0.014289691478322493,-2484.7527427734376,0.3105233889629687,1.1601858137516692,0.5527062263741679,-0.16262829703616197,0.29159549590034717,1.5598184640593333,1.153728781232119,0.9445994832041343,0.5837307152875174,0.04756863752247188,0.16825600731359405,Utilities—Diversified,Utilities,MGEE
2012Q4,2012,Q4,2013-02-26,2012-12-31,10486000.0,137005000.0,19350000.0,0.3024429638602867,-92764000.0,-0.6770847779278129,1586924000.0,579429000.0,222937000.0,75797000.0,1007495000.0,38344000.0,239953000.0,1177659455.7,1492806455.7,16.712209050791728,2.941237779859361,0.22780170947064887,0.6238969744351767,0.01291729902851749,16.712209050791728,0.018097126653999023,8.595740708003358,28.07694677903872,2.0324482476714145,0.870780087736029,5.992306488629251,0.007753514783756004,0.08633368705747724,1.643455545734,0.006607751852010556,-488.4526983409374,-0.6770847779278129,-0.5552309354995785,-0.09485278119174607,-0.08753346434279573,0.2887389291901567,-1.9667750541937636,-0.5564673039505964,-0.5148916967509025,-0.21921072226358906,0.008709929172004482,0.15471258183122585,Utilities—Diversified,Utilities,MGEE
2012Q3,2012,Q3,2012-11-06,2012-09-30,23642000.0,137838000.0,39888000.0,0.68,95952000.0,0.6961215339746659,1564656000.0,578127000.0,219807000.0,59976000.0,986529000.0,41095000.0,0.0,1223886300.0,1526849300.0,16.674656052608807,3.6649159663865545,0.231466852777863,0.6264471301288471,0.026465576564695607,16.674656052608807,0.04089412879868956,8.879164671570974,12.941865112934607,2.1169851952944594,0.38630403519160816,1.0192480837084803,0.007462294495820404,0.08809476332177808,1.9655695611577964,0.015110030575410825,42.5788442805455,0.6961215339746659,0.6451626170666268,0.43392939237186173,0.1165704632179769,0.29651907608962447,0.19010232558139534,0.6567624386825508,0.5903672102388262,0.8583556044647068,0.2611325104989158,-0.24848299708818639,Utilities—Diversified,Utilities,MGEE
2012Q2,2012,Q2,2012-08-07,2012-06-30,14270000.0,117221000.0,25081000.0,0.413333,80625000.0,0.6878033799404544,1506550000.0,563626000.0,178686000.0,62120000.0,942924000.0,38519000.0,0.0,1093291044.3,1414829044.3,16.256410256410255,2.8764649066323247,0.24083236533802396,0.6437353848119143,0.016894902855021966,16.256410256410255,0.025318207463814656,9.326750704225352,19.153662303784163,1.9397455835962147,0.6197617379117029,0.9500765855811417,0.008089337277671142,0.07780757359530052,1.6456213779781068,0.009471972387242376,91.38173222166499,0.6878033799404544,-0.10145000000000003,0.32414060883060214,-0.01938770894852134,0.2757986362485255,-0.06268528314170455,-0.11079262213359921,-0.11823231612993954,0.44124834526701423,0.08896428704249745,0.14320132253870088,Utilities—Diversified,Utilities,MGEE
2012Q1,2012,Q1,2012-05-07,2012-03-31,16048000.0,149259000.0,28444000.0,0.46,86017000.0,0.5762935568374437,1482297000.0,558164000.0,179004000.0,62211000.0,924133000.0,34670000.0,218663000.0,1026029304.3,1348285304.3,16.09887225635257,2.8773689540434972,0.24483352526517965,0.6501959997420113,0.019126998348405696,16.09887225635257,0.028751406396686278,6.874153681185054,15.983756609857927,1.838221928142983,0.5510343968095713,1.8241130660513412,0.008618662218456872,0.10069439525277323,1.7112086286991046,0.010826440315267452,110.69471402524543,0.5762935568374437,0.6995588235294118,0.1866612042602887,-0.19126247075710534,0.31533330594196063,0.10210383353833538,0.7101449275362319,0.6310568266529044,0.06596448255426274,-0.1816526484913162,0.1331366252846278,Utilities—Diversified,Utilities,MGEE
2011Q4,2011,Q4,2012-02-24,2011-12-31,9384000.0,130946000.0,17439000.0,0.27065847538288484,78048000.0,0.5960319521023933,1458882000.0,550952000.0,189131000.0,63074000.0,907930000.0,39801000.0,211458000.0,1081041780.0,1403442780.0,15.890859796371608,2.9985572502140343,0.2492113824147532,0.6598941468585285,0.012207892658844132,15.890859796371608,0.017032336755289028,8.255630412536465,28.80013267263427,1.9621342331092364,0.9423486786018755,1.3290620838672396,0.008180072374261056,0.0897577734182751,1.7671623806956909,0.006432322833512237,275.07424427480913,0.5960319521023933,-0.5538599010942001,-0.23461869854740386,-0.14063810836033008,0.33524576424481844,-0.13969202279516318,-0.5539499952466964,-0.520036329608631,-0.1576415454325509,-0.163406981384727,0.14425674971719057,Utilities—Diversified,Utilities,MGEE
2011Q3,2011,Q3,2011-11-04,2011-09-30,21038000.0,133572000.0,36334000.0,0.606667,90721000.0,0.6791917467732759,1351915000.0,550433000.0,173663000.0,52481000.0,801482000.0,44752000.0,210917000.0,940045224.3,1259375224.3,15.875890513685789,3.3090642327699546,0.26941264798452563,0.6617026958776091,0.024922262502384534,15.875890513685789,0.0382208188825888,7.037741624741712,11.17080074508033,1.7078286082048133,0.4203346325696359,0.9575214515552377,0.009406994229011584,0.09880206965674618,2.0351365255997407,0.015561629244442144,41.16866183323114,0.6791917467732759,0.654544859504673,0.4742219989322014,0.07475921392307752,0.3588338569659179,0.15987777436841566,0.6535408315648825,0.566323231452343,0.16888486859419877,0.021115753187857928,0.15993244632628376,Utilities—Diversified,Utilities,MGEE
2011Q2,2011,Q2,2011-08-05,2011-06-30,12723000.0,117259000.0,23197000.0,0.366667,78216000.0,0.6670362189682668,1330414000.0,538312000.0,157764000.0,52254000.0,792102000.0,38096000.0,198722000.0,936810420.0,1269633420.0,15.526289982982897,3.0191755655069468,0.2742582384130053,0.6778169537368663,0.01610102982090354,15.526289982982897,0.023634992346445928,7.9892410817080135,18.407813015798162,1.7402740789727889,0.6814430558830464,1.0248582528349433,0.009254807392086863,0.08813722645732833,1.7960921651930952,0.00956318860144286,88.06264523406655,0.6670362189682668,-0.28571317254102113,0.5978614234046812,0.041261619008493476,0.35781899016301894,-0.08011478571764595,-0.284541415959062,-0.24923943297300796,0.15256231619483518,-0.10098631721193302,0.16135885516260517,Utilities—Diversified,Utilities,MGEE
2011Q1,2011,Q1,2011-05-06,2011-03-31,17783000.0,164605000.0,30898000.0,0.513333,85028000.0,0.5165578202363234,1317131000.0,534265000.0,155455000.0,51489000.0,782866000.0,30730000.0,194669000.0,935884704.3000001,1270730704.3000002,15.409564189091748,3.0191885645477674,0.2775206110857614,0.6841754560002995,0.021475999246081096,15.409564189091748,0.03328498030003837,5.685639587497342,13.157013781420458,1.7517237780876533,0.4875442838666142,2.5895541815815166,0.009263961639895346,0.12497238315702842,2.0583231369807145,0.013501314599686743,33.19446351351352,0.5165578202363234,0.48351824981245334,0.36649017962315716,-0.08148963978012169,0.35660868197463413,0.0895996719462812,0.48228723847628574,0.5181054390016214,0.2226255235393123,-0.17580697353837627,0.1637725317603946,Utilities—Diversified,Utilities,MGEE
2010Q4,2010,Q4,2011-02-24,2010-12-31,11997000.0,135928000.0,20353000.0,0.346024054685472,78036000.0,0.5740980519098347,1317893000.0,525080000.0,162302000.0,81212000.0,792813000.0,47239000.0,185556000.0,988355795.6999999,1339763795.6999998,15.144645380865853,1.998497758951879,0.2720387770479091,0.6827873847794622,0.015329320646270583,15.144645380865853,0.022847946979507885,7.2711714709257835,20.595894717429356,1.8822956419974097,0.7226806701675419,1.2255128177988526,0.00877214464438841,0.10314039151888658,1.0228291385509531,0.009103166949061874,100.78064603854389,0.5740980519098347,-0.3964693211702937,0.24386221696601817,-0.2463146610545959,0.35119463576374876,-0.11736961759017339,-0.39740820734341253,-0.4075163018164881,0.03557611901989528,-0.094706388388654,0.1678584208577194,Utilities—Diversified,Utilities,MGEE
2010Q3,2010,Q3,2010-11-04,2010-09-30,19909000.0,127938000.0,34352000.0,0.573333,88413000.0,0.6910612953149181,1287260000.0,521745000.0,150343000.0,102407000.0,765515000.0,53703000.0,182229000.0,915082104.3,1267457104.3,15.048455481526348,1.4680930014549787,0.28735919705420815,0.7089785239916051,0.023314380250519278,15.048455481526348,0.038158487383683604,7.1525434530788345,11.490809486915465,1.7538876353391024,0.4354814405545231,0.7359924026590693,0.009474559669847539,0.099387847054985,0.7328795883093929,0.015466183987694794,49.97990629198755,0.6910612953149181,0.72000072000072,0.7783670711461876,-0.011118137604848696,0.347018890178263,0.2181287113707444,0.723424515235457,0.7071861643971772,0.20751629611417807,0.0363745260608941,0.17007568467547998,Utilities—Diversified,Utilities,MGEE
2010Q2,2010,Q2,2010-08-05,2010-06-30,11552000.0,109082000.0,20122000.0,0.333333,72581000.0,0.665380172714105,1276548000.0,510497000.0,142995000.0,110113000.0,766051000.0,50034000.0,170990000.0,833029715.7,1195553715.7,14.72403449568804,1.2986205080235758,0.2947856249823743,0.7371404729116919,0.014542832868453115,14.72403449568804,0.02262892827969606,7.636729393483802,18.027824526056097,1.631801392956276,0.7371018005540166,0.7295239237318624,0.010221724194850351,0.0854507625251851,0.6159309073406409,0.009049405114417946,41.1535280950499,0.665380172714105,-0.19354854318430906,0.8772653842321951,-0.03981108663830908,0.3301150028417685,-0.05235602094240838,-0.18990182328190744,-0.07591274397244546,0.07193218733084203,-0.08747451452830643,0.15553820513773953,Utilities—Diversified,Utilities,MGEE
2010Q1,2010,Q1,2010-05-06,2010-03-31,14260000.0,159643000.0,21775000.0,0.413333,76591000.0,0.47976422392463186,1281977000.0,507548000.0,153246000.0,122161000.0,774429000.0,48237000.0,167953000.0,817309884.3,1190366884.3,14.638977820080182,1.2544592791480096,0.2993103620423767,0.7560053433369849,0.015423997859040424,14.638977820080182,0.02809586482460772,5.11960990647883,14.328714661640953,1.610310520975356,0.597124824684432,1.7217488649791655,0.010418324999572013,0.12452875519607606,0.6608737649495338,0.011123444492373888,52.41517888154941,0.47976422392463186,0.06706391980640351,0.533606194726385,0.015363136428488147,0.3141372331167186,0.0216083552306892,0.06180193596425912,-0.03419675330435554,0.054448452938167885,-0.13499832250702848,0.1960549027960066,Utilities—Diversified,Utilities,MGEE
2009Q4,2009,Q4,2010-02-25,2009-12-31,13430000.0,135822000.0,22546000.0,0.3873554267255055,74971000.0,0.5519797970873643,1281885000.0,501795000.0,165081000.0,127138000.0,780090000.0,50994000.0,162208000.0,826095515.6999999,1208361515.6999998,14.47304663840097,1.298439490946845,0.3018757532852011,0.7711714943353362,0.016067979110489104,14.47304663840097,0.026763917536045595,6.082192249414675,15.377801855919582,1.6462808830299225,0.6340282948622487,1.19329725065694,0.010307524781543854,0.1059549023508349,0.5956362377888593,0.01047675883562098,-81.08515073616019,0.5519797970873643,0.05642293068507793,1.3201559940833636,0.02259514697401133,0.3108665307621869,0.05939125028261361,0.055651627102656816,0.06807522857548913,0.09538265968759234,-0.10863828718492163,0.2161125620185219,Utilities—Diversified,Utilities,MGEE
2009Q3,2009,Q3,2009-11-05,2009-09-30,12722000.0,109297000.0,21109000.0,0.366667,70768000.0,0.6474834624921086,1250779000.0,769280000.0,137764000.0,157623000.0,481499000.0,52040000.0,0.0,843198720.0,1210726720.0,22.187995731302816,0.8740095036891824,0.29945338065317695,0.4868838394342762,0.011920199738968955,22.187995731302816,0.01653754159733777,7.7147471568295565,16.5696965885867,1.0960881863560732,0.6693130011004559,0.7403727901614143,0.01009844986481953,0.08738314282539121,0.3556397226293117,0.01017126126997655,367.5670095902354,0.6474834624921086,0.27906944294250824,0.15301678807327557,0.0389429207293177,0.9188617673202268,0.054114843226334995,0.285959769534014,0.2659829674943025,-0.10851543538285655,-0.12056450600312488,0.8990934582169696,Utilities—Diversified,Utilities,MGEE
2009Q2,2009,Q2,2009-08-06,2009-06-30,9893000.0,107556000.0,16674000.0,0.286667,67135000.0,0.6241864703038417,1243331000.0,492619000.0,144703000.0,155769000.0,750712000.0,46667000.0,0.0,774838404.75,1135129404.75,14.220076495633975,0.9289589070996155,0.2964938540099137,0.7483268002249203,0.012483950977491947,14.220076495633975,0.020082457233683636,7.204046308434676,19.580471160163754,1.5728958987574577,0.8451430304255534,0.8661580988707224,0.01079063705250601,0.08650632856415548,0.4028080041600062,0.007956851393554894,46.48379655348251,0.6241864703038417,-0.33846026035404647,0.40703052151401603,0.017254048038342636,0.402829060700451,-0.11555081284746924,-0.3383493846976993,-0.31484220907297833,0.24346835134205624,-0.044115412375066325,0.24358684067506475,Utilities—Diversified,Utilities,MGEE
2009Q1,2009,Q1,2009-05-07,2009-03-31,14952000.0,181144000.0,24336000.0,0.433333,75906000.0,0.4190367884114296,1240289000.0,489216000.0,154105000.0,161145000.0,751073000.0,42528000.0,151554000.0,720128572.1999999,1085552572.1999998,14.207353197421153,0.9563126376865556,0.2994656890450532,0.7592229199372057,0.018441603064521615,14.207353197421153,0.030563186813186812,3.975448108687011,12.040673023675762,1.472005355916405,0.5552434456928839,2.474557938299473,0.011528496883045908,0.14604983193433144,0.4851903565112166,0.012055254863987345,23.07734568819099,0.4190367884114296,0.348643214208243,-0.12038540173906175,0.07478599664341963,0.4161495754314992,0.025798343176074705,0.351409978308026,0.21789610649584626,0.1568569704696862,0.01775649492726125,0.25076987635674514,Utilities—Diversified,Utilities,MGEE
2008Q4,2008,Q4,2009-02-26,2008-12-31,11064000.0,155453000.0,19982000.0,0.3213103328105942,73997000.0,0.4760088258187362,1268275000.0,478202000.0,193878000.0,205241000.0,790073000.0,60966000.0,144904000.0,757548000.0,1150350000.0,13.887494917813788,0.9446358183793686,0.31295105556760167,0.8300007109966081,0.014998341654350794,13.887494917813788,0.02313666609508116,4.873164236135681,17.117407809110627,1.5841589955709094,0.7037237888647867,1.336088967621297,0.010277896582130769,0.12257042045297747,0.4469477346144289,0.008723660089491632,-163.54663212435233,0.4760088258187362,-0.38209551382578044,0.668049640975209,0.21764382169955868,0.459065921744993,-0.025739941015378135,-0.3608318890814558,-0.2086650033662033,0.15502311903477906,-0.13212107795130945,0.23903255343661883,Utilities—Diversified,Utilities,MGEE
2008Q3,2008,Q3,2008-11-05,2008-09-30,17310000.0,125807000.0,25251000.0,0.52,75952000.0,0.603718394048026,1158706000.0,456390000.0,158497000.0,188850000.0,702316000.0,64678000.0,0.0,790276500.0,1189840500.0,13.686909581646423,0.8392745565263436,0.3477094275855998,0.8827822695501655,0.018817470816912728,13.686909581646423,0.03792808781962795,6.281657618415509,11.413583188908145,1.7315815421021494,0.48191796649335644,0.7708185163424967,0.01055579914118666,0.10857542810687094,0.3280010590415674,0.014939078592844086,-28.410860655737704,0.603718394048026,0.625,0.38333114375540395,0.15573193552117218,0.4735056777171295,0.07133084138514705,0.6396703608979823,0.3842232211380331,0.6076987560869507,0.011079503613970088,0.22514405397101941,Utilities—Diversified,Utilities,MGEE
2008Q2,2008,Q2,2008-08-07,2008-06-30,10557000.0,124737000.0,18242000.0,0.32,70895000.0,0.5683558206466406,1128640000.0,443285000.0,137021000.0,214111000.0,685355000.0,19777000.0,0.0,721066205.25,1090477205.25,13.369071854030008,0.6399531084344102,0.33214931244683865,0.8456794161769516,0.014268183759509076,13.369071854030008,0.02381537836831835,5.780692218427571,17.075547154731456,1.6266424653439662,0.743298285497774,2.722455377458664,0.010882495869126712,0.11051974057272469,0.3069062308802444,0.009353735469237312,-45.484526919195105,0.5683558206466406,-0.23809523809523805,0.4563331353448329,0.21443739643714768,0.49141187716199103,-0.04428417363170666,-0.23704560237045602,-0.24954747408260655,0.7938808887221881,0.1481099469953939,0.2077126722517894,Utilities—Diversified,Utilities,MGEE
2008Q1,2008,Q1,2008-05-07,2008-03-31,13837000.0,189996000.0,24308000.0,0.42,74180000.0,0.3904292721952041,1109371000.0,436736000.0,137147000.0,211979000.0,672635000.0,25049000.0,0.0,748946439.45,1097602439.45,13.241044764806645,0.6469838993485204,0.3171716224779627,0.8056606279308324,0.019883301828344153,13.241044764806645,0.03168275571512309,3.941906353028485,13.531589930078775,1.7148722327676218,0.5640673556406736,4.623577787536429,0.010421305969131408,0.17126461751749414,0.4249052972228381,0.01247283370486519,43.45245065270365,0.3904292721952041,0.25697032937120046,0.1835630348507587,0.18572052381039775,0.49139159256283726,0.11465063861758076,0.255512203974231,0.24172456068655496,0.5642490475581399,0.27023945716597664,0.18864514617471484,Utilities—Diversified,Utilities,MGEE
2007Q4,2007,Q4,2008-02-26,2007-12-31,11021000.0,142840000.0,19576000.0,0.33413676535237313,66550000.0,0.4659059087090451,1111587000.0,427726000.0,155675000.0,220112000.0,683861000.0,48428000.0,123916000.0,779950929.4499999,1142007929.4499998,12.967877878333105,0.7072535799956385,0.329120437716526,0.8553279435900553,0.01586718408124231,12.967877878333105,0.025766495373206213,5.4603117435592265,17.692381123536883,1.823482625442456,0.7049269576263497,1.575328322458082,0.009960883058987423,0.12850096303753103,0.3690121392745511,0.009914653553882873,-30.403887633025374,0.4659059087090451,-0.2940767591687604,1.7093042229269138,0.20079182058793327,0.5085274484011587,-0.05108864585858298,-0.29061534500514935,-0.239323877987177,1.0013903652505314,0.13045447473079214,0.17453895578659934,Utilities—Diversified,Utilities,MGEE
2007Q3,2007,Q3,2007-11-09,2007-09-30,15536000.0,116323000.0,25735000.0,0.473333,70133000.0,0.6029160183282756,1049956000.0,420172000.0,133175000.0,167454000.0,629784000.0,51319000.0,0.0,749449800.0,1076552800.0,12.861095806550352,0.7952930356993563,0.32032770897066165,0.8004579077139838,0.02127229286771732,12.861095806550352,0.0369753339108746,6.4428341772478355,12.059889933058702,1.7836738288129623,0.49774716786817713,0.9000565092850601,0.010318236124687737,0.11078845208751605,0.3747596354819831,0.014796810533012811,-20.04573247385455,0.6029160183282756,0.5106388411051502,0.1813556660285146,0.16814828552888378,0.42476736428747086,0.15954896417175074,0.5589002608870158,0.538898522992286,0.49429617773131973,0.1734545530680534,0.11225300959542353,Utilities—Diversified,Utilities,MGEE
2007Q2,2007,Q2,2007-08-07,2007-06-30,9966000.0,110545000.0,16723000.0,0.313333,60483000.0,0.5471346510470849,994641000.0,408545000.0,128424000.0,121452000.0,586096000.0,44056000.0,0.0,697253568.75,986360568.75,12.74214424951267,1.0574053947238415,0.29740881383333284,0.7240695639403248,0.015472044266551263,12.74214424951267,0.02439388561847532,6.3074184155773665,17.490807965833838,1.7066750755730704,0.7501505117399158,1.136326493553659,0.010722067745601626,0.11114060248873714,0.5151582518196489,0.010019695548444112,-86.24039192949907,0.5471346510470849,-0.20339000287288383,0.819507946149601,0.20514966632118206,0.4512478706158375,-0.07379559584698785,-0.18988782311819216,-0.22696805805944623,0.5314690882134914,0.1296547466026154,0.2570291203666683,Utilities—Diversified,Utilities,MGEE
2007Q1,2007,Q1,2007-05-08,2007-03-31,12302000.0,167886000.0,21633000.0,0.393333,65302000.0,0.3889663223854282,978023000.0,386018000.0,128849000.0,129610000.0,592005000.0,31691000.0,0.0,745581960.0,1038404960.0,12.239386156821713,0.9941285394645475,0.3060245004463085,0.775349854151879,0.02000876043161381,12.239386156821713,0.031868980202995716,4.441001393802938,15.151641196553406,1.9314694133434194,0.5947813363680702,3.237007352245117,0.009813810409254,0.17165853972759332,0.622961191266106,0.012578436294442974,65.09927180651357,0.3889663223854282,0.1122863343495023,-0.0912123505986479,0.3910149171655581,0.39765493239646393,-0.018811791928358926,0.10302160853581996,0.00441080880304578,-0.20985204815313893,0.08755713935417203,0.21998807720718877,Utilities—Diversified,Utilities,MGEE
