Quarters,Year,Quarter,FillingDate,Date,NetIncome,Revenue,OperatingIncome,EPSDiluted,GrossProfit,GrossProfitRatio,TotalAssets,CommonStockEquity,CurrentAssets,CurrentLiability,TotalLiability,Inventory,RetainedEarnings,MarketCap,EnterpriseValue,bookValuePerShare,currentRatio,debtToAssets,debtToEquity,roic,shareholdersEquityPerShare,roe,priceToSalesRatio,peRatio,pbRatio,payoutRatio,inventoryTurnover,dividendYield,assetTurnover,quickRatio,returnOnAssets,priceToFreeCashFlowsRatio,grossProfitMargin,epsdilutedGrowth,fiveYNetIncomeGrowthPerShare,fiveYRevenueGrowthPerShare,fiveYShareholdersEquityGrowthPerShare,grossProfitGrowth,netIncomeGrowth,operatingIncomeGrowth,threeYNetIncomeGrowthPerShare,threeYRevenueGrowthPerShare,threeYShareholdersEquityGrowthPerShare,Industry,Sector,Symbol
2023Q1,2023,Q1,2023-05-08,2023-03-31,-3914000.0,89000.0,-3562000.0,-0.25,36000.0,0.404494382,12381000.0,9857000.0,4775000.0,2377000.0,2524000.0,0.0,-144388000.0,4417881.5501999995,2844881.5501999995,0.6367730252687842,2.0088346655448044,0.03989984653905177,0.050116668357512426,-0.42150345233213626,0.6367730252687842,-0.39707821852490616,49.639118541573026,-0.282184565035769,0.44819737751851474,0.0,0.0,0.0,0.007188433890638882,0.8960875052587295,-0.31612955334787174,-1.4484857541639342,0.4044943820224719,0.1935483870967742,-11.45386279750541,0.566901408450704,0.0,-0.34545454545454546,0.17426160337552743,0.20844444444444443,-1.6734059629111029,0.5303402857781521,2.312468759462038,Software—Infrastructure,Technology,APCXW
2022Q4,2022,Q4,2023-03-20,2022-12-31,-4740000.0,108000.0,-4500000.0,-0.31,55000.0,0.5092592593,12519000.0,7424000.0,4425000.0,4929000.0,5095000.0,0.0,-140474000.0,2171789.7039,724789.7039000001,0.47959855327132533,0.8977480219111381,0.16095534787123572,0.27141702586206895,-0.4666832365106009,0.47959855327132533,-0.6384698275862069,20.109163925,-0.11454587045886076,0.2925363286503233,0.0,0.0,0.0,0.008626887131560028,0.7127206329884358,-0.3786244907740235,-0.8711551158844766,0.5092592592592593,-0.7222222222222223,-6.741277996805498,0.6431603450636726,1.9971270813214619,-0.09836065573770492,-0.6690140845070423,-0.597444089456869,-6.741277996805498,0.6431603450636726,1.9971270813214619,Software—Infrastructure,Technology,APCXW
2022Q3,2022,Q3,2022-09-30,2022-09-30,-2840000.0,115000.0,-2817000.0,-0.18,61000.0,0.5304347826,15779000.0,10773000.0,7007000.0,4824000.0,5006000.0,0.0,-135714000.0,1919472.0119999999,-1910527.988,0.6959476312489208,1.4525290215588722,0.12979276253247987,0.1901048918592778,-0.21600777600777601,0.6959476312489208,-0.2636220180079829,16.691060973913043,-0.16896760669014085,0.17817432581453632,0.0,0.0,0.0,0.007288167817985931,1.2392205638474296,-0.17998605741808732,-0.9935155341614906,0.5304347826086957,0.30769230769230776,-5.300987524488432,0.7284915529369325,0.0,0.0,0.2896448224112056,0.33167259786476866,-5.300987524488432,0.7284915529369325,0.0,Software—Infrastructure,Technology,APCXW
2022Q2,2022,Q2,2022-08-05,2022-06-30,-3998000.0,123000.0,-4215000.0,-0.26,61000.0,0.4959349593,16189000.0,11242000.0,8785000.0,4749000.0,4947000.0,0.0,-133775000.0,2176433.5878,-3567566.4122,0.7262455463195365,1.8498631290798062,0.12638211131014887,0.18199608610567514,-0.3028442730591418,0.7262455463195365,-0.3556306706991639,17.694582014634147,-0.13609514681090545,0.1935984333570539,0.0,0.0,0.0,0.007597751559701032,1.6508738681827753,-0.2469578108592254,-0.87057343512,0.4959349593495935,0.23529411764705885,0.0,0.0,0.0,0.1509433962264151,0.2376048817696415,0.24879700588130457,-10.084279896088342,0.8336588201970812,0.0,Software—Infrastructure,Technology,APCXW
2022Q1,2022,Q1,2022-05-10,2022-03-31,-5244000.0,104000.0,-5611000.0,-0.34,53000.0,0.5096153846,18071000.0,10719000.0,11179000.0,5018000.0,7352000.0,0.0,-129648000.0,3869903.25,-4377096.75,0.6924591719444149,2.2277799920286965,0.11305406452326933,0.19059613769941225,-0.4158160578817014,0.6924591719444149,-0.4892247411139099,37.21060817307692,-0.18449195509153318,0.3610321158690176,0.0,0.0,0.0,0.005755077195506613,2.0591869270625747,-0.29018870012727577,-1.2634356023506366,0.5096153846153846,-0.8888888888888891,0.0,0.0,0.0,-0.08175817321852423,-0.8584172408953857,-0.21755369138366482,-15.685757922871328,0.8309859154929576,0.0,Software—Infrastructure,Technology,APCXW
2021Q4,2021,Q4,2022-03-31,2021-12-31,-2821756.0,95136.0,-4608421.0,-0.18,57719.0,0.6066998823,7556966.0,44003.0,622649.0,7282464.0,7512963.0,0.0,-124193274.0,11222719.424999999,13307865.424999999,0.0028426421254846615,0.0854997704073786,0.2769857638634341,47.568847578574186,-1.4678680139645865,0.0028426421254846615,-64.12644592414154,117.96501245585266,-0.9943027874309471,255.04441572165535,0.0,0.0,0.0,0.012589179308203849,0.0066419827135431085,-0.37339800126135275,-11.181381856277342,0.6066998822737976,-898.9999999999999,0.0,0.0,0.0,0.13988071727624615,-0.08237003532007475,-0.91996182091409,-3.6084383196527203,0.44744169062942163,1.0059101000753488,Software—Infrastructure,Technology,APCXW
2021Q3,2021,Q3,2021-11-12,2021-09-30,-2607016.0,92410.0,-2400267.0,-0.0002,50636.0,0.5479493561,7471736.0,940613.0,150840.0,6176888.0,6531123.0,0.0,-120442111.0,11222719.424999999,13333965.424999999,0.06076463281091071,0.024420063954535033,0.2855749989025308,2.2684579098949302,-0.6887695469890793,0.06076463281091071,-2.7716138305551805,121.44485905205063,-1.076203543150483,11.931282498753472,0.0,0.0,0.0,0.012367942336292397,0.00928040139306395,-0.3489170388247122,-34.671731544557204,0.547949356130289,0.5,0.0,0.0,0.0,-0.5603025329755733,0.5436672092331644,0.470869421352056,-4.784075807092161,0.3889556904947994,0.0,Software—Infrastructure,Technology,APCXW
2021Q2,2021,Q2,2021-08-16,2021-06-30,-5712971.0,151021.0,-4536247.0,-0.0004,115161.0,0.7625495792,7563869.0,491120.0,463677.0,6778628.0,7072749.0,0.0,-117581705.0,11222719.424999999,13627350.424999999,0.03172689136349856,0.06840278003159342,0.3647354283898888,5.617386789379378,-1.1673391180445185,0.03172689136349856,-11.63253583645545,74.31231037405394,-0.4911069662790166,22.851277539094315,0.0,0.0,0.0,0.019966104648295735,0.06299357333076841,-0.755297454252579,-15.593412650112752,0.762549579197595,0.9069767441860465,0.0,0.0,0.0,0.7379119884099964,0.9144776381241433,0.9309102099432401,-14.838961881499676,1.2513901519104342,0.0,Software—Infrastructure,Technology,APCXW
2021Q1,2021,Q1,2021-05-17,2021-03-31,-66800903.0,100663.0,-65657270.0,-0.0043,66264.0,0.6582756326,7487704.0,-1658460.0,752218.0,7616131.0,9146164.0,0.0,-111241228.0,11222719.424999999,13803791.424999999,-0.10713833737316301,0.09876642090321187,0.42721520508823535,-1.9288140805325422,-36.6588513506,-0.10713833737316301,40.27887498040351,111.48802862024775,-0.0420006276898682,-6.7669521272747,0.0,0.0,0.0,0.013443773952602827,0.08992807502917163,-8.921413426599129,-8.344289877453422,0.6582756325561527,-41.99999999999999,0.0,0.0,0.0,0.28712948214910067,-50.827397702401484,-70.67339110234897,-211.5521923125875,0.7722359154929578,0.0,Software—Infrastructure,Technology,APCXW
2020Q4,2020,Q4,2021-03-31,2020-12-31,-1288911.0,88133.0,-916062.0,-0.0001,51482.0,0.5841398795,379689.0,-8194730.0,104828.0,8207527.0,8574419.0,0.0,-44947730.0,11222719.424999999,14368975.424999999,-0.5293885577113588,0.012772178513698463,8.437834648883692,-0.39095284408394176,0.2311627544884163,-0.5293885577113588,0.1572853529036344,127.33844785721578,-2.1767832350332954,-1.3695044772677072,0.0,0.0,0.0,0.23211891837793563,0.011956342026045117,-3.3946493050891653,-38.947355466404765,0.5841398795003007,0.0,0.0,0.0,0.0,-0.09039188663910386,-0.16334847264994604,0.11594861654357373,-1.1050249713376732,0.3408949138101542,-0.10064482854491172,Software—Infrastructure,Technology,APCXW
2020Q3,2020,Q3,2020-11-16,2020-09-30,-1107932.0,105357.0,-1036209.0,-0.0001,56598.0,0.5372020843,357199.0,-7700540.0,84543.0,7819565.0,8057739.0,0.0,-43658819.0,11222719.424999999,14388787.424999999,-0.49746334097628925,0.010811726739275138,8.993261459298598,-0.41716347165263734,0.24671954193707682,-0.49746334097628925,0.1438771826391396,106.52087118084226,-2.532357451765993,-1.4573938223812875,0.0,0.0,0.0,0.29495323335171714,0.010811726739275138,-3.101722009300138,-124.38729634021989,0.5372020843418093,0.0,0.0,0.0,0.0,0.22729638303408795,-2.4903851000554464,-2.919970795298497,-1.4581217288667319,0.5835537786328384,0.0,Software—Infrastructure,Technology,APCXW
2020Q2,2020,Q2,2020-08-14,2020-06-30,-317424.0,77853.0,-264341.0,0.0,46116.0,0.5923471157,338964.0,-7732444.0,51012.0,7679956.0,8071408.0,0.0,-42550887.0,11222719.424999999,14378011.424999999,-0.49952437441426994,0.0066422255544172385,9.336779126986936,-0.4092925858887565,0.06020033503036703,-0.49952437441426994,0.04105092775324335,144.15269064775921,-8.838902717658401,-1.451380627522165,0.0,0.0,0.0,0.22967925797429817,0.0066422255544172385,-0.936453428682692,-507.2874124214618,0.5923471157180841,1.0,0.0,0.0,0.0,0.320164891789763,0.7831877326594037,0.8102316853163068,0.0,0.0,0.0,Software—Infrastructure,Technology,APCXW
2020Q1,2020,Q1,2020-05-14,2020-03-31,-1464050.0,58157.0,-1392967.0,-0.0001,34932.0,0.6006499648,350012.0,-7510274.0,46764.0,7455944.0,7860286.0,0.0,-42224463.0,11222719.424999999,14380825.424999999,-0.48517194842015754,0.006272042815772222,9.066172016959419,-0.4225237321567762,0.34533566405307736,-0.48517194842015754,0.19493962537185727,192.97280507935415,-1.916382539018476,-1.4943155769017216,0.0,0.0,0.0,0.16615716032593167,0.005613507826775523,-4.1828565877741335,-58.79216831335652,0.600649964750589,0.0,0.0,0.0,0.0,-0.10860467490047974,-1.3910586605955884,-4.395374509059641,0.0,0.0,0.0,Software—Infrastructure,Technology,APCXW
2019Q4,2019,Q4,2020-03-30,2019-12-31,-612302.0,65727.0,-258178.0,0.0,39188.0,0.5962237741,84943.0,-7445390.0,84943.0,7370333.0,7530333.0,0.0,-40760413.0,11222719.424999999,14096535.424999999,-0.48098037076249905,0.011524988083984809,34.116701788258005,-0.3892307857613906,0.07987144076457277,-0.48098037076249905,0.08223907679785747,170.74747706422016,-4.58218306693429,-1.5073380205738047,0.0,0.0,0.0,0.7737777097583085,0.0073259919192253595,-7.208386800560376,-67.07819963779376,0.5962237740958815,0.0,0.0,0.0,0.0,-0.01990796318527411,-0.35848847296454805,0.16325121779684912,0.0,0.0,0.0,Software—Infrastructure,Technology,APCXW
2019Q3,2019,Q3,2019-09-30,2019-09-30,-450723.0,66532.0,-308549.0,0.0,39984.0,0.6009739674,,,,,,,,11222719.424999999,,,0.0,0.0,0.0,0.0,,0.0,168.6815280616846,-6.224842877443574,0.0,0.0,0.0,0.0,0.0,0.0,0.0,-56.80347533291829,0.6009739674141766,0.0,0.0,0.0,0.0,-0.02632412029708998,-0.24960977678955118,-0.4057094174407851,0.0,0.0,0.0,Software—Infrastructure,Technology,APCXW
2019Q2,2019,Q2,2019-06-30,2019-06-30,-360691.0,67079.0,-219497.0,0.0,41065.0,0.6121886134,,,,,,,,11222719.424999999,,,0.0,0.0,0.0,0.0,,0.0,167.3060037418566,-7.7786245186322915,0.0,0.0,0.0,0.0,0.0,0.0,0.0,-54.74390463112914,0.6121886134259604,0.0,0.0,0.0,0.0,0.19852318827890145,-0.1476740486190658,-0.3532323892430426,0.0,0.0,0.0,Software—Infrastructure,Technology,APCXW
2019Q1,2019,Q1,2019-03-31,2019-03-31,-314280.0,56800.0,-162202.0,0.0,34263.0,0.603221831,,,,,,,,11222719.424999999,,,0.0,0.0,0.0,0.0,,0.0,197.58308846830985,-8.927325493986254,0.0,0.0,0.0,0.0,0.0,0.0,0.0,-58.86216596472272,0.6032218309859155,0.0,0.0,0.0,0.0,0.0,0.0,0.0,0.0,0.0,0.0,Software—Infrastructure,Technology,APCXW
2017Q2,2017,Q2,2017-06-30,2017-06-30,-117082.0,61676.0,-12186.0,0.0,35387.0,0.5737564044,79658.0,-5662968.0,29399.0,5742626.0,5742626.0,0.0,-33572300.0,0.0,2542324.0,0.0,0.005119434906608928,31.97875919556102,-0.4498284291911944,0.007085133203865652,0.0,0.02067502412162668,0.0,0.0,0.0,0.0,0.0,,0.7742599613347059,0.005119434906608928,-1.4698084310427075,0.0,0.5737564044360853,0.0,0.0,0.0,0.0,-0.0299084379626076,0.7391848663868766,0.9579535024946346,0.0,0.0,0.0,Software—Infrastructure,Technology,APCXW
2017Q1,2017,Q1,2017-03-31,2017-03-31,-448908.0,63915.0,-289822.0,0.0,36478.0,0.5707267465,46831.0,-5641134.0,46539.0,5687965.0,5687965.0,0.0,-33507666.0,0.0,2526471.0,0.0,0.008182012371735761,54.40500950225278,-0.4516540468636271,0.11387067494238244,0.0,0.07957761684086923,0.0,0.0,0.0,0.0,0.0,,1.3648010932929042,0.008182012371735761,-9.585701778736308,0.0,0.5707267464601424,0.0,0.0,0.0,0.0,0.0547957088743024,-2.123832126656052,0.35030890488957434,0.0,0.0,0.0,Software—Infrastructure,Technology,APCXW
2016Q4,2016,Q4,2016-12-31,2016-12-31,399444.0,72685.0,-446092.0,0.0,34583.0,0.4757928046,26814.0,-5515529.0,26489.0,5542343.0,5542343.0,0.0,-33138301.0,0.0,2549417.0,0.0,0.004779386624032472,95.1108376221377,-0.46238574758649625,-0.3780490905084451,0.0,-0.07242170243325709,0.0,0.0,0.0,0.0,0.0,,2.710710822704557,0.004779386624032472,14.896844931752069,0.0,0.47579280456765494,0.0,0.0,0.0,0.0,1.108333841370481,1.2446672518269926,-0.8526877120703046,0.0,0.0,0.0,Software—Infrastructure,Technology,APCXW
2016Q3,2016,Q3,2016-09-30,2016-09-30,-1632601.0,61308.0,-240781.0,0.0,16403.0,0.2675507275,54686.0,-5374174.0,16863.0,5428860.0,5428860.0,0.0,-32979346.0,0.0,2562361.0,0.0,0.003106176987433826,46.68293530336832,-0.4750316978944113,0.1300242498957313,0.0,0.30378640512942084,0.0,0.0,0.0,0.0,0.0,,1.1210913213619573,0.003106176987433826,-29.854094283728926,0.0,0.26755072747439157,0.0,0.0,0.0,0.0,0.0,0.0,0.0,0.0,0.0,0.0,Software—Infrastructure,Technology,APCXW
2014Q2,2014,Q2,2014-06-30,2014-06-30,-384762.0,145641.0,-171531.0,0.0,38665.0,0.2654815608,360452.0,-2907366.0,229873.0,1668363.0,3267818.0,0.0,-6145907.0,0.0,-1077.0,0.0,0.1377835638886741,0.0,0.0,0.0939791775074806,0.0,0.132340407090129,0.0,0.0,0.0,0.0,0.0,,0.40405102482438715,0.1377835638886741,-1.0674430992198685,0.0,0.2654815608242185,0.0,0.0,0.0,0.0,-0.4039617696932326,-2.131557957449579,-0.09694892275421914,0.0,0.0,0.0,Software—Infrastructure,Technology,APCXW
2014Q1,2014,Q1,2014-03-31,2014-03-31,-122866.0,175332.0,-156371.0,0.0,64870.0,0.3699838022,736923.0,-2563708.0,607241.0,1589133.0,3300631.0,0.0,-5797909.0,0.0,-13108.0,0.0,0.3821209426775481,0.0,0.0,0.04128297313588764,0.0,0.047925114716652596,0.0,0.0,0.0,0.0,0.0,,0.2379244507228028,0.3121110693692724,-0.166728409888143,0.0,0.3699838021581913,0.0,0.0,0.0,0.0,1.0096034696406444,0.5927341432288645,0.25348501919147554,0.0,0.0,0.0,Software—Infrastructure,Technology,APCXW
2013Q4,2013,Q4,2013-12-31,2013-12-31,-301685.0,158138.0,-209468.0,0.0,32280.0,0.2041255106,809592.0,-2440842.0,679680.0,1640222.0,3250434.0,0.0,-5675043.0,0.0,-144705.0,0.0,0.41438293109103524,0.0,0.0,0.04550452450634554,0.0,0.12359874174567628,0.0,0.0,0.0,0.0,0.0,,0.19533048745540965,0.34655308854533107,-0.37263831658415597,0.0,0.20412551062995613,0.0,0.0,0.0,0.0,-0.32120702344653557,-0.5263520042903906,-0.9849142423955274,0.0,0.0,0.0,Software—Infrastructure,Technology,APCXW
2013Q3,2013,Q3,2013-09-30,2013-09-30,-197651.0,301268.0,-105530.0,0.0,47555.0,0.1578494895,589078.0,-2624136.0,437385.0,1592195.0,3213214.0,0.0,-5103338.0,0.0,-167909.0,0.0,0.27470567361409876,0.0,0.0,0.059856340578605165,0.0,0.0753204102226409,0.0,0.0,0.0,0.0,0.0,,0.511422935502599,0.20483043848272353,-0.335526025415989,0.0,0.15784948949108435,0.0,0.0,0.0,0.0,-0.35340666512570196,0.1974508585790912,0.4496336279955149,0.0,0.0,0.0,Software—Infrastructure,Technology,APCXW
2013Q2,2013,Q2,2013-06-30,2013-06-30,-246279.0,408030.0,-191745.0,0.0,73547.0,0.1802490013,481738.0,-2426579.0,330045.0,1352417.0,2908317.0,0.0,-4905781.0,0.0,-4711.0,0.0,0.24404085426314517,0.0,0.0,0.07901865136061921,0.0,0.10149226544860068,0.0,0.0,0.0,0.0,0.0,,0.8469956698454346,0.014578343809638595,-0.5112301707567184,0.0,0.1802490012989241,0.0,0.0,0.0,0.0,0.0,0.0,0.0,0.0,0.0,0.0,Software—Infrastructure,Technology,APCXW
2013Q1,2013,Q1,2013-03-31,2013-03-31,0.0,0.0,0.0,0.0,0.0,0.0,54.0,-122918.0,54.0,122972.0,122972.0,0.0,-2277999.0,0.0,-54.0,0.0,0.00043912435351136845,0.0,0.0,,0.0,0.0,0.0,0.0,0.0,0.0,0.0,,0.0,0.00043912435351136845,0.0,0.0,0.0,0.0,0.0,0.0,0.0,0.0,0.0,0.0,0.0,0.0,0.0,Software—Infrastructure,Technology,APCXW
2012Q4,2012,Q4,2012-12-31,2012-12-31,0.0,0.0,0.0,0.0,0.0,0.0,54.0,-122918.0,54.0,122972.0,122972.0,0.0,-2277999.0,0.0,-54.0,0.0,0.00043912435351136845,0.0,0.0,,0.0,0.0,0.0,0.0,0.0,0.0,0.0,,0.0,0.00043912435351136845,0.0,0.0,0.0,0.0,0.0,0.0,0.0,0.0,0.0,0.0,0.0,0.0,0.0,Software—Infrastructure,Technology,APCXW
2012Q3,2012,Q3,2012-09-30,2012-09-30,0.0,0.0,0.0,0.0,0.0,0.0,,,,,,,,0.0,,0.0,0.0,0.0,0.0,0.0,0.0,0.0,0.0,0.0,0.0,0.0,0.0,,0.0,0.0,0.0,0.0,0.0,0.0,0.0,0.0,0.0,-1.0,1.0,1.0,0.0,0.0,0.0,Software—Infrastructure,Technology,APCXW
2012Q2,2012,Q2,2012-06-30,2012-06-30,-36056.0,12532.0,-36000.0,0.0,13012.0,1.038301947,,,,,,,,0.0,,0.0,0.0,0.0,0.0,0.0,0.0,0.0,0.0,0.0,0.0,0.0,0.0,,0.0,0.0,0.0,0.0,1.03830194701564,0.0,0.0,0.0,0.0,26.108333333333334,0.7658610075717236,-0.5187310158623017,0.0,0.0,0.0,Software—Infrastructure,Technology,APCXW
2012Q1,2012,Q1,2012-03-31,2012-03-31,-153994.0,480.0,-23704.0,0.0,480.0,1.0,,,,,,,,0.0,,0.0,0.0,0.0,0.0,0.0,0.0,0.0,0.0,0.0,0.0,0.0,0.0,,0.0,0.0,0.0,0.0,1.0,0.0,0.0,0.0,0.0,0.0,0.0,0.0,0.0,0.0,0.0,Software—Infrastructure,Technology,APCXW
2008Q3,2008,Q3,2008-11-14,2008-09-30,-1842182.0,3978246.0,-1244489.0,0.0,804393.0,0.2021979033,21020463.0,-14361745.0,6925322.0,5883915.0,35382208.0,1945938.0,-15387024.0,0.0,21121750.0,0.0,1.1769921897240188,1.0846448529701749,-1.5875325038844514,-0.14605589724421075,0.0,0.1282700674604653,0.0,0.0,0.0,0.0,1.6310144516423442,,0.18925586938784364,0.7469310824510551,-0.08763755584260917,0.0,0.20219790329708118,0.0,0.0,0.0,0.0,0.20213139571897618,-1.3929932933210967,-1.2481515135639976,0.0,0.0,0.0,Software—Infrastructure,Technology,APCXW
2008Q2,2008,Q2,2008-08-14,2008-06-30,4687566.0,4035866.0,-553561.0,0.0,669139.0,0.1657981211,23575488.0,-11961915.0,8767217.0,6372779.0,35537403.0,1899459.0,-13544843.0,0.0,21635410.0,0.0,1.3757290186902762,0.9680356139393594,-1.9078811377609688,-0.050936091161958214,0.0,-0.39187421077645174,0.0,0.0,0.0,0.0,1.772466265394515,,0.17118907570439262,0.9832528320847154,0.1988321938447255,0.0,0.16579812114673778,0.0,0.0,0.0,0.0,-0.33094998365217426,15.797880003010137,-10.038325789148338,0.0,0.0,0.0,Software—Infrastructure,Technology,APCXW
2008Q1,2008,Q1,2008-05-19,2008-03-31,279057.0,4249933.0,-50149.0,0.0,1000133.0,0.2353291217,24485063.0,-16941736.0,9600830.0,6112433.0,41426799.0,1903187.0,-18232410.0,0.0,20879907.0,0.0,1.5707051512875478,0.9327153456783019,-1.3480079019056843,-0.00915259606374533,0.0,-0.016471570563961094,0.0,0.0,0.0,0.0,1.7075568506930743,,0.17357247559461048,1.1833422141396068,0.011397030099534562,0.0,0.2353291216590944,0.0,0.0,0.0,0.0,0.8156341620601076,1.028702903039901,0.7788054816755543,0.0,0.0,0.0,Software—Infrastructure,Technology,APCXW
2007Q4,2007,Q4,2008-04-10,2007-12-31,-9722257.0,3626548.0,-226719.0,0.0,550845.0,0.1518923781,24430104.0,-16704236.0,8873657.0,5606786.0,41134340.0,1770595.0,-18511466.0,0.0,20815778.0,0.0,1.5826637578106244,0.9307863363987317,-1.3612838683553081,-0.036392190020137626,0.0,0.5820234460288995,0.0,0.0,0.0,0.0,1.7371013698784872,,0.1484458682615514,1.1914314189983353,-0.3979621617656642,0.0,0.15189237809619505,0.0,0.0,0.0,0.0,-0.2929953473447778,-34.74272287759997,0.393100069866611,0.0,0.0,0.0,Software—Infrastructure,Technology,APCXW
2007Q3,2007,Q3,2007-11-15,2007-09-30,288129.0,4247022.0,-373569.0,0.0,779125.0,0.1834520754,24873658.0,-7282141.0,10056095.0,3969503.0,32155799.0,2230110.0,-8789208.0,0.0,19865908.0,0.0,2.533338556489314,0.917018317128908,-3.1322656345160027,-0.0350142299975954,0.0,-0.0395665230870976,0.0,0.0,0.0,0.0,1.5550340566160414,,0.17074376434700517,1.8492828951130658,0.011583700314605918,0.0,0.1834520753600994,0.0,0.0,0.0,0.0,1.7839812763524618,1.061833946316969,0.7561076088205493,0.0,0.0,0.0,Software—Infrastructure,Technology,APCXW
2007Q2,2007,Q2,2007-08-20,2007-06-30,-4659722.0,1579377.0,-1531696.0,0.0,279860.0,0.1771964515,24417895.0,-8739014.0,10323824.0,4264051.0,33156909.0,2526807.0,-9077339.0,0.0,20750844.0,0.0,2.4211305164971058,0.9278868223489372,-2.5926315028217144,-0.10955613756821181,0.0,0.5332091240499214,0.0,0.0,0.0,0.0,0.5142921481537767,,0.06468112832821994,1.5160714541172233,-0.1908322564250522,0.0,0.1771964515122102,0.0,0.0,0.0,0.0,2.1996067088158964,-7.21233862937408,-1.8546805925196996,0.0,0.0,0.0,Software—Infrastructure,Technology,APCXW
2007Q1,2007,Q1,2007-05-14,2007-03-31,-567405.0,87467.0,-536556.0,0.0,87467.0,1.0,12463695.0,-4201239.0,2996445.0,260273.0,16664934.0,0.0,-4417618.0,0.0,15207565.0,0.0,11.512700126405736,1.2273330661573474,-3.6410937344911822,-0.050985455655321414,0.0,0.13505658687829947,0.0,0.0,0.0,0.0,0.0,,0.00701774233082565,11.079551086743535,-0.04552462171129829,0.0,1.0,0.0,0.0,0.0,0.0,5.086479162773314,-0.5982879259058951,0.23167708889706692,0.0,0.0,0.0,Software—Infrastructure,Technology,APCXW
2016Q2,2016,Q2,2016-06-30,2016-06-30,,,,,,,580103.0,-4639053.0,23333.0,5219156.0,5219156.0,0.0,-31907745.0,0.0,2478900.0,0.0,0.004470646211762974,4.268909141997197,-0.5338173545333498,,0.0,,0.0,0.0,0.0,0.0,0.0,,,0.003704238769640149,,0.0,0.0,0.0,0.0,0.0,0.0,0.0,0.0,0.0,0.0,0.0,0.0,Software—Infrastructure,Technology,APCXW
2015Q3,2015,Q3,2015-09-30,2015-09-30,,,,,,,1661828.0,-4191664.0,1585537.0,5767968.0,5853492.0,0.0,-30613416.0,0.0,2176293.0,0.0,0.27488658050807496,1.311785575883906,-0.5200707881166048,,0.0,,0.0,0.0,0.0,0.0,0.0,,,0.27488658050807496,,0.0,0.0,0.0,0.0,0.0,0.0,0.0,0.0,0.0,0.0,0.0,0.0,Software—Infrastructure,Technology,APCXW
