Quarters,Year,Quarter,FillingDate,Date,NetIncome,Revenue,OperatingIncome,EPSDiluted,GrossProfit,GrossProfitRatio,TotalAssets,CommonStockEquity,CurrentAssets,CurrentLiability,TotalLiability,Inventory,RetainedEarnings,MarketCap,EnterpriseValue,bookValuePerShare,currentRatio,debtToAssets,debtToEquity,roic,shareholdersEquityPerShare,roe,priceToSalesRatio,peRatio,pbRatio,payoutRatio,inventoryTurnover,dividendYield,assetTurnover,quickRatio,returnOnAssets,priceToFreeCashFlowsRatio,grossProfitMargin,epsdilutedGrowth,fiveYNetIncomeGrowthPerShare,fiveYRevenueGrowthPerShare,fiveYShareholdersEquityGrowthPerShare,grossProfitGrowth,netIncomeGrowth,operatingIncomeGrowth,threeYNetIncomeGrowthPerShare,threeYRevenueGrowthPerShare,threeYShareholdersEquityGrowthPerShare,Industry,Sector,Symbol
2023Q1,2023,Q1,2023-05-04,2023-03-31,-15600000.0,59201000.0,-12940000.0,-0.14,47295000.0,0.7988885323,2115236000.0,988081000.0,421492000.0,142620000.0,645785000.0,11064000.0,-35531000.0,1118057664.19,1267005664.19,9.12911476475105,2.9553498808021317,0.12949335204204165,0.2772131029743513,-0.009721543679020145,9.12911476475105,-0.01578817930918619,18.88579017567271,-17.91759077227564,1.1315445436052307,0.0,1.0761026753434562,0.0,0.02798789354946682,2.774624877296312,-0.007375063586285408,82.09543022174903,0.7988885322883059,-3.1840873634945397,-0.2027387350996399,0.2960404595620269,0.0,-0.0690693646169593,-3.316258351893096,-0.773088517402028,-0.2027387350996399,0.2960404595620269,0.0,Health Information Services,Healthcare,DH
2022Q4,2022,Q4,2023-02-27,2022-12-31,6735000.0,60599000.0,-7298000.0,0.0641,50804000.0,0.8383636694,2120993000.0,952136000.0,413745000.0,132503000.0,633772000.0,10387000.0,-23714000.0,1154857609.15,1283772609.15,9.060835342031222,3.1225330747228366,0.13005653484004898,0.2897159649461842,0.003846689640890177,9.060835342031222,0.007073569322029626,19.05737073466559,42.867765744246476,1.2129124506898175,0.8807720861172977,0.9430056801771445,0.005136563982434232,0.028571051389608547,2.9484011682754354,0.003175399447334338,-127.03306667583325,0.8383636693674813,2.038897893030794,1.3536324961477073,0.499511025892348,-0.3367167472622242,0.06601200218221495,2.0599622285174695,-6.617954070981211,1.3536324961477073,0.499511025892348,-0.3367167472622242,Health Information Services,Healthcare,DH
2022Q3,2022,Q3,2022-11-03,2022-09-30,-6354000.0,57382000.0,-958000.0,-0.0617,47658000.0,0.8305391935,2119773000.0,932750000.0,402210000.0,121552000.0,642251000.0,0.0,-34140000.0,1599136940.1,1648403940.1,9.064223730016254,3.308954192444386,0.13119093412360663,0.2981452693647816,-0.0007814742251493186,9.064223730016254,-0.006812114714553739,27.868267751211178,-62.91851353871577,1.7144325275797372,-0.25999370475291156,0.0,0.001033057243926023,0.027069879652208043,3.153506318283533,-0.002997490769058762,181.57567163619848,0.8305391934753058,0.3612836438923396,0.4575380363279049,0.6228095152239149,0.0,0.11428571428571428,0.3366739743188224,0.8123408423114593,0.4575380363279049,0.6228095152239149,0.0,Health Information Services,Healthcare,DH
2022Q2,2022,Q2,2022-08-04,2022-06-30,-9579000.0,54548000.0,-5105000.0,-0.0966,42770000.0,0.7840800763,2122855000.0,900485000.0,396212000.0,119188000.0,634155000.0,0.0,-31451000.0,2274740772.21,2326880772.21,9.077131470211237,3.324260831627345,0.13205894891549352,0.31132334242102866,-0.004183774226359109,9.077131470211237,-0.010637600848431678,41.70163474756178,-59.36790824224867,2.5261284443494336,-0.52500260987577,0.0,0.0022108013631435153,0.025695584484102776,3.1727355102862704,-0.004512319494265977,154.76532672540483,0.7840800762631077,0.2569230769230769,0.4380192129198113,0.20861206177560115,-0.3234643613869128,0.10243324054026189,0.26637052921804394,0.47780278232405893,0.4380192129198113,0.20861206177560115,-0.3234643613869128,Health Information Services,Healthcare,DH
2022Q1,2022,Q1,2022-05-05,2022-03-31,-13057000.0,50124000.0,-9776000.0,-0.13,38796000.0,0.7740004788,2141728000.0,874200000.0,392152000.0,122015000.0,644463000.0,0.0,-26301000.0,2394964986.95,2454520986.95,8.997638845419113,3.213965496045568,0.13510165623272424,0.33098947609242735,-0.008313538616439131,8.997638845419113,-0.014935941432166552,47.78080334670018,-45.855958239833036,2.7396076263440863,-0.019759515968446044,0.0,0.00010772600075818408,0.02340353210118185,3.092136212760726,-0.006096479104722915,186.53828078121347,0.7740004788125449,0.1875,-0.12142889019539148,0.22240994511201836,0.0,0.09546802202456586,0.1156190734218369,-0.3751582501055001,-0.12142889019539148,0.22240994511201836,0.0,Health Information Services,Healthcare,DH
2021Q4,2021,Q4,2022-03-15,2021-12-31,-14764000.0,46313000.0,-7109000.0,-0.16,35415000.0,0.7646881005,2115988000.0,873206000.0,444232000.0,117795000.0,612726000.0,0.0,-17677000.0,2529430390.5899997,2412615390.5899997,9.434819819031848,3.771229678679061,0.12792274814412935,0.3099875630721731,-0.00651251142089278,9.434819819031848,-0.016907808695771673,54.615990987195815,-42.831048337002166,2.8967166860855285,-0.06698726632348957,0.0,0.0003909971208060451,0.021887175163564254,3.6574897066938323,-0.006977355259103549,802.9937747904761,0.7646881005333276,0.11111111111111106,0.11983063149663316,0.3011721741152452,-0.30933984093795563,0.08638301788398417,0.06521463847030518,-0.765772478887233,0.11983063149663316,0.3011721741152452,-0.30933984093795563,Health Information Services,Healthcare,DH
2021Q3,2021,Q3,2021-11-08,2021-09-30,-15794000.0,43084000.0,-4026000.0,-0.18,32599000.0,0.7566381951536534,1869799000.0,692907000.0,226639000.0,103037000.0,586715000.0,0.0,-7978000.0,3780318552.39,3862829552.39,7.850451330678845,2.1995884973359083,0.14561083838423275,0.3929286325581932,-0.003142291772705668,7.850451330678845,-0.022793823702170708,87.74298004804568,-59.837890217645935,5.455737281323468,-0.24129416234012915,0.0,0.0010081161011128554,0.023042048904721845,2.1122315284800606,-0.008446897233338985,-2723.5724440850145,0.7566381951536534,-0.058823529411764594,-0.5720578835356829,0.42056856270494813,0.0,0.08837473290598291,-0.05020280603763548,0.39211837535859884,-0.5720578835356829,0.42056856270494813,0.0,Health Information Services,Healthcare,DH
2021Q2,2021,Q2,2021-06-30,2021-06-30,-15039000.0,39821000.0,-6623000.0,-0.17,29952000.0,0.7521659425931041,1729513000.0,1174373000.0,69465000.0,98606000.0,555140000.0,0.0,-138710000.0,3789096773.67,4211176773.67,13.417078054926352,0.7044703162079387,0.2662703315904535,0.39213946505922737,-0.0040510345949668815,13.417078054926352,-0.012805982426367091,95.15323004620677,-62.98784449880311,3.226484918905663,-0.22129130926258395,0.0,0.0008783095810922253,0.023024400510432707,0.6212198040687179,-0.00869551139540437,538.6830784290589,0.7521659425931041,-0.4166666666666668,0.0,0.0,0.0,0.08920324375431835,-0.43392448512585813,-2.0690454124189066,0.0,0.0,0.0,Health Information Services,Healthcare,DH
2021Q1,2021,Q1,2021-03-31,2021-03-31,-10488000.0,36936000.0,-2158000.0,-0.12,27499000.0,0.7445040069309076,,,,,,,,3788705475.36,,,0.0,0.0,0.0,0.0,,0.0,102.57487208576998,-90.31048520594965,0.0,0.0,0.0,0.0,0.0,0.0,0.0,391.1931311677852,0.7445040069309076,0.3333333333333333,0.0,0.0,0.0,0.08502998737373738,0.3387971252048922,0.6895857307249712,0.0,0.0,0.0,Health Information Services,Healthcare,DH
2020Q4,2020,Q4,2020-12-31,2020-12-31,-15862000.0,33658000.0,-6952000.0,-0.18,25344000.0,0.7529859171667954,1745359000.0,1195563000.0,63845000.0,88723000.0,549796000.0,0.0,-109855000.0,3788705475.36,4225808475.36,13.660582118772954,0.7195992020107526,0.26463151706898125,0.3863259401637555,-0.004194420310840815,13.660582118772954,-0.013267389506031886,112.56478327173332,-59.71355244231497,3.168971836164217,-0.05238935821460093,0.0,0.00021933613087753647,0.019284284780380426,0.6523900228802002,-0.009088101645564036,454.33570876124236,0.7529859171667954,-0.6363636363636362,0.0,0.0,0.0,0.11844660194174757,-0.5922505520979723,-6.395744680851064,0.0,0.0,0.0,Health Information Services,Healthcare,DH
2020Q3,2020,Q3,2020-09-30,2020-09-30,-9962000.0,30073000.0,-940000.0,-0.11,22660000.0,0.7534998171116949,,,,,,,,3788705475.36,,,0.0,0.0,0.0,0.0,,0.0,125.983622364247,-95.07893684400723,0.0,-0.2068861674362578,0.0,0.0005439852776637818,0.0,0.0,0.0,6023.3791341176475,0.7534998171116949,0.0,0.0,0.0,0.0,0.0,0.0,0.0,0.0,0.0,0.0,Health Information Services,Healthcare,DH
