Year,Date,FillingDate,NetIncome,Revenue,OperatingIncome,EPSDiluted,GrossProfit,GrossProfitRatio,TotalAssets,CommonStockEquity,CurrentAssets,CurrentLiability,TotalLiability,Inventory,RetainedEarnings,EnterpriseValue,bookValuePerShare,currentRatio,debtToAssets,debtToEquity,roic,shareholdersEquityPerShare,roe,priceToSalesRatio,peRatio,pbRatio,payoutRatio,inventoryTurnover,dividendYield,assetTurnover,quickRatio,returnOnAssets,priceToFreeCashFlowsRatio,grossProfitMargin,epsdilutedGrowth,fiveYNetIncomeGrowthPerShare,fiveYRevenueGrowthPerShare,fiveYShareholdersEquityGrowthPerShare,grossProfitGrowth,netIncomeGrowth,operatingIncomeGrowth,threeYNetIncomeGrowthPerShare,threeYRevenueGrowthPerShare,threeYShareholdersEquityGrowthPerShare,Industry,Sector,Price,MarketCap,AvgVolume,Symbol
2022,2022-12-31,2023-02-28,2922668000.0,38204839000.0,4054249000.0,14.28,6815627000.0,0.1783969565,18125483000.0,10017572000.0,6748319000.0,3245529000.0,8107911000.0,3214528000.0,4130252000.0,12465696740.0,49.45337322156729,2.0792662767764516,0.19969746461377058,0.3613263772898263,0.22372903747287987,49.45337322156729,0.29175412964339065,0.2751261362467723,3.596422768511511,1.0492711946567492,0.0875665658911652,9.764796573556055,0.024348240328655044,2.107797017050525,1.054305168741367,0.16124635133860984,3.2310662827928116,0.1783969564693101,3.212389380530973,2.156064121387805,1.331520211660733,0.6221701666421321,1.5928004005061107,4.234716759444337,14.468446916802112,2.106245039987256,0.7935161443691813,0.37557503963066424,Oil & Gas Refining & Marketing,Energy,45.98,8842276228,2404498,DINO
2021,2021-12-31,2021-12-31,558324000.0,18389142000.0,262098000.0,3.39,2628674000.0,0.1429470717,12916613000.0,6294465000.0,3762454000.0,2065464000.0,6622148000.0,2122128000.0,4413836000.0,8586657657.431,38.71872866290621,1.8216023130880035,0.2703564781262704,0.5547874203764737,0.021638807949930228,38.71872866290621,0.08870078712011267,0.2897912070846481,9.54465804341386,0.8466186812431239,0.10327874137597524,7.426728265213032,0.010820580570431343,1.4236814248441136,0.7619179031926967,0.04322526346496562,-13.102183177981791,0.1429470717013333,2.0660377358490565,4.1673940311712325,0.8906979725662768,0.4564907026126077,0.8441309165604411,2.084336928213106,2.39080923321836,-0.4525777729096673,0.1175093024568633,0.14489223573841595,Oil & Gas Refining & Marketing,Energy,45.98,8842276228,2404498,DINO
2020,2020-12-31,2020-12-31,-514899000.0,11183643000.0,-188450000.0,-3.18,1425427000.0,0.1274564111,11506864000.0,5722203000.0,3310761000.0,1375156000.0,5784661000.0,1173476000.0,3913179000.0,6345382550.0,35.325947784644065,2.4075530339830538,0.30646403746494266,0.6162731381602505,-0.013484595224017298,35.325947784644065,-0.08998265178638368,0.37440935391088576,-8.132197867931382,0.7317567290080412,-0.4457048858125574,8.315650256162035,0.05480743251097665,0.9719105917998162,1.5196108659672067,-0.04474711789415431,32.77160349375054,0.12745641111755804,-1.6898047722342735,-1.8105967541197074,-0.01567765060953847,0.26909856756864986,-0.5514766315381411,-1.6666325732662859,-1.1979177934870395,-1.6953212403963192,-0.14650453015913928,0.15876218084989924,Oil & Gas Refining & Marketing,Energy,45.98,8842276228,2404498,DINO
2019,2019-12-31,2019-12-31,772388000.0,17486578000.0,952163000.0,4.61,3178044000.0,0.1817419051,12164841000.0,5978193000.0,3306189000.0,1685928000.0,5655415000.0,1474202000.0,4744120000.0,10471726603.713001,35.95105450215591,1.9610499380756474,0.24040388197428966,0.489190462736817,0.07565716055575468,35.95105450215591,0.12920091405546794,0.48222205646599353,10.91732860131566,1.4105288343338866,0.2915244669777366,9.705952101543751,0.026702912188848522,1.4374686853695826,1.0500596704011085,0.06349347270547967,6.719868544806224,0.18174190513432645,-0.2552504038772213,2.2570275947787426,0.049460506841491024,0.28378491993038196,-0.006940384438115088,-0.2965244635505847,-0.41369020679276325,5.28381543342962,0.7577008290588286,0.35237851137591886,Oil & Gas Refining & Marketing,Energy,45.98,8842276228,2404498,DINO
2018,2018-12-31,2018-12-31,1097960000.0,17714666000.0,1623993000.0,6.19,3200255000.0,0.1806556782,10994601000.0,5918571000.0,3296379000.0,1168155000.0,4535542000.0,1354379000.0,4196902000.0,10203247904.991,33.81866646858162,2.821867817198916,0.21933856444631325,0.407453082847194,0.15054781068446157,33.81866646858162,0.1855109958130096,0.5050312495302479,8.148256680563044,1.5115912109512581,0.21270720244817662,10.71665390559068,0.026104627135221586,1.6112149954327584,1.592676485569124,0.09986356030564456,7.1952335877655145,0.18065567818213452,0.3694690265486728,0.7087575776916293,0.006256930710245826,0.1297221015608754,0.2892567543613692,0.36325653871702707,0.7966650919965085,0.5998467570263094,0.44309882787131044,0.2149488934877365,Oil & Gas Refining & Marketing,Energy,45.98,8842276228,2404498,DINO
2017,2017-12-31,2017-12-31,805395000.0,14251299000.0,903893000.0,4.52,2482248000.0,0.1741769645,10692154000.0,5370829000.0,3062828000.0,1422710000.0,4795214000.0,1630092000.0,3346615000.0,10905962023.826,30.485934360348292,2.152812590057004,0.23372212932960001,0.4652899952688868,0.11649197210070061,30.485934360348292,0.14995729709510394,0.6341685781644185,11.221482656120289,1.6827432085113863,0.2924130395644373,7.219869185297517,0.02605832477983227,1.3328744610300225,0.9811043712351779,0.07532579497077951,13.307780124638693,0.1741769644998677,5.185185185185184,-0.4566280637810525,-0.17342411918138353,0.03394590127424403,0.46127708272992507,5.217942339417109,0.6041830830937422,2.205614785460799,-0.1927051061001198,0.08862962001450116,Oil & Gas Refining & Marketing,Energy,45.98,8842276228,2404498,DINO
2016,2016-12-31,2016-12-31,-190945000.0,10535700000.0,563460000.0,-1.08,1698684000.0,0.1612312423,9435661000.0,4681394000.0,2851009000.0,1083229000.0,4133676000.0,1135676000.0,2776728000.0,7293626407.798,26.583574198897225,2.6319540928095537,0.2368818676296234,0.47745116091488987,0.0906844532068791,26.583574198897225,-0.040788064409874494,0.5475733371107758,-30.2132467872843,1.2323398559911856,-1.2255047264919217,7.78128268978124,0.040561834850787834,1.1165831413400715,1.5530391080741006,-0.020236526089693133,47.101741558266184,0.16123124234744726,-1.276923076923077,-1.167916445882263,-0.38587262222231017,-0.19040810058273802,-0.2996769421810608,-1.2579985704653824,-0.5471863691412324,-1.295325390378266,-0.4052453130818743,-0.11196819842443642,Oil & Gas Refining & Marketing,Energy,45.98,8842276228,2404498,DINO
2015,2015-12-31,2015-12-31,740101000.0,13237920000.0,1244353000.0,3.9,2425572000.0,0.1832290873,8388299000.0,5253415000.0,1448065000.0,860615000.0,2578526000.0,841869000.0,3271189000.0,8501986401.269001,27.83546423216112,1.682593261795344,0.12398699664854579,0.19797407971766937,0.13064084945086102,27.83546423216112,0.1408799799749306,0.568705612457924,10.172232440260181,1.4330639024841938,0.33361392566690223,12.843266588982372,0.03279652992852464,1.5781411702181813,0.6536372245429141,0.08823016442308507,24.807903889561114,0.18322908734906995,1.7464788732394367,3.014701999041132,-0.10300738768071119,3.2480853991851393,0.3664555403888156,1.6310773146765638,1.4137166510841186,-0.5339013550595679,-0.2832848200640026,-0.055946135266165264,Oil & Gas Refining & Marketing,Energy,45.98,8842276228,2404498,DINO
2014,2014-12-31,2014-12-31,281292000.0,19764327000.0,515534000.0,1.42,1775083000.0,0.0898124687,9230640000.0,5523584000.0,2782998000.0,1251403000.0,3129921000.0,1035131000.0,2778577000.0,7879572639.999999,28.00395451296117,2.2239022920673834,0.11428134993889914,0.1909792627395546,0.05442779904486842,28.00395451296117,0.05092563089472343,0.37404094963618034,26.281115851144005,1.3383824053368247,2.3008013025610397,17.378712452819983,0.08754579963776109,2.1411654013156185,1.313500926560029,0.030473726632172852,38.15078126693329,0.08981246869675856,-0.6098901098901099,2.956859385265513,1.090091590671379,3.561597503984325,-0.2798521798362359,-0.6177277187222256,-0.5862733673923057,-0.7791473847043188,0.028578201876641694,-0.1471509979917095,Oil & Gas Refining & Marketing,Energy,45.98,8842276228,2404498,DINO
2013,2013-12-31,2013-12-31,735842000.0,20160560000.0,1246074000.0,3.64,2464887000.0,0.122262824,10056739000.0,5999620000.0,3896444000.0,1674490000.0,3447341000.0,1354247000.0,3144480000.0,10016235909.581,29.935385367654764,2.3269437261494543,0.09918911090364381,0.16626369670079105,0.11735315602844312,29.935385367654764,0.1226481010463996,0.4939753612787045,13.533910689497203,1.6599084457984006,0.8777971357981741,13.06679874498522,0.06485909032038877,2.0046816368606164,1.4831029149173778,0.07316904614905488,22.427400499453885,0.12226282404853833,-0.5656324582338902,2.0577407578423257,0.7212707255419054,4.550157758344737,-0.3848874517027171,-0.5739613657470131,-0.5679573780245522,2.758817551094487,0.2864000713351909,3.568563054622404,Oil & Gas Refining & Marketing,Energy,45.98,8842276228,2404498,DINO
2012,2012-12-31,2012-12-31,1727172000.0,20090724000.0,2884146000.0,8.38,4007213000.0,0.1994558782,10328997000.0,6052954000.0,4470265000.0,1654444000.0,3686339000.0,1319632000.0,3054769000.0,9134741744.711,29.485038165707856,2.7019741979782936,0.12936764334426662,0.22075799683922925,0.24519984063733685,29.485038165707856,0.28534365204163126,0.47565248244468444,5.532861084310653,1.5787667880362217,0.38101879835939906,12.187875862361627,0.06886469632137361,1.9450798562532257,1.8722132631869075,0.16721584874117013,7.199058284851713,0.19945587824510455,0.3052959501557634,1.7623550696725263,1.2405722088201283,4.447388533617407,0.9922813765151993,0.6876852287040123,0.6656459999953799,22.343434034630505,1.0413374114679106,3.802852984185677,Oil & Gas Refining & Marketing,Energy,45.98,8842276228,2404498,DINO
2011,2011-12-31,2011-12-31,1023397000.0,15439528000.0,1731548000.0,6.42,2011369000.0,0.1302739954,10314621000.0,5204010000.0,4659124000.0,2629061000.0,4478721000.0,1114619000.0,1964656000.0,3344410400.0,32.835770982925936,1.7721627607727626,0.11776894177692035,0.2334242247805058,0.17413097709287975,32.835770982925936,0.196655463767364,0.24019985585051565,3.623786663435597,0.712637446891916,0.2463687112625892,12.047308542201415,0.06798653843187746,1.4968584885474707,1.2647310199344937,0.09921809051442608,3.8464682881294405,0.130273995422658,5.618556701030928,1.7603899141335142,1.7592535453801974,7.027783612418044,3.4561819011622497,8.843763225731983,5.5838827671693325,4.377844190547547,0.6669731207482434,5.087902555249281,Oil & Gas Refining & Marketing,Energy,45.98,8842276228,2404498,DINO
2010,2010-12-31,2010-12-31,103964000.0,8322929000.0,262998000.0,0.97,451366000.0,0.0542316293,3701475000.0,697419000.0,1703435000.0,1389855000.0,2413336000.0,400367000.0,1206328000.0,2751157860.0,6.55247284753279,1.2256206582701072,0.2189832431665755,1.162229592253724,0.12062948279172829,6.55247284753279,0.14906964106225956,0.2606892189035855,20.869703551229275,3.1110392174575114,0.7729694894386518,19.660868653010862,0.03703787586350847,2.2485438912865816,0.9170697662705822,0.028087181461444424,30.98550276337775,0.054231629273780904,1.6944444444444444,-0.2807458834162904,2.0048554869994093,1.1437390860631298,-0.243004729480428,1.8606334094598684,2.2747444310243927,-0.6792962578228199,0.7902623630890091,0.21057552158785223,Oil & Gas Refining & Marketing,Energy,45.98,8842276228,2404498,DINO
2009,2009-12-31,2009-12-31,36343000.0,4834268000.0,80311000.0,0.36,596260000.0,0.1233402865,3145939000.0,619039000.0,1283011000.0,1025112000.0,1938158000.0,303513000.0,1134341000.0,1875075340.0,6.139067396564719,1.2515812906297068,0.22487975768125193,1.1428326809780966,0.05023260259126073,6.139067396564719,0.05870874048323288,0.26730279330810786,35.55604490548386,2.0874506129662267,0.8288528740059984,13.96318444349995,0.023311166250613077,1.5366693378352219,0.9036534544518062,0.011552353685179529,-14.199210381733073,0.12334028647149889,-0.6974789915966386,-0.46048536825162534,1.679689964832334,1.2676817281700952,0.8689954141812448,-0.698543439672191,-0.5991104766088293,-0.8459284820576712,0.35788692844664055,0.500896831912324,Oil & Gas Refining & Marketing,Energy,45.98,8842276228,2404498,DINO
2008,2008-12-31,2008-12-31,120558000.0,5867668000.0,200332000.0,1.19,319027000.0,0.0543703222,1874225000.0,541540000.0,530623000.0,462158000.0,937893000.0,125735000.0,1145388000.0,1245291460.0,5.393609816341979,1.1481419774189778,0.19790259974122637,0.6849244746463788,0.14277860467021444,5.393609816341979,0.22262067437308417,0.15597038891770973,7.59122132085801,1.689962809764745,0.424376648584084,44.12964568338172,0.05590360636937906,3.1307169630113783,0.835456705282609,0.06432418733076338,-3.4854931846486066,0.05437032224727098,-0.6020066889632107,2.2340657923475704,4.165865345027039,1.4906959990881132,-0.4485853695634514,-0.6391861801465307,-0.5704090647864611,-0.11583577182666513,1.2456934028265811,0.7645997850444688,Oil & Gas Refining & Marketing,Energy,45.98,8842276228,2404498,DINO
TTM,,,,,,,,,,,,,,,,11060096228.0,47.43362582823812,2.1036204499806592,0.19897525314883788,0.38646094967297384,0.24334382766109142,47.43362582823812,0.32006432594881906,0.23080115144303248,2.8840425101734297,0.9693545285046973,0.11037208436565296,9.010843705718562,0.036972596781209226,2.12769154606618,0.9704442393097038,0.1730511282678537,2.920124194860848,0.18883350420141812,,,,,,,,,,,Oil & Gas Refining & Marketing,Energy,45.98,8842276228,2404498,DINO
