Quarters,Year,Quarter,FillingDate,Date,NetIncome,Revenue,OperatingIncome,EPSDiluted,GrossProfit,GrossProfitRatio,TotalAssets,CommonStockEquity,CurrentAssets,CurrentLiability,TotalLiability,Inventory,RetainedEarnings,MarketCap,EnterpriseValue,bookValuePerShare,currentRatio,debtToAssets,debtToEquity,roic,shareholdersEquityPerShare,roe,priceToSalesRatio,peRatio,pbRatio,payoutRatio,inventoryTurnover,dividendYield,assetTurnover,quickRatio,returnOnAssets,priceToFreeCashFlowsRatio,grossProfitMargin,epsdilutedGrowth,fiveYNetIncomeGrowthPerShare,fiveYRevenueGrowthPerShare,fiveYShareholdersEquityGrowthPerShare,grossProfitGrowth,netIncomeGrowth,operatingIncomeGrowth,threeYNetIncomeGrowthPerShare,threeYRevenueGrowthPerShare,threeYShareholdersEquityGrowthPerShare,Industry,Sector,Symbol
2023Q1,2023,Q1,2023-05-10,2023-03-31,-103884000.0,0.0,-110856000.0,-0.49,0.0,0.0,824767000.0,666881000.0,637781000.0,87274000.0,157886000.0,0.0,-1675708000.0,1305670340.0,844412340.0,3.1207287055322097,7.30780071957284,0.09969603536513949,0.12329935925599919,-0.12901787785011884,3.1207287055322097,-0.1557759180423494,0.0,-3.1421353143891264,1.9578760528490091,0.0,0.0,0.0,0.0,7.176157847698055,-0.12595557290725745,-12.378486144161396,0.0,0.20967741935483872,-0.5464995238229631,0.0,-0.10023494038227672,0.0,-0.01962015998429602,-0.03568892708995104,0.11589832474245831,0.0,0.6233591744041656,Biotechnology,Healthcare,IOVA
2022Q4,2022,Q4,2023-02-28,2022-12-31,-101885000.0,0.0,-107036000.0,-0.62,0.0,0.0,663982000.0,499638000.0,471845000.0,91485000.0,164344000.0,0.0,-1568338000.0,1052848350.0,905563350.0,3.032428003520165,5.157621468000219,0.14613799771680558,0.19420660558244168,-0.15202383145407836,3.032428003520165,-0.20391763636873095,0.0,-2.583423344947735,2.1072223289661713,0.0,0.0,0.0,0.0,5.157621468000219,-0.15344542472536907,-13.04757971571264,0.0,0.015873015873015886,-0.7410575506632794,0.0,0.5173291638650194,0.0,-0.030796936493965053,-0.06614871258528811,-0.22833616305947166,0.0,0.280772320019339,Biotechnology,Healthcare,IOVA
2022Q3,2022,Q3,2022-11-03,2022-09-30,-98841000.0,0.0,-100395000.0,-0.63,0.0,0.0,545924000.0,393736000.0,369884000.0,79245000.0,152188000.0,0.0,-1463019000.0,1511886860.0,1473634860.0,2.494889650671347,4.667600479525522,0.14674936438038994,0.20347136152142553,-0.1801418167531988,2.494889650671347,-0.2510336875469858,0.0,-3.824037747493449,3.8398491882885994,0.0,0.0,0.0,0.0,4.545056470439776,-0.18105267399857855,-23.246922627467864,0.0,0.0,-0.7908220252300842,0.0,-0.04493836862496139,0.0,0.001242876197405117,-0.006627629494455251,-0.5697716132931919,0.0,-0.1284542804487639,Biotechnology,Healthcare,IOVA
2022Q2,2022,Q2,2022-08-04,2022-06-30,-98964000.0,0.0,-99734000.0,-0.63,0.0,0.0,610878000.0,472690000.0,431593000.0,64192000.0,138188000.0,0.0,-1363401000.0,1736304959.9999998,1708708959.9999998,3.0055190304818344,6.723470214356929,0.1317431631193135,0.17025746260762867,-0.15703441414075914,3.0055190304818344,-0.20936343057818022,0.0,-4.386203467927731,3.6732424210370427,0.0,0.0,0.0,0.0,6.612319292123629,-0.1620028876469606,-21.120105095425185,0.0,-0.08620689655172423,-0.6811739471397069,0.0,0.45344789152939124,0.0,-0.0815619501426214,-0.0874576123341293,-0.6351709252338215,0.0,-0.0655198503365469,Biotechnology,Healthcare,IOVA
2022Q1,2022,Q1,2022-05-05,2022-03-31,-91501000.0,0.0,-91713000.0,-0.58,0.0,0.0,701251000.0,551992000.0,489968000.0,77075000.0,149259000.0,0.0,-1264052000.0,2615931450.0,2603465450.0,3.5133438989771695,6.357028867985728,0.11393067532167513,0.14473760489282453,-0.12888218203328414,3.5133438989771695,-0.16576508355193553,0.0,-7.14727557622321,4.739074932245394,0.0,0.0,0.0,0.0,6.256101200129744,-0.13048252337608074,-30.688292743014006,0.0,0.07936507936507943,-0.7537578637893064,0.0,0.459990513401465,0.0,0.07881808114366254,0.07668378133494412,-0.9452132712940886,0.0,-0.003064071412847559,Biotechnology,Healthcare,IOVA
2021Q4,2021,Q4,2022-02-24,2021-12-31,-99330000.0,0.0,-99330000.0,-0.63,0.0,0.0,777333000.0,621659000.0,78229000.0,0.0,155674000.0,0.0,0.0,2995660070.0,3058493070.0,3.96155439291882,0.0,0.0,0.0,-0.15978213136140554,3.96155439291882,-0.15978213136140554,0.0,-7.539665936776402,4.818815572524486,0.0,0.0,0.0,0.0,0.0,-0.12778307366341066,-48.77574726867154,0.0,-0.14545454545454536,-1.5068457165772893,0.0,0.47456460317069643,0.0,-0.15336383270244536,-0.15175900373367965,-1.3140165986349859,0.0,0.011945063269370592,Biotechnology,Healthcare,IOVA
2021Q3,2021,Q3,2021-11-04,2021-09-30,-86122000.0,0.0,-86242000.0,-0.55,0.0,0.0,828825000.0,698330000.0,583026000.0,64766000.0,130495000.0,0.0,-1073115000.0,3834827280.0,3848582280.0,4.490637137639221,9.00203810641386,0.08728621844176998,0.10359715320836854,-0.10242274530296193,4.490637137639221,-0.12332564833245027,0.0,-11.131961868047654,5.4914256583563645,0.0,0.0,0.0,0.0,8.900487910323317,-0.10390854522969263,-56.915124818189916,0.0,-0.03773584905660381,-0.7452507763247171,0.0,0.4819044895482484,0.0,-0.0586470971469312,-0.05914572740893572,-0.5564488142800066,0.0,0.679872155867659,Biotechnology,Healthcare,IOVA
2021Q2,2021,Q2,2021-08-05,2021-06-30,-81351000.0,0.0,-81426000.0,-0.53,0.0,0.0,852790000.0,744413000.0,666640000.0,60534000.0,108377000.0,0.0,-986993000.0,4000601020.0,3970109020.0,4.841679078510058,11.01265404566029,0.06129410523106509,0.07021774203298438,-0.09602632215152927,4.841679078510058,-0.10928207863108248,0.0,-12.294258890486901,5.374168667124298,0.0,0.0,0.0,0.0,10.842964284534311,-0.0953939422366585,-62.87880391047403,0.0,-0.03921568627450984,-1.3374279043909425,0.0,0.30901639624430505,0.0,-0.07822502617662262,-0.07749106788408099,-0.5572295337464659,0.0,0.6147221349394558,Biotechnology,Healthcare,IOVA
2021Q1,2021,Q1,2021-05-06,2021-03-31,-75449000.0,0.0,-75570000.0,-0.51,0.0,0.0,750573000.0,647431000.0,605218000.0,55059000.0,103142000.0,0.0,-905642000.0,4665734200.0,4587779200.0,4.393234715342335,10.992172033636644,0.07194370167858423,0.0834050269449563,-0.10016847178462121,4.393234715342335,-0.1165359706285303,0.0,-15.459894100650772,7.2065350593345086,0.0,0.0,0.0,0.0,10.787155596723515,-0.10052186795954557,-63.83022600415892,0.0,-0.0923128207377517,-2.610528000555705,0.0,1.1557006581198563,0.0,-0.10310393730719183,-0.102664370969154,-0.6286878628032587,0.0,0.26665258936390723,Biotechnology,Healthcare,IOVA
2020Q4,2020,Q4,2021-02-25,2020-12-31,-68397000.0,0.0,-68534000.0,-0.4668992163394588,0.0,0.0,768458000.0,656498000.0,636100000.0,54871000.0,111960000.0,0.0,-830193000.0,6797228800.0,6781558800.0,4.48145973841575,11.592644566346522,0.06722423346493887,0.07868873934117088,-0.09019815323709951,4.48145973841575,-0.1041846281329113,0.0,-24.84476219717239,10.35376924225207,0.0,0.0,0.0,0.0,11.471214302637094,-0.08900551494030903,-79.0127378613691,0.0,-0.16724804084864694,-1.4752291032153955,0.0,0.9132463684285539,0.0,-0.16776220313807175,-0.16226299901638233,-0.3145919994667969,0.0,1.24237790638115,Biotechnology,Healthcare,IOVA
2020Q3,2020,Q3,2020-11-05,2020-09-30,-58571000.0,0.0,-58966000.0,-0.4,0.0,0.0,782294000.0,711841000.0,723590000.0,64390000.0,70453000.0,0.0,-761796000.0,4822516640.0,4765113640.0,4.8592482865958555,11.237614536418699,0.00919858774322697,0.010108999060183383,-0.08078153940576263,4.8592482865958555,-0.08228101500194566,0.0,-20.584063102900753,6.774710419883092,0.0,0.0,0.0,0.0,11.090976859760833,-0.07487082861430613,-82.63535427269144,0.0,0.14893617021276587,-1.4754828791399925,0.0,1.1002697957365126,0.0,0.0705671395474309,0.07325506467380201,-0.14324105115827754,0.0,0.8601550551960441,Biotechnology,Healthcare,IOVA
2020Q2,2020,Q2,2020-08-06,2020-06-30,-63018000.0,0.0,-63627000.0,-0.47,0.0,0.0,817567000.0,758309000.0,782654000.0,54905000.0,59258000.0,0.0,-703225000.0,3655296900.0,3502556900.0,5.694635106111353,14.254694472270286,0.007183509119130298,0.007744863901127377,-0.08241241567969163,5.694635106111353,-0.08310332595287673,0.0,-14.501003284775777,4.820326410473831,0.0,0.0,0.0,0.0,14.058446407431017,-0.07707992127862304,-87.84659697188177,0.0,0.14545454545454556,-2.350587046022835,0.0,1.2744645878244925,0.0,0.09450391551117178,0.1014404745092501,-0.2643771820087355,0.0,1.7538855365956145,Biotechnology,Healthcare,IOVA
2020Q1,2020,Q1,2020-05-05,2020-03-31,-69595000.0,0.0,-70810000.0,-0.55,0.0,0.0,288298000.0,243313000.0,256381000.0,39545000.0,44985000.0,0.0,-640207000.0,3788813080.0,3745792080.0,1.922389545540737,6.483272221519788,0.02230677979035581,0.026430975739068607,-0.2731203449778796,1.922389545540737,-0.28603075051476906,0.0,-13.61022013075652,15.571765914686022,0.0,0.0,0.0,0.0,6.211961057023644,-0.24139952410353177,-57.46808051085258,0.0,-0.10000000000000009,-2.910504621943532,0.0,-0.3511144174547883,0.0,-0.09481185502139441,-0.0875441560436185,-0.6558082189400609,0.0,-0.2011398313815143,Biotechnology,Healthcare,IOVA
2019Q4,2019,Q4,2020-02-25,2019-12-31,-63568000.0,0.0,-65110000.0,-0.5,0.0,0.0,344655000.0,298971000.0,316493000.0,39084000.0,45684000.0,0.0,-570612000.0,3495236640.0,3492767640.0,2.367655793400014,8.09776379080954,0.021041331186258724,0.02425653324235461,-0.20492693320911612,2.367655793400014,-0.212622628950634,0.0,-13.746053989428644,11.690888547718675,0.0,0.0,0.0,0.0,7.856949135195988,-0.18443951197574385,-61.05430128563443,0.0,-0.24999999999999994,-2.89751331139388,0.0,0.9892948891338078,0.0,-0.2845393739770041,-0.2615527697583848,-0.9937092420297049,0.0,-0.11871425224395878,Biotechnology,Healthcare,IOVA
2019Q3,2019,Q3,2019-11-04,2019-09-30,-49487000.0,0.0,-51611000.0,-0.4,0.0,0.0,395746000.0,355063000.0,367307000.0,34613000.0,40683000.0,0.0,-507044000.0,2257437000.0,2232935000.0,2.862603297456363,10.611822147747956,0.021149929500235,0.023573281361335876,-0.13660208564925097,2.862603297456363,-0.13937526579790066,0.0,-11.404192010022834,6.35784917042891,0.0,0.0,0.0,0.0,10.454858001328981,-0.12504737887432849,-51.99550856826976,0.0,-0.05263157894736847,-2.7972539298732335,0.0,3.718317114516124,0.0,-0.040714180564025995,-0.028824877902920362,-0.2573128228353424,0.0,-0.05534458735485211,Biotechnology,Healthcare,IOVA
2019Q2,2019,Q2,2019-08-01,2019-06-30,-47551000.0,0.0,-50165000.0,-0.38,0.0,0.0,435924000.0,397422000.0,410938000.0,33836000.0,38502000.0,0.0,-457557000.0,3042219540.0,2977404540.0,3.216247056252883,12.144993498049415,0.01716813022453455,0.01883136816784174,-0.12029889473217219,3.216247056252883,-0.11964863545551077,0.0,-15.994508737986582,7.654884581125353,0.0,0.0,0.0,0.0,11.944467431138433,-0.10908094071443646,-86.3579976155331,0.0,-0.2666666666666667,-3.4018706216672254,0.0,3.467095403899898,0.0,-0.28690121786197564,-0.2545640974341019,-0.7000059030222427,0.0,-0.13044213324789503,Biotechnology,Healthcare,IOVA
2019Q1,2019,Q1,2019-05-07,2019-03-31,-36950000.0,0.0,-39986000.0,-0.3,0.0,0.0,461502000.0,434932000.0,444753000.0,22137000.0,26570000.0,0.0,-410006000.0,1206998700.0,1163344700.0,3.5241421221083336,20.09093373085784,0.013128870514103948,0.013930913338177002,-0.08857630197372793,3.5241421221083336,-0.08495580918396439,0.0,-8.166432341001352,2.7751434707034663,0.0,0.0,0.0,0.0,19.877038442426706,-0.0800646584413502,-40.34895701009561,0.0,-0.111111111111111,-1.7558642074633637,0.0,3.3612807173793326,0.0,-0.1343054489639294,-0.14432075093724064,-1.1114111375000846,0.0,0.7292487163060348,Biotechnology,Healthcare,IOVA
2018Q4,2018,Q4,2019-02-28,2018-12-31,-32575000.0,0.0,-34943000.0,-0.27,0.0,0.0,480821000.0,466193000.0,475374000.0,14398000.0,14628000.0,0.0,-372760000.0,1053902250.0,971750250.0,3.9147919553260278,33.01666898180303,0.0,0.0,-0.07495393538727523,3.9147919553260278,-0.06987449404002205,0.0,-8.08827513430545,2.2606565306643382,0.0,0.0,0.0,0.0,32.54083900541742,-0.06774870481946504,-33.095787275467906,0.0,0.24999999999999992,0.5051341656799664,0.0,3.6252015738624115,0.0,0.03709725096068578,0.0033371363377067884,-0.45017235269753564,0.0,0.6713218301339982,Biotechnology,Healthcare,IOVA
2018Q3,2018,Q3,2018-11-06,2018-09-30,-33830000.0,0.0,-35060000.0,-0.36,0.0,0.0,270834000.0,254160000.0,265863000.0,16674000.0,16674000.0,0.0,-340185000.0,1057256239.9999999,976518239.9999999,2.673201720710582,15.94476430370637,0.0,0.0,-0.13794460182562165,2.673201720710582,-0.13310513062637708,0.0,-7.813007981081879,4.159805791627321,0.0,0.0,0.0,0.0,15.593139018831714,-0.12491046175886336,-37.239133528230774,0.0,-0.058823529411764594,0.46482037956372496,0.0,12.325177096316892,0.0,-0.10339204174820613,-0.11734336159092358,-1.2030163704283008,0.0,0.15541427413920134,Biotechnology,Healthcare,IOVA
2018Q2,2018,Q2,2018-08-07,2018-06-30,-30660000.0,0.0,-31378000.0,-0.34,0.0,0.0,284751000.0,270569000.0,279781000.0,14182000.0,14182000.0,0.0,-306355000.0,1155020800.0,909003800.0,2.9984595948401966,19.727894514172895,0.0,0.0,-0.11597041789709833,2.9984595948401966,-0.11331675099512509,0.0,-9.417977821265493,4.268858590599811,0.0,0.0,0.0,0.0,19.46826963756875,-0.10767301958553262,-47.451657696890024,0.0,-0.09677419354838718,0.3816000134594159,0.0,7.752866259382771,0.0,-0.15632660758061476,-0.1674666071362131,-1.405630456482709,0.0,0.19759915067563344,Biotechnology,Healthcare,IOVA
2018Q1,2018,Q1,2018-05-10,2018-03-31,-26515000.0,0.0,-26877000.0,-0.31,0.0,0.0,307248000.0,292558000.0,302726000.0,14690000.0,14690000.0,0.0,-275695000.0,1425514999.9999998,1128432999.9999998,3.4683817427385892,20.607624234172906,0.0,0.0,-0.0918689627355943,3.4683817427385892,-0.09063160125513574,0.0,-13.440646803696021,4.872589366894769,0.0,0.0,0.0,0.0,20.22341729067393,-0.08629836483882726,-79.76694085389737,0.0,0.13888888888888887,0.7540559652053911,0.0,1.231290813832143,0.0,-0.025566643459426008,-0.030915576694411414,-1.2355543174149803,0.0,0.1707215703740491,Biotechnology,Healthcare,IOVA
2017Q4,2017,Q4,2018-03-12,2017-12-31,-25854000.0,0.0,-26071000.0,-0.36,0.0,0.0,155373000.0,145481000.0,149290000.0,9892000.0,9892000.0,0.0,-249180000.0,582352000.0,436979000.0,1.998530098634503,15.091993530125354,0.0,0.0,-0.17920553199386863,1.998530098634503,-0.1777139282792942,0.0,-5.631159588458266,4.0029419649301285,0.0,0.0,0.0,0.0,14.696016983420947,-0.16639956749242146,-27.855735195637617,0.0,-0.0285714285714286,-1.0838985435290625,0.0,1.1445657410239238,0.0,-0.16727617499661385,-0.16685315311283175,-1.7497405496831098,0.0,0.6791569627967519,Biotechnology,Healthcare,IOVA
2017Q3,2017,Q3,2017-11-02,2017-09-30,-22149000.0,0.0,-22343000.0,-0.35,0.0,0.0,173970000.0,165441000.0,171375000.0,8529000.0,8529000.0,0.0,-223326000.0,490823000.0,327443000.0,2.6122813111854986,20.09321139641224,0.0,0.0,-0.13505116627679958,2.6122813111854986,-0.13387854280377898,0.0,-5.540013093141903,2.966755520094777,0.0,0.0,0.0,0.0,19.155821315511783,-0.1273150543197103,-22.609194343359896,0.0,0.054054054054054106,0.5936867584638013,0.0,1.123343542458081,0.0,0.05253026479017838,0.052499893982443493,-2.3285392649865213,0.0,3.30572116976507,Biotechnology,Healthcare,IOVA
2017Q2,2017,Q2,2017-08-03,2017-06-30,-23377000.0,0.0,-23581000.0,-0.37,0.0,0.0,138012000.0,129152000.0,135434000.0,8860000.0,8860000.0,0.0,-201177000.0,459058950.0,344773950.0,2.0678546840226075,15.286004514672687,0.0,0.0,-0.18258331268582756,2.0678546840226075,-0.18100377849355798,0.0,-4.909301343200582,3.5544083715312187,0.0,0.0,0.0,0.0,14.5617381489842,-0.16938382169666405,-26.20049940071914,0.0,-0.12121212121212115,0.10462324161569207,0.0,1.0974214828008813,0.0,-0.1301972539160704,-0.12925007183219997,-3.281419462535264,0.0,1.8720754324427642,Biotechnology,Healthcare,IOVA
2017Q1,2017,Q1,2017-05-03,2017-03-31,-20684000.0,0.0,-20882000.0,-0.33,0.0,0.0,155389000.0,149886000.0,152593000.0,5503000.0,5503000.0,0.0,-177800000.0,464030700.0,356931700.0,2.406415566901069,27.72905687806651,0.0,0.0,-0.13931921593744578,2.406415566901069,-0.1379982119744339,0.0,-5.6085706343067105,3.0958908770665707,0.0,0.0,0.0,0.0,26.74850081773578,-0.13311109537998186,-23.673827865925208,0.0,-0.32000000000000006,0.955050880501412,0.0,1.1089490189963873,0.0,-0.31845996940336563,-0.31151865343549806,-2.056718228284524,0.0,1.9780449954295192,Biotechnology,Healthcare,IOVA
2016Q4,2016,Q4,2017-03-09,2016-12-31,-15688000.0,0.0,-15922000.0,-0.25,0.0,0.0,171886000.0,166918000.0,169512000.0,4968000.0,4968000.0,0.0,-157116000.0,431803500.0,325086500.0,2.6865926283598904,34.1207729468599,0.0,0.0,-0.09538815466276855,2.6865926283598904,-0.09398626870679017,0.0,-6.88111135900051,2.586919924753472,0.0,0.0,0.0,0.0,33.50845410628019,-0.09126979509675018,-33.47573455306613,0.0,0.21216281053417213,0.9763760900200447,0.0,1.1642458026607363,0.0,0.16366350357180937,0.16107276463459613,0.5431997481371116,0.0,2.1741233237469615,Biotechnology,Healthcare,IOVA
2016Q3,2016,Q3,2016-11-04,2016-09-30,-18758000.0,0.0,-18979000.0,-0.3173244463992692,0.0,0.0,182325000.0,179131000.0,180556000.0,3194000.0,3194000.0,0.0,-141428000.0,486499990.0,393604990.0,3.0303148207670056,56.52974326862868,0.0,0.0,-0.10595039384584466,3.0303148207670056,-0.1047166598746169,0.0,-6.483900069303764,2.7158894328731487,0.0,0.0,0.0,0.0,56.13087038196619,-0.1028822158233923,-37.614039740219575,0.0,-0.37967150608377914,0.9572975175108688,0.0,1.4169453546053379,0.0,-0.6222433624491914,-0.6184019783405815,0.522716335695311,0.0,13.838107852802665,Biotechnology,Healthcare,IOVA
2016Q2,2016,Q2,2016-08-09,2016-06-30,-11563000.0,0.0,-11727000.0,-0.23,0.0,0.0,193542000.0,188936000.0,192350000.0,4606000.0,4606000.0,0.0,-122669000.0,413760303.9,312538303.9,3.6987153808014206,41.76074685193226,0.0,0.0,-0.06206863699877207,3.6987153808014206,-0.061200618198755136,0.0,-8.945781888350774,2.1899495273531775,0.0,0.0,0.0,0.0,41.590968302214506,-0.059744138223228035,-108.82701312467123,0.0,-0.6428571428571428,0.9847006351657582,0.0,2.951496553359003,0.0,-0.6796920395119117,-0.6728958630527817,0.588012652325917,0.0,9.3299205835739,Biotechnology,Healthcare,IOVA
2016Q1,2016,Q1,2016-05-09,2016-03-31,-6884000.0,0.0,-7010000.0,-0.14,0.0,0.0,100768000.0,98938000.0,99359000.0,1830000.0,1830000.0,0.0,-111106000.0,246621472.72,237678472.72,2.037961392642518,54.29453551912568,0.0,0.0,-0.07085245305140593,2.037961392642518,-0.06957892821767167,0.0,-8.956328904706567,2.4926870638177445,0.0,0.0,0.0,0.0,54.18907103825136,-0.068315338202604,-54.154912762406674,0.0,0.3,0.8192229955673118,0.0,8.215667796927255,0.0,0.17822609526083324,0.17080671871303524,0.8890560980728609,0.0,1.1359024997895977,Biotechnology,Healthcare,IOVA
2015Q4,2015,Q4,2016-03-11,2015-12-31,-8377000.0,0.0,-8454000.0,-0.2,0.0,0.0,105653000.0,104023000.0,103977000.0,1630000.0,1630000.0,0.0,-104222000.0,342845200.0,329203200.0,2.3423328079261427,63.78957055214724,0.0,0.0,-0.08127048825740461,2.3423328079261427,-0.08053026734472184,0.0,-10.231741673630179,3.2958595695182797,0.0,0.0,0.0,0.0,63.61963190184049,-0.07928785742004486,-50.94282317979198,0.0,-0.25000000000000006,0.8170948376217331,0.0,1.6408670402064713,0.0,-0.09718402095612312,-0.10611016616511841,-1.0445584426697916,0.0,1.1694350654682932,Biotechnology,Healthcare,IOVA
2015Q3,2015,Q3,2015-11-06,2015-09-30,-7635000.0,0.0,-7643000.0,-0.16,0.0,0.0,112224000.0,109369000.0,110391000.0,2855000.0,2855000.0,0.0,-95845000.0,272284375.68,262074375.68,2.3136305137844624,38.66584938704028,0.0,0.0,-0.06988269070760453,2.3136305137844624,-0.06980954383783339,0.0,-8.915663905697446,2.489593721072699,0.0,0.0,0.0,0.0,38.580035026269705,-0.06803357570573139,-69.526136913322,0.0,-0.14285714285714277,0.8370692775987387,0.0,2.718330143400054,0.0,-0.19905959805197967,-0.18675977935553495,0.8123541951076843,0.0,1.109242209974614,Biotechnology,Healthcare,IOVA
2015Q2,2015,Q2,2015-08-10,2015-06-30,-6367490.0,0.0,-6440225.0,-0.14,0.0,0.0,114739592.0,112873396.0,112714536.0,1866196.0,1866196.0,0.0,-88227444.0,413403553.92,400847263.92,2.503725552200497,60.398016071195094,0.0,0.0,-0.057057067725684446,2.503725552200497,-0.05641267318651421,0.0,-16.231024859088905,3.6625420034318803,0.0,0.0,0.0,0.0,60.19524583698604,-0.05549514242651307,-89.1547738412567,0.0,0.0,-0.1993098626021014,0.0,3.304745956021929,0.0,-0.20185335799393703,-0.2155819706802057,0.6621207188316838,0.0,1.117956381416191,Biotechnology,Healthcare,IOVA
2015Q1,2015,Q1,2015-05-11,2015-03-31,-5298059.0,0.0,-5298059.0,-0.14,0.0,0.0,113537586.0,111626869.0,111409326.0,1910717.0,1910717.0,0.0,-81859953.0,456288596.82,345008153.82,2.9626017240208795,58.307601806023605,0.0,0.0,-0.04746221987109573,2.9626017240208795,-0.04746221987109573,0.0,-21.5309322159304,4.087623355448588,0.0,0.0,0.0,0.0,58.24014911679752,-0.04666348111364636,-107.59513713947771,0.0,-0.08389595034843834,-1.3513517977503025,0.0,5.689354207142715,0.0,-0.08863144852328521,-0.08830272473211269,0.9809673868988062,0.0,1.1341300130985856,Biotechnology,Healthcare,IOVA
2014Q4,2014,Q4,2015-03-16,2014-12-31,-4866715.0,0.0,-4868185.0,-0.12916368951742502,0.0,0.0,46506847.0,44845087.0,44975281.0,1661760.0,1661760.0,0.0,-76561894.0,296531069.94,251621922.94,1.1901985001484394,27.064847511072596,0.0,0.0,-0.1085555927230111,1.1901985001484394,-0.10852281321251535,0.0,-15.232609159361088,6.612342394162376,0.0,0.0,0.0,0.0,27.0250499470441,-0.10464512892047917,-62.546814483860395,0.0,-0.17421535924931833,-61.3381971131676,0.0,100.8684901926897,0.0,-0.7391622086187735,-0.7370865298840321,0.9879155749071528,0.0,1.0727632116305719,Biotechnology,Healthcare,IOVA
2014Q3,2014,Q3,2014-11-13,2014-09-30,-2798310.0,0.0,-2802500.0,-0.11,0.0,0.0,17416876.0,16158187.0,17230812.0,1258689.0,1258689.0,0.0,-71695179.0,190425292.20000002,173235621.20000002,0.6067000644465862,13.689491208710015,0.0,0.0,-0.17344148820656674,0.6067000644465862,-0.17318217693606344,0.0,-17.01252650707034,11.785065502707699,0.0,0.0,0.0,0.0,13.656805612824137,-0.16066658567242484,-100.80559237917774,0.0,-0.22222222222222227,-35.77134532438285,0.0,67.1201254836161,0.0,-0.3261070558803584,-0.32809267883283283,0.9858607352070661,0.0,1.0834767304625252,Biotechnology,Healthcare,IOVA
2014Q2,2014,Q2,2014-08-08,2014-06-30,-2110169.0,0.0,-2110169.0,-0.09,0.0,0.0,18535342.0,17378870.0,18519571.0,1156472.0,1156472.0,0.0,-68896868.0,154481804.8,136041443.8,0.719986202543382,16.013851610761005,0.0,0.0,-0.12142153085902593,0.719986202543382,-0.12142153085902593,0.0,-18.302065474376697,8.889059231123774,0.0,0.0,0.0,0.0,15.945358815431762,-0.11384570082386394,-116.63440644592359,0.0,0.18181818181818185,-30.738435455826536,0.0,114.95168048594853,0.0,0.06609607198716184,0.06609607198716184,0.9940913732442116,0.0,1.3798752940068093,Biotechnology,Healthcare,IOVA
2014Q1,2014,Q1,2014-05-14,2014-03-31,-2259514.0,0.0,-2259514.0,-0.11,0.0,0.0,18082596.0,16806053.0,18067968.0,1109486.0,1276543.0,0.0,-66786699.0,196335281.76,178391404.76,0.808052118283725,16.284989625826736,0.0,0.0,-0.13444644022008023,0.808052118283725,-0.13444644022008023,0.0,-21.723176063525163,11.682414768060054,0.0,0.0,0.0,0.0,16.17314414062007,-0.12495517789591716,-86.46084276906817,0.0,0.8010001299524134,-18.95343150368939,0.0,227.73255370696756,0.0,0.8034609789609304,0.8034783122983806,0.8614973192331523,0.0,2.654014208311561,Biotechnology,Healthcare,IOVA
2013Q4,2013,Q4,2014-03-28,2013-12-31,-11496516.0,0.0,-11497530.0,-0.5527641800655239,0.0,0.0,19873649.0,17603717.0,19845893.0,2269932.0,2269932.0,0.0,-64527185.0,218381404.5,198709227.5,0.8464046145467482,8.74294604419868,0.0,0.0,-0.6531308132254114,0.8464046145467482,-0.6530732117540858,0.0,-4.748860535226498,12.405414407650385,0.0,0.0,0.0,0.0,8.666416879448372,-0.5784803787165608,-96.9209465597901,0.0,0.16247851505223662,-45.81802345317145,0.0,449.03229593063526,0.0,-0.22185556627689706,-0.22196333471250007,0.46400823970587407,0.0,-0.045719702310701396,Biotechnology,Healthcare,IOVA
2013Q3,2013,Q3,2013-10-23,2013-09-30,-9409063.0,0.0,-9409063.0,-0.66,0.0,0.0,168626.0,-3340459.0,138682.0,3509085.0,3509085.0,0.0,-44569042.0,92695940.6,92566136.6,-0.23604061093048556,0.03952084375271617,0.0,0.0,2.8166976454433357,-0.23604061093048556,2.8166976454433357,0.0,-2.462942925347614,-27.749462154751786,0.0,0.0,0.0,0.0,0.03699083949234629,-55.798411870055624,-210.77941911468767,0.0,-65.0,-325.7502841440784,0.0,-18.245079888941262,0.0,-1.7437630039177605,-8.141580358704312,0.329311066809527,0.0,-1.3793505114408917,Biotechnology,Healthcare,IOVA
2013Q2,2013,Q2,2013-09-23,2013-06-30,-3429255.0,0.0,-1029260.0,-0.01,0.0,0.0,597749.0,-2771322.0,578716.0,3369071.0,3369071.0,0.0,-35159979.0,12482654.0,11913073.0,-0.4440276883425592,0.1717731683303795,0.0,0.0,0.371396755772155,-0.4440276883425592,1.2374076343348048,0.0,-0.9100120871734532,-4.504223616021523,0.0,0.0,0.0,0.0,0.16906173838426083,-5.736948117019017,-18.30491737409613,0.0,0.9921875,-43.37937376213249,0.0,-29.24214239371518,0.0,-2.276789271964752,-0.4601234478581045,-3.6654210786376953,0.0,-1.7634328746912638,Biotechnology,Healthcare,IOVA
2013Q1,2013,Q1,2013-10-23,2013-03-31,-1046529.0,0.0,-704913.0,-1.28,0.0,0.0,28333.0,-12278619.0,8150.0,12306952.0,12306952.0,0.0,-31730724.0,4912836.0,11694086.0,-14.995760900628476,0.0006622273329740784,239.34105107118907,-0.5522811645185831,0.128227339296307,-14.995760900628476,0.08523181637935015,0.0,-1.173602451532638,-0.40011307460553996,0.0,0.0,0.0,0.0,0.0,-36.93675219708467,-16.37612,0.0,-1.302365496224873,-60.35926616819813,0.0,-534.604431485092,0.0,-1.3019204377306715,0.5908106200361525,-20.373052075086914,0.0,-34.859413317893,Biotechnology,Healthcare,IOVA
2012Q4,2012,Q4,2013-01-25,2012-12-31,3466241.0,0.0,-1722706.0,4.2332872499712995,0.0,0.0,29413.0,-11319476.0,7275.0,11348889.0,11348889.0,0.0,-30684195.0,18013732.0,24494982.0,-13.82436865386917,0.0006410319107006862,220.35324516370312,-0.5725750909317711,0.3560614985740641,-13.82436865386917,-0.3062192101471835,0.0,1.2992267415912513,-1.5913927464486872,0.0,0.0,0.0,0.0,0.0,117.84724441573454,0.0,0.0,5.2332872499712995,359.5509859370307,0.0,-7351.399865699965,0.0,6.143584470007242,-0.05840986559648472,2044.1089883799648,0.0,-1158.9903924907248,Biotechnology,Healthcare,IOVA
2012Q3,2012,Q3,2013-01-25,2012-09-30,-673896.0,0.0,-1627636.0,-1.0,0.0,0.0,28692.0,-16581601.0,5000.0,16610293.0,16610293.0,0.0,-34150436.0,31317200.0,37793450.0,-21.178906160193122,0.0003010181698781593,225.89049212323994,-0.3908699769099498,0.1611464789688992,-21.178906160193122,0.04064119019629046,0.0,-11.617964789819199,-1.888671666867391,0.0,0.0,0.0,0.0,0.0003010181698781593,-23.48724383103304,-111.55272334802076,0.0,-1.3922037129832197,-422.01810676487213,0.0,-1548.3266538887333,0.0,-1.059055743635497,0.011411998724509164,-300.23277862132534,0.0,-2307.1453505284508,Biotechnology,Healthcare,IOVA
2012Q2,2012,Q2,2012-08-14,2012-06-30,-327284.0,0.0,-1646425.0,-0.4180245999003742,0.0,0.0,65611.0,-16618362.0,24367.0,16683973.0,16683973.0,0.0,-33476539.0,35231850.0,41432361.0,-21.225859272221015,0.001460503442435444,94.74402158174696,-0.37405912808976,,-21.225859272221015,0.019694119071422322,0.0,-26.91229177106122,-2.120055514496555,0.0,0.0,0.0,0.0,0.0009433604333931732,-4.988248921674719,-29.34737790824074,0.0,0.9434179157500778,-32.76448780306049,0.0,-1351.0593673170902,0.0,0.9433046597602257,0.4750142930800448,-150.76354981136456,0.0,-3358.4009514121203,Biotechnology,Healthcare,IOVA
2012Q1,2012,Q1,2012-05-15,2012-03-31,-5772679.0,0.0,-3136133.0,-7.387932159832908,0.0,0.0,76847.0,-17258451.0,34050.0,17335298.0,17335298.0,0.0,-33149255.0,89857090.0,94874709.0,-22.087537722398977,0.0019642004423575526,65.29362239254623,-0.2907340293749422,,-22.087537722398977,0.33448418980359246,0.0,-3.8914813208910455,-5.206555907016221,0.0,0.0,0.0,0.0,0.0,-75.1191198094916,-118.19926415747082,0.0,0.3087924856428468,-353.67681905839197,0.0,-786.9559836521718,0.0,0.3087924856428468,0.25057930678180235,-1355.9124039475323,0.0,-6196.5752795936505,Biotechnology,Healthcare,IOVA
2011Q4,2011,Q4,2012-03-30,2011-12-31,-8351586.0,0.0,-4184743.0,-10.688443059974455,0.0,0.0,568430.0,-12780918.0,524081.0,13349348.0,13349348.0,0.0,-27376576.0,78136600.0,82626383.0,-16.357146330912787,0.039258921109854954,8.79615783825625,-0.3912082058581395,,-16.357146330912787,0.6534417950259911,0.0,-2.3389748965046877,-6.11353581957102,0.0,0.0,0.0,0.0,0.038923848565487994,-14.692373731154232,-28.722562308138794,0.0,-0.5269204371392079,-904.2898069488755,0.0,-8698.074651602667,0.0,-0.43535577517007024,0.2802474174602921,-904.2898069488755,0.0,-8698.074651602667,Biotechnology,Healthcare,IOVA
2011Q3,2011,Q3,2011-11-21,2011-09-30,-5818478.0,0.0,-5814141.0,-7.0,0.0,0.0,3438596.0,-5690725.0,3298108.0,9129321.0,9129321.0,0.0,-19024990.0,78299500.0,79987317.0,-7.267894430998921,0.36126542160145314,0.7556645212173806,-0.4566070228310101,,-7.267894430998921,1.0224493364202276,0.0,-3.3642603787450946,-13.759143167171143,0.0,0.0,0.0,0.0,0.1016623251608745,-1.6921086396889893,-47.369350805858836,0.0,0.5333333333333333,-3651.0727563924956,0.0,-531.9909154737751,0.0,0.469104425004204,0.44948024298409694,-3651.0727563924956,0.0,-531.9909154737751,Biotechnology,Healthcare,IOVA
2011Q2,2011,Q2,2011-08-22,2011-06-30,-10959741.0,0.0,-10561185.0,-15.0,0.0,0.0,466166.0,-1403945.0,326065.0,1870111.0,1870111.0,0.0,-13206512.0,107407590.0,107131525.0,-1.8953225279517025,0.17435596068896445,0.0,0.0,,-1.8953225279517025,7.80638913917568,0.0,-2.450048545855235,-76.5041294352699,0.0,0.0,0.0,0.0,0.17435596068896445,-23.51038256758322,-83.75324481901143,0.0,-14.0,-1194.0653302140136,0.0,-121.55097040509861,0.0,-18.421971802032974,-15.044337257880745,-1194.0653302140136,0.0,-121.55097040509861,Biotechnology,Healthcare,IOVA
2011Q1,2011,Q1,2011-04-14,2011-03-31,-564296.0,0.0,-658250.0,-1.0,0.0,0.0,930205.0,159091.0,788286.0,771114.0,771114.0,0.0,-2246772.0,86329200.0,85598706.0,0.22114093493279216,1.0222690808362966,0.0,0.0,-4.137569064246249,0.22114093493279216,-3.5470014017134845,0.0,-38.24641677417525,542.640375634071,0.0,0.0,0.0,0.0,1.012164219557679,-0.6066361715965836,-152.93715399264804,0.0,0.03034281231719782,-36.656539499859505,0.0,6.869009358367991,0.0,0.23941330759837287,-0.3269109432608244,-36.656539499859505,0.0,6.869009358367991,Biotechnology,Healthcare,IOVA
2010Q4,2010,Q4,2011-04-14,2010-12-31,-741922.0,0.0,-496077.0,-1.0312923089754105,0.0,0.0,1460952.0,638085.0,1300916.0,822867.0,822867.0,0.0,-1682476.0,89926250.0,88628781.0,0.8869559778151541,1.5809553670277214,0.0,0.0,,0.8869559778151541,-1.1627322378679956,0.0,-30.301787115087567,140.93145897490146,0.0,0.0,0.0,0.0,1.5767663547085982,-0.5078346174275404,-245.29064867120735,0.0,-0.031292308975410466,-86.34840145206712,0.0,470.59340606774214,0.0,-0.039460208446291944,-1.9700407718512576,-86.34840145206712,0.0,470.59340606774214,Biotechnology,Healthcare,IOVA
2010Q3,2010,Q3,2010-11-17,2010-09-30,-713757.0,0.0,-167027.0,-1.0,0.0,0.0,1020235.0,448013.0,801093.0,572222.0,572222.0,0.0,-940554.0,79202200.0,78406257.0,0.6222229938057277,1.3999688931918033,0.0,0.0,,0.6222229938057277,-1.5931613591569886,0.0,-27.74130411330467,176.7854950637593,0.0,0.0,0.0,0.0,1.3912310257207867,-0.6996005822188025,-698.9251676667843,0.0,-7.491179146628225,-486.18603807837485,0.0,44.45948764755599,0.0,-7.433952900306042,-0.9736378782686785,-486.18603807837485,0.0,44.45948764755599,Biotechnology,Healthcare,IOVA
2010Q2,2010,Q2,2010-08-16,2010-06-30,-84629.0,0.0,-84629.0,-0.11776927358753131,0.0,0.0,433729.0,417952.0,214413.0,15777.0,15777.0,0.0,-226797.0,79046000.0,78836737.0,0.5816198163094907,13.59022627876022,0.0,0.0,,0.5816198163094907,-0.20248497435112167,0.0,-233.50742653227618,189.12698108873747,0.0,0.0,0.0,0.0,13.273309247638968,-0.19511953316471806,-936.5750779037667,0.0,-0.9693744044188233,-8.512404778496709,0.0,35.99361571917695,0.0,-0.2504284869976359,-0.2504284869976359,-8.512404778496709,0.0,35.99361571917695,Biotechnology,Healthcare,IOVA
2010Q1,2010,Q1,2010-05-14,2010-03-31,-67680.0,0.0,-67680.0,-0.059800347421640164,0.0,0.0,536438.0,501240.0,316949.0,35198.0,35198.0,0.0,-142168.0,124494260.0,124182461.0,0.4428830694684237,9.004744587760669,0.0,0.0,,0.4428830694684237,-0.13502513765860666,0.0,-459.8635490543735,248.37255606096878,0.0,0.0,0.0,0.0,8.862691061992159,-0.1261655587411779,-2204.413634351483,0.0,-27.86140724946695,-1.8708705688187781,0.0,14.759411613995951,0.0,-27.86140724946695,-27.86140724946695,-1.8708705688187781,0.0,14.759411613995951,Biotechnology,Healthcare,IOVA
2009Q4,2009,Q4,2010-03-31,2009-12-31,-2345.0,0.0,-2345.0,-0.0020719830777740276,0.0,0.0,9632.0,-13488.0,8407.0,23120.0,23120.0,0.0,-74488.0,124494260.0,124486003.0,-0.011917657890411975,0.3636245674740484,0.0,0.0,,-0.011917657890411975,0.1738582443653618,0.0,-13272.309168443497,-9230.001482799526,0.0,0.0,0.0,0.0,0.35713667820069206,-0.24345930232558138,-10237.172929857741,0.0,0.2748656341069801,0.8245071662959422,0.0,-7.336604090243564,0.0,0.3242074927953891,0.3242074927953891,0.8245071662959422,0.0,-7.336604090243564,Biotechnology,Healthcare,IOVA
2009Q3,2009,Q3,2009-10-23,2009-09-30,-3470.0,0.0,-3470.0,-0.0028573781291172597,0.0,0.0,2477.0,-11143.0,919.0,13620.0,13620.0,0.0,-72143.0,133584000.0,133583382.0,-0.00917572463768116,0.06747430249632892,0.0,0.0,0.31140626402225613,-0.00917572463768116,0.31140626402225613,0.0,-9624.207492795389,-11988.153998025666,0.0,0.0,0.0,0.0,0.04537444933920705,-1.4008881711748082,-249223.8805970149,0.0,-0.03736920777279521,-0.4042897612302713,0.0,-1.6703766093129586,0.0,-0.03736920777279522,-0.03736920777279522,-0.4042897612302713,0.0,-1.6703766093129586,Biotechnology,Healthcare,IOVA
2009Q2,2009,Q2,2009-07-27,2009-06-30,-3345.0,0.0,-3345.0,-0.0027544466403162057,0.0,0.0,3347.0,-7673.0,1456.0,11020.0,11020.0,0.0,-68673.0,133584000.0,133582846.0,-0.0063183465085639,0.13212341197822142,0.0,0.0,0.43594421999218036,-0.0063183465085639,0.43594421999218036,0.0,-9983.856502242152,-17409.61814153525,0.0,0.0,0.0,0.0,0.10471869328493648,-0.9994024499551838,-322666.6666666667,0.0,0.4941016333938294,0.7775191220485534,0.0,-1.4018750327345102,0.0,0.4941016333938294,0.4941016333938294,0.7775191220485534,0.0,-1.4018750327345102,Biotechnology,Healthcare,IOVA
2009Q1,2009,Q1,2009-05-04,2009-03-31,-6612.0,0.0,-6612.0,-0.0054446640316205535,0.0,0.0,3942.0,-4328.0,1718.0,8270.0,8270.0,0.0,-65328.0,133584000.0,133582432.0,-0.0035638998682476944,0.20773881499395405,0.0,0.0,1.5277264325323474,-0.0035638998682476944,1.5277264325323474,0.0,-5050.8166969147005,-30865.06469500924,0.0,0.0,0.0,0.0,0.18960096735187423,-1.6773211567732116,-99913.23859386686,0.0,0.5388478169898173,0.7386148007590133,0.0,-1.1268166901078291,0.0,0.5388478169898173,0.5388478169898173,0.7386148007590133,0.0,-1.1268166901078291,Biotechnology,Healthcare,IOVA
2008Q4,2008,Q4,2009-02-17,2008-12-31,-14338.0,0.0,-14338.0,-0.0118066534914361,0.0,0.0,5612.0,2284.0,3055.0,3328.0,3328.0,0.0,-58716.0,133584000.0,133581095.0,0.0018807641633728591,0.91796875,0.0,0.0,-6.277583187390543,0.0018807641633728591,-6.277583187390543,0.0,-2329.1951457664945,58486.865148861645,0.0,0.0,0.0,0.0,0.8728966346153846,-2.5548823948681396,-9647.143785657543,0.0,-4.802509105625253,0.0,0.0,0.0,0.0,-4.802509105625253,-4.802509105625253,0.0,0.0,0.0,Biotechnology,Healthcare,IOVA
2008Q3,2008,Q3,2008-10-09,2008-09-30,-2471.0,0.0,-2471.0,-0.0020347496706192357,0.0,0.0,19792.0,16622.0,16902.0,3170.0,3170.0,0.0,-44378.0,133584000.0,133567248.0,0.013687417654808959,5.331861198738171,0.0,0.0,-0.14865840452412465,0.013687417654808959,-0.14865840452412465,0.0,-13515.176042088224,8036.578029118036,0.0,0.0,0.0,0.0,5.2845425867507885,-0.12484842360549717,-135206.47773279352,0.0,0.8356501496508147,0.0,0.0,0.0,0.0,0.8356501496508147,0.8356501496508147,0.0,0.0,0.0,Biotechnology,Healthcare,IOVA
2008Q2,2008,Q2,2008-07-21,2008-06-30,-15035.0,0.0,-15035.0,-0.012380599472990778,0.0,0.0,21113.0,19093.0,17890.0,2020.0,2020.0,0.0,-41907.0,133584000.0,133566260.0,0.015722167325428194,8.856435643564357,0.0,0.0,-0.7874613732781648,0.015722167325428194,-0.7874613732781648,0.0,-2221.217159960093,6996.4908605248,0.0,0.0,0.0,0.0,8.782178217821782,-0.7121204944820727,-9206.340454858719,0.0,0.4056372549019608,0.0,0.0,0.0,0.0,0.4056372549019608,0.4056372549019608,0.0,0.0,0.0,Biotechnology,Healthcare,IOVA
2008Q1,2008,Q1,2008-03-31,2008-03-31,-25296.0,0.0,-25296.0,-0.0208300395256917,0.0,0.0,35956.0,34128.0,32400.0,1828.0,1828.0,0.0,-26872.0,133584000.0,133551750.0,0.02810276679841897,17.72428884026258,0.0,0.0,-0.7412095639943741,0.02810276679841897,-0.7412095639943741,0.0,-1320.2087286527515,3914.2053445850916,0.0,0.0,0.0,0.0,17.642231947483587,-0.7035265324285237,-4778.024179125831,0.0,0.0,0.0,0.0,0.0,0.0,0.0,0.0,0.0,0.0,0.0,Biotechnology,Healthcare,IOVA
