Quarters,Year,Quarter,FillingDate,Date,NetIncome,Revenue,OperatingIncome,EPSDiluted,GrossProfit,GrossProfitRatio,TotalAssets,CommonStockEquity,CurrentAssets,CurrentLiability,TotalLiability,Inventory,RetainedEarnings,MarketCap,EnterpriseValue,bookValuePerShare,currentRatio,debtToAssets,debtToEquity,roic,shareholdersEquityPerShare,roe,priceToSalesRatio,peRatio,pbRatio,payoutRatio,inventoryTurnover,dividendYield,assetTurnover,quickRatio,returnOnAssets,priceToFreeCashFlowsRatio,grossProfitMargin,epsdilutedGrowth,fiveYNetIncomeGrowthPerShare,fiveYRevenueGrowthPerShare,fiveYShareholdersEquityGrowthPerShare,grossProfitGrowth,netIncomeGrowth,operatingIncomeGrowth,threeYNetIncomeGrowthPerShare,threeYRevenueGrowthPerShare,threeYShareholdersEquityGrowthPerShare,Industry,Sector,Symbol
2023Q1,2023,Q1,2023-05-15,2023-03-31,-19273000.0,31529000.0,-20126000.0,-0.14,22592000.0,0.7165466713,440999000.0,140434000.0,76071000.0,70650000.0,300565000.0,8989000.0,-720228000.0,296774284.96999997,458578284.96999997,1.055239068410719,1.0767303609341825,0.47271989278887255,1.4844624521127363,-0.052958485769441795,1.055239068410719,-0.1372388452938747,9.412740174759744,-3.8496119567529705,2.1132651990970848,0.0,0.9942151518522638,0.0,0.0714944931847918,0.9050955414012739,-0.043703046945684686,-20.195596119088123,0.7165466713184687,0.5625,0.33727323059565384,0.1789790306689922,0.0,-0.02169488589615901,0.5469866491162091,-0.07190029825308905,0.33727323059565384,0.1789790306689922,0.0,Information Technology Services,Technology,NOTE
2022Q4,2022,Q4,2023-03-28,2022-12-31,-42544000.0,31449000.0,-18776000.0,-0.32,23093000.0,0.7342999777,433157000.0,144689000.0,86005000.0,62112000.0,288468000.0,7944000.0,-700743000.0,829776335.97,967255335.97,1.1037689679705605,1.3846760690365791,0.45680203713665024,1.3675331227667618,-0.04913992302445287,1.1037689679705605,-0.29403755641410195,26.384824190594298,-4.875989187488247,5.734895783162508,-3.420438893467199e-19,1.051863041289023,1.7537153805857592e-20,0.07260415969267495,1.2122778207109737,-0.09821842888375347,-47.055480093569244,0.7342999777417406,0.7168141592920353,-2.2067444540066723,0.8938628903697315,17.757077731812036,0.13356567838209307,0.6096952349498175,0.5618305290424961,-2.2067444540066723,0.8938628903697315,17.757077731812036,Information Technology Services,Technology,NOTE
2022Q3,2022,Q3,2022-11-14,2022-09-30,-109002000.0,29071000.0,-42851000.0,-1.13,20372000.0,0.7007670875,450381000.0,181004000.0,102451000.0,61799000.0,269377000.0,8690000.0,-658199000.0,612265360.07,731887360.07,1.8831630126325922,1.6578099969255167,0.4388106958330835,1.0918653731409251,-0.10085421666683393,1.8831630126325922,-0.6022076860179886,21.061035398507105,-1.4042525826819692,3.382606793606771,0.0,1.001035673187572,0.0,0.06454757194464243,1.4643602647292027,-0.24202175491417266,-10.75954148492182,0.700767087475491,-2.766666666666666,-4.262633031748171,0.8021729792258594,13.41537575099185,0.04675778440036995,-1.84155370177268,-3.0002800597460793,-4.262633031748171,0.8021729792258594,13.41537575099185,Information Technology Services,Technology,NOTE
2022Q2,2022,Q2,2022-08-22,2022-06-30,-38360000.0,27174000.0,-10712000.0,-0.3,19462000.0,0.7161993082,399382000.0,-99172000.0,56294000.0,89271000.0,498554000.0,11922000.0,-549197000.0,1287024014.08,1688538014.08,-0.7643884101908054,0.6305967223398417,1.0733508270277579,-4.322560803452587,-0.02898000414108387,-0.7643884101908054,0.3868027265760497,47.36233215868109,-8.38779988321168,-12.977695459202195,0.0,0.6468713303137058,0.0,0.06804012198847219,0.4605639009308734,-0.09604839476991953,134.07127209178844,0.7161993081622139,-0.3636363636363636,-7.432655081738822,0.0,0.0,0.02968096926088567,-0.35303869352051076,0.2038647342995169,-7.432655081738822,0.0,0.0,Information Technology Services,Technology,NOTE
2022Q1,2022,Q1,2022-05-16,2022-03-31,-28351000.0,26071000.0,-13455000.0,-0.22,18901000.0,0.7249817805,,,,,,,,1287672715.7,,,0.0,0.0,0.0,0.0,,0.0,49.39099826243719,-11.3547380665585,0.0,0.0,0.0,0.0,0.0,0.0,0.0,-104.42565207201363,0.7249817805224196,-0.375,0.0,0.0,0.0,0.091029785268991,-0.3526885824705377,-0.16221819124125422,0.0,0.0,0.0,Information Technology Services,Technology,NOTE
2021Q4,2021,Q4,2022-04-14,2021-12-31,-20959000.0,24462000.0,-11577000.0,-0.16,17324000.0,0.7082004742,378493000.0,-32834000.0,54298000.0,69468000.0,411327000.0,5431000.0,-481414000.0,1287024014.08,1588126014.08,-0.2530747495281421,0.7816260724362296,0.8805182658596064,-10.150149235548517,-0.03627400438773619,-0.2530747495281421,0.638332216604739,52.61319655302101,-15.351686794217281,-39.19790503989767,0.0,1.3143067575032223,0.0,0.06462999315707292,0.6239131686531928,-0.05537486822741768,-88.72356363435819,0.7082004742048892,0.2727272727272727,-0.5961692760838946,0.4883874952781251,-5.30066697525132,0.05879476836572546,0.2503397954073968,0.12028875379939209,-0.5961692760838946,0.4883874952781251,-5.30066697525132,Information Technology Services,Technology,NOTE
2021Q3,2021,Q3,2021-11-24,2021-09-30,-27958000.0,21774000.0,-13160000.0,-0.22,16362000.0,0.7514466795,360682000.0,-19679000.0,52846000.0,56228000.0,380361000.0,0.0,-488875000.0,1270157771.9599998,1540427771.9599998,-0.15167990485363672,0.9398520310165753,0.8483705868327225,-15.54916408354083,-0.044388692648268856,-0.15167990485363672,1.4207022714568829,58.33369027096536,-11.357730988983475,-64.5438168585802,0.0,0.0,0.0,0.060368967677899094,0.7957956889805791,-0.0775142646430928,-52.80295097576462,0.7514466795260403,-5.782608695652175,0.0,0.0,0.0,0.0,-5.688325619792857,-5.468543756798484,0.0,0.0,0.0,Information Technology Services,Technology,NOTE
2021Q2,2021,Q2,2021-08-23,2021-06-30,5963323.0,0.0,-2034461.0,0.046,0.0,0.0,,,,,,,,1257183739.56,,,0.0,0.0,0.0,0.0,,0.0,0.0,52.70483166684078,0.0,,0.0,,0.0,0.0,0.0,0.0,0.0,0.0,0.0,0.0,0.0,0.0,0.0,0.0,0.0,0.0,0.0,Information Technology Services,Technology,NOTE
2020Q4,2020,Q4,2021-03-31,2020-12-31,-13300000.0,16647000.0,-6936000.0,-0.1,13837000.0,0.831200817,280106000.0,7733000.0,56269000.0,35148000.0,272373000.0,0.0,-236975000.0,1308863470.2,1479855470.2,0.05884546536257972,1.6009161260953682,0.7683484109587085,27.831242725979568,-0.028431306912773777,0.05884546536257972,-1.71990171990172,78.62458522256263,-24.60269680827068,169.2568822190612,0.0,0.0,0.0,0.059431072522545036,1.4400819392284057,-0.047482024662092205,-154.78517859508042,0.8312008169640175,0.0,0.0,0.0,0.0,0.0,0.0,0.0,0.0,0.0,0.0,Information Technology Services,Technology,NOTE
