Year,Date,FillingDate,NetIncome,Revenue,OperatingIncome,EPSDiluted,GrossProfit,GrossProfitRatio,TotalAssets,CommonStockEquity,CurrentAssets,CurrentLiability,TotalLiability,Inventory,RetainedEarnings,EnterpriseValue,bookValuePerShare,currentRatio,debtToAssets,debtToEquity,roic,shareholdersEquityPerShare,roe,priceToSalesRatio,peRatio,pbRatio,payoutRatio,inventoryTurnover,dividendYield,assetTurnover,quickRatio,returnOnAssets,priceToFreeCashFlowsRatio,grossProfitMargin,epsdilutedGrowth,fiveYNetIncomeGrowthPerShare,fiveYRevenueGrowthPerShare,fiveYShareholdersEquityGrowthPerShare,grossProfitGrowth,netIncomeGrowth,operatingIncomeGrowth,threeYNetIncomeGrowthPerShare,threeYRevenueGrowthPerShare,threeYShareholdersEquityGrowthPerShare,Industry,Sector,Price,MarketCap,AvgVolume,Symbol
2022,2022-12-31,2022-12-31,172510000.0,945921000.0,213925000.0,5.16,465831000.0,0.4924629012,961250000.0,732601000.0,787922000.0,183868000.0,228649000.0,287964000.0,425120000.0,1943781728.2999997,21.91305559884387,4.285258990145104,0.0033331599479843954,0.0043734584036876824,0.234913389703884,21.91305559884387,0.2354760640512366,2.2969748301390918,12.594961035881976,2.9658118516081737,0.2894962610863138,1.6671875651123058,0.02298508588169217,0.984053055916775,2.383688298126917,0.17946423927178154,42.628148485383555,0.49246290123593833,-0.09790209790209783,1.4807692233750902,0.9480070690780144,0.5983372579027404,0.010928938031011621,-0.13722999364838034,-0.12992284509230526,1.8185736260832068,1.1766697207198036,0.43602558347590603,Semiconductors,Technology,63.575,2123869098,562978,SIMO
2021,2021-12-31,2021-12-31,199949000.0,922100000.0,245869000.0,5.72,460795000.0,0.4997234573,971328000.0,657578000.0,818112000.0,281558000.0,313750000.0,163104000.0,412129000.0,2954731287.5,18.868132419927548,2.9056606454087612,0.0029845736970415763,0.004408602477576805,0.2997095689336213,18.868132419927548,0.3040688709172144,3.5917083694827023,16.563795205277344,5.036534506172652,0.27026391729891125,2.828287473023347,0.01631654545045348,0.9493188706595507,2.019676230119549,0.20585116459115768,22.07354230538523,0.49972345732566964,1.5087719298245614,0.8388498947429146,0.6916262213637813,0.5152739528890138,0.7712257261027998,1.5073232513229504,1.1356513732779736,1.1092690117219366,0.7987300848128973,0.2780813148341061,Semiconductors,Technology,63.575,2123869098,562978,SIMO
2020,2020-12-31,2020-12-31,79746000.0,539521000.0,115126000.0,2.28,260156000.0,0.4821980979,742060000.0,557742000.0,606969000.0,158744000.0,184318000.0,110162000.0,281577000.0,1338377287.5,16.00166402478823,3.823571284583984,0.004120960569226208,0.005482821806498345,0.19030576880652386,16.00166402478823,0.14298008756736985,3.1106857518057685,21.04532249266421,3.0090620528846674,0.6132094399719108,2.535947059784681,0.02913756442485773,0.7270584588847263,2.889942297031699,0.1074657035819206,17.282082230643283,0.4821980979424341,0.23913043478260854,0.3301856470089395,0.5007612462683838,0.6271000302108781,0.17096663846029203,0.2383111538999053,0.6137650686851696,0.09996119208337971,0.06571328432716694,0.16716063097153547,Semiconductors,Technology,63.575,2123869098,562978,SIMO
2019,2019-12-31,2019-12-31,64399000.0,457253000.0,71340000.0,1.84,222172000.0,0.4858841823,697729000.0,536784000.0,565199000.0,125763000.0,160945000.0,88439000.0,270968000.0,1463705670.0,15.25951616112801,4.494159649499455,0.0043655917985349615,0.005674535753673731,0.11741753554755736,15.25951616112801,0.11997190676324182,3.9011787128788655,27.699586484262177,3.3231722070702556,0.6836907405394493,2.658114632684675,0.024682344659834387,0.6553446968665485,3.4502278094511105,0.09229801255215134,26.751633448808505,0.48588418227983193,-0.3235294117647059,0.3869039686419608,0.5134870230902846,0.6903951572554251,-0.14813636137066874,-0.34333639237279495,-0.3449216275033746,-0.4132329377265152,-0.16892061340884876,0.22547090819786691,Semiconductors,Technology,63.575,2123869098,562978,SIMO
2018,2018-12-31,2019-05-15,98070000.0,530347999.0,108903000.0,2.72,260807000.0,0.4917657849,672614000.0,532277000.0,498490000.0,113651000.0,140337000.0,81518000.0,301860000.0,958913571.5,14.762857574814491,4.3861470642581235,0.0,0.0,0.1826395256915187,14.762857574814491,0.18424617257555748,2.3454459597197426,12.683823508718262,2.3369459351052178,0.44132762312633833,3.306521259108418,0.034794525706147716,0.7884878979622785,3.3467457391487976,0.14580428001795978,37.25486152625116,0.4917657849030557,0.30769230769230776,2.400000005547058,1.2340714406586302,0.8662378460424457,0.03826922617578445,0.30838503101861114,0.04910120802265765,0.5813953440681352,0.4261497136279977,0.5011342550855391,Semiconductors,Technology,63.575,2123869098,562978,SIMO
2017,2017-12-31,2018-04-30,74955000.0,523404000.0,103806000.0,2.08,251194000.0,0.47992373,693732000.0,494051000.0,568797000.0,177244000.0,199681000.0,94186000.0,247490000.0,1574016578.72,13.709907274261443,3.209118503306177,0.03603697104933894,0.050602063349735146,0.1514165865733192,13.709907274261443,0.15171510633517593,3.646264794919412,25.461537972383432,3.8628999409372717,0.4285237809352278,2.890132291423354,0.01683023945372119,0.7544757918043279,2.5136478526776647,0.10804604660012801,20.699685228746826,0.47992373004409594,-0.3333333333333333,0.4857142764991277,0.7410110304566722,0.763080191278506,-0.08525336392272537,-0.32436452136289884,-0.243727232988489,0.5757575961080481,0.691144466648259,0.5187349728603269,Semiconductors,Technology,63.575,2123869098,562978,SIMO
2016,2016-12-31,2017-04-28,110940000.0,556146000.0,137260000.0,3.12,274605000.0,0.4937642274,606026000.0,442763000.0,476900000.0,145986000.0,163263000.0,71887000.0,215724000.0,1261007756.1599998,12.451961167783331,3.266751606318414,0.04125235550949959,0.05646361597513794,0.2348275606083637,12.451961167783331,0.2505629422512721,2.71599679968929,13.61538449756625,3.411510799592558,0.2064088696592753,3.916438298997037,0.015159973608984075,0.9176933002874464,2.406970531420821,0.1830614528089554,13.326135054522355,0.49376422737914144,0.8139534883720931,1.3157380638680296,1.1472875229813846,0.8205157650993915,0.4881158823401903,0.8412972398798361,0.7874257735180747,2.9000000337479723,1.3755197579606444,0.5741072533553959,Semiconductors,Technology,63.575,2123869098,562978,SIMO
2015,2015-12-31,2016-04-29,60251000.0,361297000.0,76792000.0,1.72,184532000.0,0.5107487746,445628000.0,344498000.0,315176000.0,88287000.0,101130000.0,47110000.0,133227000.0,918010855.3599999,9.834468519255301,3.5699027036823088,0.0,0.0,0.17108970456892633,9.834468519255301,0.17489506470284297,3.040517511520992,18.23255805480407,3.188784420693299,0.34464158271232015,3.7521757588622373,0.01890253587436191,0.8107591982550468,2.7657412756124913,0.13520469988420836,25.98102869684499,0.5107487745538989,0.3030303030303029,10.305039657368928,1.0753274800689323,0.7489042773039711,0.23269515958797043,0.3549598578721299,0.3000169290672084,0.22857140305791745,0.23631829375343397,0.2647026920891511,Semiconductors,Technology,63.575,2123869098,562978,SIMO
2014,2014-12-31,2015-04-30,44467000.0,289323000.0,59070000.0,1.32,149698000.0,0.5174078798,366922000.0,304100000.0,290440000.0,56454000.0,62822000.0,44076000.0,109456000.0,602489411.65,9.027188758576312,5.144719594714281,0.0,0.0,0.14260841334500785,9.027188758576312,0.14622492601118053,2.753671196724768,17.91666655384892,2.6198632412035514,0.45480918433894796,3.1678237589617932,0.025384698820620975,0.7885136350505012,3.9637226768696636,0.12118924458059206,13.945639021337675,0.5174078797745081,0.65,1.5061477557552325,1.628455675657164,0.7708441709059707,0.4041647125035175,0.6243059614260666,0.6732289040591452,-0.02026466759537062,0.1791091500675168,0.3198033007070281,Semiconductors,Technology,63.575,2123869098,562978,SIMO
2013,2013-12-31,2014-04-30,27376000.0,225308000.0,35303000.0,0.8,106610000.0,0.4731744989,316763000.0,270697000.0,246539000.0,40667000.0,46066000.0,33666000.0,85270000.0,322493000.0,7.910490940970193,6.062384734551356,0.0,0.0,0.09610870496175182,7.910490940970193,0.1011315234376443,2.1491158769329095,17.6875,1.7887638208033336,0.7268045002922268,3.5257529852076277,0.0410914205112213,0.7112825677241345,4.762460963434726,0.08642423515372692,13.318654417427659,0.47317449890816127,-0.4285714285714285,1.882385735308583,0.25915116584532566,0.3296410274436915,-0.19063164287883388,-0.4202211021220721,-0.32973229542434024,5.327925401919214,0.324813359823471,0.4067553742380269,Semiconductors,Technology,63.575,2123869098,562978,SIMO
2012,2012-12-31,2013-04-30,47218000.0,281370000.0,52670000.0,1.4,131720000.0,0.4681380389,321746000.0,262266000.0,258412000.0,56397000.0,59480000.0,32143000.0,83449000.0,324865959.24,7.776111002823779,4.582016773941876,0.0,0.0,0.17452483464522284,7.776111002823779,0.18003858677830906,1.7045170389167288,10.157142599008854,1.828677599231315,0.0,4.655757085524065,0.0,0.8745097064143765,3.6597868680958205,0.14675551522008043,7.38345894513209,0.4681380388811885,0.092053051937263,0.11594067868670907,0.4926424865073743,0.07269000675124347,0.21746214095219518,0.13893991672069292,0.2850616197710919,1.5368233875787336,1.5531706542674013,0.5254229428387401,Semiconductors,Technology,63.575,2123869098,562978,SIMO
2011,2011-12-31,2012-04-30,41457849.801202,224133443.667474,40986361.423962,1.281989,108192276.021807,0.4827136649108102,257565061.730323,210467442.490366,184548038.457648,43908700.082343,47097619.239957,31156621.30431,36184382.469362,538962594.579788,6.839798592517826,4.20299480767048,0.0,0.0,0.1709832318228927,6.839798592517826,0.19697987161648386,2.8116735712808416,15.20074203128906,2.994240213798609,0.0,3.7212368604816746,0.0,0.870201269387023,3.0552974979882492,0.16096068901072225,13.0933509123348,0.4827136649108102,7.974685265986964,0.4279262438270072,1.1137061578035299,0.5035635845415436,0.5996342656444084,8.723247299568419,5.362823687151126,3.854307419467616,0.39298460998447404,0.149672870612998,Semiconductors,Technology,63.575,2123869098,562978,SIMO
2010,2010-12-31,2011-06-30,-5367929.860736,144323987.788648,6441536.562883,-0.183806,67635632.93527101,0.46863750074809796,193636719.187273,163298225.926596,117827005.385654,27945594.805891,30338493.260677,24135973.598272,-5367929.860736,69183686.291527,5.623217146232644,4.2162997854966315,0.0,0.0,0.03517457812847522,5.623217146232644,-0.03287194230235504,0.8551592974325212,-22.99210369769582,0.7557951061604209,0.0,3.177346649851633,0.0,0.7453337796384947,2.994188008827432,-0.02772165260424849,-8.593870558856665,0.46863750074809796,0.8313868847496342,-1.2568174463710156,0.7305618798798559,0.5248426026927436,0.8179541478026376,0.9256203772916489,1.0927717803425552,-1.1473408879303153,-0.11079999189265999,-0.22429491601064033,Semiconductors,Technology,63.575,2123869098,562978,SIMO
2009,2009-12-31,2010-06-25,-72169361.248095,90422112.371406,-69434223.84585,-1.090105,37204256.78338601,0.41145086978913614,169376780.834911,141067971.208488,97153883.20067,24534228.752571,28308809.626424,14305622.445653,-14263274.63291,33372078.498309,5.0976753950958695,3.9599322310259706,0.0,0.0,-0.4936542951204984,5.0976753950958695,-0.5115928203251329,1.0436045733194,-1.3075483608009746,0.6689323536136749,0.0,3.7200657147351963,0.0,0.5338518770145896,3.1626544546635404,-0.42608768977866807,13.452565904934302,0.41145086978913614,-1.5256788681536322,-8.950081635569527,0.23208110869114398,1.875789224767393,-0.5323694328418859,-9.079573741876187,-8.742310270574183,-3.7639948557268377,-0.051804337314123934,0.12060011507708727,Semiconductors,Technology,63.575,2123869098,562978,SIMO
2008,2008-12-31,2009-07-14,8932322.861792,168284943.233276,8968153.09892,2.073709,79559078.033508,0.47276408991161784,226630085.526806,191467715.495132,108309601.255428,31898561.158744,35162370.031675,19439227.869045,77783883.090533,25389407.860565998,5.949343302213342,3.3954384561868642,0.0,0.0,0.0361644539586144,5.949343302213342,0.04665184853066835,0.4379421508782197,8.250829167320818,0.38491643256627134,0.0,4.564269002734155,0.0,0.7425534118389199,2.580705961843715,0.03941366761182057,1.1012933416114983,0.47276408991161784,0.707099203461436,1.0672009411869832,3.7005363957485686,3.41449148731265,-0.16507594755419824,-0.7792962329068986,-0.7841599735518652,-0.61438653536559,0.8208071919044595,0.613277931359529,Semiconductors,Technology,63.575,2123869098,562978,SIMO
TTM,,,,,,,,,,,,,,,,1898487098.0,22.554643859179432,5.511595967394693,0.0,0.0,0.17614567058307024,22.554643859179432,0.181778983081619,2.5650221228677847,16.45727669670724,2.8187099914737,0.28937265917602994,1.4173021042572693,0.007864726700747149,0.8920639777288898,2.7553711154993987,0.13807398852400027,36.504513466595625,0.4733771974319213,,,,,,,,,,,Semiconductors,Technology,63.575,2123869098,562978,SIMO
