Quarters,Year,Quarter,FillingDate,Date,NetIncome,Revenue,OperatingIncome,EPSDiluted,GrossProfit,GrossProfitRatio,TotalAssets,CommonStockEquity,CurrentAssets,CurrentLiability,TotalLiability,Inventory,RetainedEarnings,MarketCap,EnterpriseValue,bookValuePerShare,currentRatio,debtToAssets,debtToEquity,roic,shareholdersEquityPerShare,roe,priceToSalesRatio,peRatio,pbRatio,payoutRatio,inventoryTurnover,dividendYield,assetTurnover,quickRatio,returnOnAssets,priceToFreeCashFlowsRatio,grossProfitMargin,epsdilutedGrowth,fiveYNetIncomeGrowthPerShare,fiveYRevenueGrowthPerShare,fiveYShareholdersEquityGrowthPerShare,grossProfitGrowth,netIncomeGrowth,operatingIncomeGrowth,threeYNetIncomeGrowthPerShare,threeYRevenueGrowthPerShare,threeYShareholdersEquityGrowthPerShare,Industry,Sector,Symbol
2023Q1,2023,Q1,2023-05-03,2023-03-31,30378000.0,671080000.0,121859000.0,0.57,351656000.0,0.5240150206,20103185000.0,3452190000.0,13413559000.0,7161624000.0,16650995000.0,0.0,3452185000.0,2989679940.0,16665114940.0,68.83179806196914,1.8729772744282582,0.7547728382343395,4.395278938876482,0.005187360154454444,68.83179806196914,0.008799631538240942,4.455027627108541,24.603989235631047,0.8660241585775985,0.3547633155573112,0.0,0.0036047336893192655,0.03338177507693433,1.7965758883739218,0.0015111038375262428,-0.9126971102564556,0.5240150205638672,-0.1971830985915493,-0.13142124099040967,0.1597965289088509,2.257274784333242,0.6700274019442558,-0.19243958848393014,1.2951557614796398,-0.8443670828513786,0.3426389172832893,1.2910363003449852,Mortgage Finance,Financial Services,PFSI
2022Q4,2022,Q4,2023-02-22,2022-12-31,37617000.0,510722000.0,53094000.0,0.71,210569000.0,0.4122967094,16822584000.0,3471049000.0,10285258000.0,4497495000.0,13351535000.0,-107025000.0,3471044000.0,2842292240.0,13314946240.0,69.19402360258353,2.2868859220521647,0.7015087575131145,3.3998915025400103,0.0019201105888343342,69.19402360258353,0.010837357813156772,5.565243400519265,18.889679134433898,0.8188568470223266,0.2768695004917989,-2.8045129642606867,0.003664295969790918,0.03035930746429918,2.1319656831191587,0.0022361011839798213,5.977682193301983,0.41229670936439,-0.7113821138211383,-0.718978358065362,-0.24480406989923217,2.442521004439043,0.20786893897241454,-0.7216318617076384,-0.6913085693355117,-0.614570094108852,0.4625566056087858,1.6336938249544237,Mortgage Finance,Financial Services,PFSI
2022Q3,2022,Q3,2022-11-02,2022-09-30,135134000.0,463844000.0,171997000.0,2.46,174331000.0,0.375839722,16361811000.0,3482090000.0,9989430000.0,4924482000.0,12879721000.0,-58433000.0,3482085000.0,2238093000.0,11959314000.0,66.74506421314932,2.0285240153177533,0.6894041252523941,3.2394050699436256,0.008436317415622896,66.74506421314932,0.038808301910634134,4.825098524503928,4.140506830257374,0.6427441565266837,0.16015214527802032,-4.954614686906371,0.0096698394570735,0.028349184573761427,1.9361116560076777,0.008259110192630877,-3.6480971351076454,0.37583972197549176,0.07894736842105271,2.5524554615389645,-0.28945199866622434,2.9154242899644314,-0.34299260197255604,0.04622840906451538,0.034973072178596146,0.6709521279290134,0.4141741422131325,1.7360192553652825,Mortgage Finance,Financial Services,PFSI
2022Q2,2022,Q2,2022-08-05,2022-06-30,129163000.0,582642000.0,166185000.0,2.28,265341000.0,0.4554100116,14272255000.0,3461385000.0,8399991000.0,3771540000.0,10810870000.0,-136816000.0,3461380000.0,2367639570.0,10351351570.0,63.90209906400576,2.2272045371386753,0.6585580204389566,2.7154182502090927,0.00932726067006752,63.90209906400576,0.03731540987205988,4.063626669550084,4.582658288364315,0.6840150893356273,0.08623986745430193,-2.3191805052040695,0.004704685688286583,0.0408234017679757,2.075854690656867,0.009049936397576976,1.4069618190602227,0.45541001163664824,-0.2244897959183674,4.322021016416287,0.054370607717563864,2.8813735515938417,-0.21466075508778576,-0.2559435000259227,-0.29138239808971517,1.5695003024274758,1.3683118073130964,1.8138163977673325,Mortgage Finance,Financial Services,PFSI
2022Q1,2022,Q1,2022-05-05,2022-03-31,173593000.0,734809000.0,234520000.0,2.94,337868000.0,0.4598038402,14617902000.0,3441603000.0,9281196000.0,4641223000.0,11176299000.0,0.0,3441597000.0,2970209200.0,12215299200.0,61.64322688112339,1.9997306744364578,0.6659566468567103,2.8285915022737953,0.013067625278865035,61.64322688112339,0.050439577138908814,4.04215136178245,4.277547481753297,0.8630307446849622,0.06581486580680096,0.0,0.0038465304060064185,0.05026774704058079,1.8392910661694126,0.011875370350683702,0.674226674478368,0.4598038401815982,0.05376344086021502,5.46459356816103,0.2724917649715554,2.7997845688282954,2.8178469326643842,0.00294656320955842,0.0017470345263571553,4.2334070567904325,2.5853133008162614,1.8137808648288225,Mortgage Finance,Financial Services,PFSI
2021Q4,2021,Q4,2022-02-23,2021-12-31,173083000.0,523323000.0,234111000.0,2.79,88497000.0,0.1691058868,18776612000.0,3418325000.0,14083593000.0,8595959000.0,15358287000.0,0.0,3292923000.0,4064475660.0,17713342660.0,58.68671347880578,1.6383969490780494,0.745019175983399,4.092336451332159,0.009878742083744917,58.68671347880578,0.05063386307621423,7.766667354578339,5.870703159755724,1.189025519808678,0.07082151337797472,0.0,0.003015887171040409,0.027871002500344577,1.533208220281181,0.009218010150073933,-18.014216712612907,0.16910588680413435,-0.26578947368421046,1.9186212052810072,-0.32507497169671673,2.7745916406429814,-0.8464502785677229,-0.30575187517548436,-0.31052366521474073,3.5916960576766335,0.8184728715984119,1.1247700926277715,Mortgage Finance,Financial Services,PFSI
2021Q3,2021,Q3,2021-11-04,2021-09-30,249310000.0,1025059000.0,339549000.0,3.8,576341000.0,0.5622515386919192,19745138000.0,3504302000.0,15295314000.0,8086656000.0,16240836000.0,0.0,3132098000.0,3795256050.0,18310086050.0,56.44361762100346,1.8914263201006696,0.7592414395888244,4.2779780395639415,0.013398962866207505,56.44361762100346,0.07114398245356707,3.7024757111541873,3.805759947454976,1.0830276756969006,0.05093257390397497,0.0,0.003345755815342156,0.05191450168644048,1.7989140381388797,0.012626399471100176,2.659878803212384,0.5622515386919192,0.292517006802721,2.7667347548286383,0.15021252727304346,2.9072846806292554,0.557358488526681,0.2207375054473165,0.21477917106416472,5.9633892269182525,0.4319035190950658,1.6220881595273184,Mortgage Finance,Financial Services,PFSI
2021Q2,2021,Q2,2021-08-05,2021-06-30,204229000.0,844539000.0,279515000.0,2.94,370076000.0,0.43819882799965426,23880138000.0,3513829000.0,19649148000.0,9362836000.0,20366309000.0,0.0,2895486000.0,4066730800.0,22912343800.0,53.32871452420701,2.0986320811343915,0.8027495904755659,5.455521882254373,0.008962231445505345,53.32871452420701,0.05812149652131621,4.815326231233845,4.978150507518521,1.157350229621305,0.06642053772970538,0.0,0.0033356031336030404,0.035365750398929856,2.0205974984502557,0.008552253760007584,1.584997378949358,0.43819882799965426,-0.4291262135922331,3.7275818854420844,0.2131019986446478,2.992997989803578,-0.3607045316740401,-0.45808877378816987,-0.44760754770675565,3.3371383113808464,0.15526727179619054,1.5118776093559718,Mortgage Finance,Financial Services,PFSI
2021Q1,2021,Q1,2021-05-06,2021-03-31,376868000.0,1051998000.0,506008000.0,5.15,578881000.0,0.5502681564033391,31297980000.0,3467414000.0,26975383000.0,12155395000.0,27830566000.0,0.0,2704822000.0,4621586310.0,30596379310.0,50.17021399736663,2.219210729063103,0.8440373148682438,7.618548866677011,0.012566198211213681,50.17021399736663,0.10868849234616922,4.3931512322266775,3.0657858388082833,1.3328625627052324,0.038143328698642495,0.0,0.003110403882081778,0.03361232897458558,2.158181284935619,0.012041288287614728,-3.665569205510743,0.5502681564033391,-0.1373534338358458,22.18783880015582,1.03763394148924,2.9763651233416297,1.8551563677189664,-0.16770169874824428,-0.18019007624435782,6.819610487684764,0.31937500920682527,1.3741668470014388,Mortgage Finance,Financial Services,PFSI
2020Q4,2020,Q4,2021-02-25,2020-12-31,452804000.0,-239246000.0,617226000.0,5.97,-676930000.0,2.8294307950812136,31597795000.0,3389388000.0,27726248000.0,10893116000.0,28208407000.0,0.0,2342329000.0,4711056660.0,31073102660.0,47.21056370398228,2.5452999857891903,0.8511594559050718,7.934990623676015,0.01489966817271103,47.21056370398228,0.1335946194416219,-19.691266144470546,2.601046291552195,1.3899431578798298,0.02455146155952686,0.0,0.0023597678402789576,-0.007571604284412884,2.4673183504150695,0.014330240448740173,-2.057103322459185,2.8294307950812136,-0.15078236130867717,9.821445275609525,-1.3595738840717804,2.8197140299737087,-1.738152356443417,-0.15389042529337021,-0.1525008547407561,1.3636105630697397,-1.2471893855065201,1.348806280088882,Mortgage Finance,Financial Services,PFSI
2020Q3,2020,Q3,2020-11-06,2020-09-30,535160000.0,1307541000.0,728291000.0,7.03,917060000.0,0.7013623282176238,31180865000.0,3017077000.0,27740232000.0,8466650000.0,28163788000.0,0.0,1900642000.0,4210154680.0,30584273680.0,41.64989853531937,3.276411803960244,0.8628139405369286,8.917003112615289,0.017823027554088874,41.64989853531937,0.17737697778346392,3.219902611084471,1.9667738059645712,1.3954415747427062,0.0005456312130951491,0.0,6.935612161404008e-05,0.04193408361185618,3.196521056143811,0.01716309024781705,-0.9797485001206605,0.7013623282176238,0.6013667425968111,11.707134030272746,0.8733167106648437,2.562319261544465,0.7180454156292562,0.5174224573760126,0.5161295023336567,9.132020153233764,0.4425311001311813,1.4432821561001055,Mortgage Finance,Financial Services,PFSI
2020Q2,2020,Q2,2020-08-06,2020-06-30,352677000.0,874298000.0,480362000.0,4.39,533781000.0,0.6105252442531036,23226475000.0,2479193000.0,20176165000.0,4966506000.0,20747282000.0,0.0,1365774000.0,3250844100.0,22729673100.0,31.870330376655097,4.062446516726245,0.8392589921630381,7.862650467309322,0.015970827677478736,31.870330376655097,0.14225475789904216,3.718233485607882,2.304406085454963,1.3112509191499007,0.027801642863016302,0.0,0.00301613971583565,0.03764230258788731,3.774622239457679,0.015184267091756283,3.027877273345392,0.6105252442531036,0.1769436997319034,6.71679528293123,0.14664229572306378,1.8749367890912156,0.14526600811884757,0.15162469019700042,0.15825235695512743,9.118744060762149,0.10169657589060392,0.9357839447590848,Mortgage Finance,Financial Services,PFSI
2020Q1,2020,Q1,2020-05-07,2020-03-31,306243000.0,784194000.0,414730000.0,3.73,466076000.0,0.5943376256385537,10891133000.0,2364129000.0,7759088000.0,5519033000.0,8527004000.0,0.0,1022902000.0,1739813790.0,9020510790.0,30.043957859421266,1.4058781674253442,0.6781812323841789,3.124263523690966,0.031064594023390527,30.043957859421266,0.12953734758128682,2.218601251731077,1.4202886188419,0.7359216819386759,0.0317819509343887,0.0,0.005594276844995004,0.07200297710072956,1.2114761770766727,0.028118562136740043,-2.2609959713576524,0.5943376256385537,0.9840425531914895,8.3083687323781,0.4143943020798736,1.884208200217329,0.961062840552879,1.0060329750230903,1.039328107943314,7.091640289344024,-0.036469627549332015,0.8519563825059128,Mortgage Finance,Financial Services,PFSI
2019Q4,2019,Q4,2020-02-28,2019-12-31,152661000.0,546212000.0,203366000.0,1.88,237665000.0,0.4351149370574063,10204017000.0,2061507000.0,6601710000.0,5118919000.0,8142510000.0,0.0,726392000.0,2670982640.0,9656158640.0,26.272614890525833,1.2896687757708218,0.6978494841786328,3.4542051033540027,0.016424866090232883,26.272614890525833,0.07405310775078619,4.890010911514211,4.3740422242747,1.2956456805628116,0.06359188004794938,0.0,0.003634617408071211,0.05352911505341475,0.050491519791580994,0.014960872762168075,-4.746160737925287,0.4351149370574063,0.24503311258278138,3.784327475752902,-0.014101891736666677,1.645999225458213,0.11900804655608341,0.2567484132276308,0.22364422943855786,0.9109242440782304,-0.4770754922143236,0.6897929133384676,Mortgage Finance,Financial Services,PFSI
2019Q3,2019,Q3,2019-11-04,2019-09-30,121473000.0,492661000.0,166197000.0,1.51,212389000.0,0.43110577049939003,9303199000.0,1911613000.0,6018778000.0,4526367000.0,7391586000.0,0.0,583439000.0,2380607180.0,8651217180.0,24.39495412258649,1.3297149789223897,0.6847219972398741,3.3323193554343895,0.014499462207017413,24.39495412258649,0.06354476559847626,4.832140518530998,4.899457451450116,1.245339501248422,0.0,0.0,0.0,0.052956085320759023,0.05079172767033694,0.013057121534216348,-2.89337025693381,0.43110577049939003,0.6413043478260869,2.167440043926252,-0.11549016657799636,1.565546183597201,0.5609722038482456,0.6709722680752723,0.6688121297319007,0.454091761001653,-0.5620100654116527,0.6887300025285147,Mortgage Finance,Financial Services,PFSI
2019Q2,2019,Q2,2019-08-06,2019-06-30,72696000.0,355782000.0,99590000.0,0.92,136062000.0,0.38243081437509485,8398376000.0,1778997000.0,5127000000.0,3646222000.0,6619379000.0,0.0,461966000.0,1781337899.9999998,7419807900.0,22.710116806025404,1.40611295746666,0.6769856457962825,3.195946929646312,0.009607824556492558,22.710116806025404,0.04086347531783359,5.006824122636895,6.125983204027732,1.0013158538210014,0.0,0.0,0.0,0.042363190216775246,0.0431534338830713,0.008655959199730995,-2.3196739008706566,0.38243081437509485,0.5862068965517243,1.0399332791833593,-0.31001773567342394,1.5142158649466093,0.4154988920445679,0.575723420396662,0.6518219966495828,0.41545420806282035,-0.5701417755300303,0.700424462950475,Mortgage Finance,Financial Services,PFSI
2019Q1,2019,Q1,2019-05-06,2019-03-31,46135000.0,285056000.0,60291000.0,0.58,96123000.0,0.33720742590929503,7819000000.0,1701192000.0,4371450000.0,3057363000.0,6117808000.0,0.0,389270000.0,1751075150.0,6876744150.0,21.90761464463704,1.4298105916765527,0.6620492390331244,3.0429034465245546,0.006629335849324473,21.90761464463704,0.027119219935198377,6.142916304164796,9.488865015714751,1.0293224691863117,0.0,0.0,0.0,0.03645683591252078,0.07529920392181105,0.00590037089141834,-4.938114488274244,0.33720742590929503,-0.07936507936507943,0.5550494332187045,-0.3153533980341276,1.5901447546830707,-0.08941664614160398,0.1906113706160159,0.0340445237196858,1.5264053990715913,-0.5085911824693681,0.7363425002156755,Mortgage Finance,Financial Services,PFSI
2018Q4,2018,Q4,2019-03-05,2018-12-31,38749000.0,295830000.0,58306000.0,0.63,105562000.0,0.35683331643173444,7478573000.0,1653791000.0,4244261000.0,2857895000.0,5824782000.0,0.0,343135000.0,1272963760.0,6102375760.0,27.620265214777206,1.4851003973204053,0.6520665105495393,2.948696056515001,0.008101671076743599,27.620265214777206,0.0234304092838817,4.3030245749247875,8.21288136468038,0.7697246870977047,0.0,0.0,0.0,0.03955701174542255,0.06942277445462482,0.005181336065048774,-5.877894056370286,0.35683331643173444,2.5,0.7477199603048589,-0.10353910405898203,1.8562048908197524,0.060232009240194846,1.6743736627786596,-0.054962153751397964,0.11036262194236737,-0.4668922560603663,1.2347014370341034,Mortgage Finance,Financial Services,PFSI
2018Q3,2018,Q3,2018-11-02,2018-09-30,14489000.0,289704000.0,61697000.0,0.18,99565000.0,0.34367837516913813,6992530000.0,540846000.0,3841469000.0,2316857000.0,5075820000.0,0.0,304386000.0,523353749.99999994,4885612750.0,21.52620895522388,1.6580518348780267,0.6385222516027819,8.255373988159292,0.01119600140528241,21.52620895522388,0.02678951124719421,1.8065119915499956,9.030191006970805,0.9676576141822256,0.0,0.0,0.0,0.041430497974266824,0.11894130712426361,0.0020720683357811835,-22.414396762173965,0.34367837516913813,-0.21739130434782614,0.9926801398051116,1.2667197921721443,1.6756531217497055,-0.11200991759123827,-0.18769972529012727,-0.17404749792497792,-0.008098027214087242,0.19667649030542153,0.8411384297658524,Mortgage Finance,Financial Services,PFSI
2018Q2,2018,Q2,2018-06-30,2018-06-30,17837000.0,276914000.0,74698000.0,0.23,112124000.0,0.40490549412452964,6841706000.0,529895000.0,3974029000.0,2383261000.0,4979762000.0,0.0,299951000.0,490444349.99999994,4698414350.0,21.23061821387075,1.6674753625389749,0.6427684849363594,8.299064909085763,0.01384559645060479,21.23061821387075,0.033661385746232744,1.7711070946214347,6.873974743510679,0.9255500618046971,0.0,0.0,0.0,0.04047440799122324,0.12935091876214985,0.002607098288058563,9.723900113012272,0.40490549412452964,0.09523809523809533,2.248418431433423,0.2715001119560879,1.8996628205262494,0.04036223950117839,0.07328960827967988,0.023316346101156227,0.21640513267077655,0.13190499367717165,0.9151569700361877,Mortgage Finance,Financial Services,PFSI
2018Q1,2018,Q1,2018-03-31,2018-03-31,16619000.0,274946000.0,72996000.0,0.21,107774000.0,0.39198242563994384,6902891000.0,503611000.0,4158976000.0,2386336000.0,5108692000.0,0.0,282114000.0,537411600.0,4911281600.0,21.131713662302786,1.7428291740978639,0.653600498689607,8.958765793439778,0.013300663642024023,21.131713662302786,0.032999676337490645,1.9546078138980019,8.08429508394007,1.0671164847471561,0.0,0.0,0.0,0.03983055795028489,0.11402711101873332,0.0024075419994318325,1.0676761756799982,0.39198242563994384,-0.9139344262295082,-0.8598690471219854,0.21277427781254402,-0.23703192590933825,-0.2033676554288291,-0.7333194261690041,-0.4005567736690399,0.6678839595005832,0.6373741316011649,1.0286362440874595,Mortgage Finance,Financial Services,PFSI
2017Q4,2017,Q4,2017-12-31,2017-12-31,62318000.0,314843000.0,121773000.0,2.44,135287000.0,0.42969670597726484,7368093000.0,469411000.0,4869257000.0,2960384000.0,5648419000.0,0.0,265306000.0,542980500.0,5569744500.0,20.099811595444034,1.644805876534936,0.6845358765151308,10.744792942645145,0.022388078580352456,20.099811595444034,0.13275786038247933,1.7246071851684808,2.17826510799448,1.1567272603326297,0.0,0.0,0.0,0.042730595284288624,0.07537130318228986,0.008457819411345649,-2.1281668887669514,0.42969670597726484,10.09090909090909,-0.4650101519264769,0.3235903939378128,-0.1467719438213505,0.06803558881810072,2.648381242316024,0.2934759517335146,5.561853656668802,0.9093479363763827,1.0243164273906988,Mortgage Finance,Financial Services,PFSI
2017Q3,2017,Q3,2017-09-30,2017-09-30,17081000.0,293127000.0,94144000.0,0.22,126669000.0,0.4321301006048573,6388369000.0,399336000.0,4011771000.0,2719428000.0,4798078000.0,0.0,202988000.0,416982800.0,4493269800.0,17.04670024758815,1.4752260401819794,0.6486780898223005,10.377213674700002,0.018059839254032223,17.04670024758815,0.04277350401666767,1.4225328952979426,6.103020900415666,1.0441903559909451,0.0,0.0,0.0,0.045884481625904826,0.0842581601719185,0.0026737654008401834,2.1478790750861503,0.4321301006048573,0.6923076923076923,-0.7860265132439412,0.776233218257041,0.0,0.4242713861653324,0.6300219486592232,0.6242926155969635,0.489854197691561,0.7604031432227799,0.7927517528156885,Mortgage Finance,Financial Services,PFSI
2017Q2,2017,Q2,2017-06-30,2017-06-30,10479000.0,238598000.0,57960000.0,0.13,88936000.0,0.3727441135298703,6404738000.0,385055000.0,4103488000.0,3676878000.0,4893486000.0,0.0,185907000.0,390579600.0,4516405600.0,16.46378484693005,1.1160250625666666,0.6560461958006714,10.912217735128747,0.010999458112062425,16.46378484693005,0.027214294061887263,1.6369776779352718,9.318150586888061,1.0143475607380763,0.0,0.0,0.0,0.037253358373129396,0.08471643606342119,0.0016361325006581065,-0.4308688539238582,0.3727441135298703,-0.07142857142857148,-0.5248746609965652,1.662809495922641,0.0,0.007693440746909593,-0.0367680853019579,-0.06564353881867423,-0.015109267395738283,0.5498280504789862,0.8226902755619765,Mortgage Finance,Financial Services,PFSI
2017Q1,2017,Q1,2017-03-31,2017-03-31,10879000.0,233947000.0,62032000.0,0.14,88257000.0,0.3772521126579952,5251377000.0,366944000.0,3195275000.0,2714560000.0,3793782000.0,0.0,175428000.0,385653950.0,3391607950.0,16.222821521729518,1.1770876311446423,0.5862692775628183,8.390165801866225,0.015642351409022495,16.222821521729518,0.029647575651870584,1.6484671741890258,8.86234833164813,1.0509885704630682,0.0,0.0,0.0,0.04454964859692991,0.10374904220205117,0.002071647112747761,-3.2571298869116494,0.3772521126579952,-0.5333333333333333,-0.6491293919811423,1.9505056405849175,0.0,-0.34253341080766997,-0.5216760464298277,-0.5206478733926805,0.2588891461864614,0.9290282546086022,0.9180297240144153,Mortgage Finance,Financial Services,PFSI
2016Q4,2016,Q4,2016-12-31,2016-12-31,22744000.0,297375000.0,129408000.0,0.3,134238000.0,0.4514098360655738,5133902000.0,347323000.0,3327261000.0,2449865000.0,3734546000.0,0.0,164549000.0,371944349.99999994,3342731350.0,15.54783114732083,1.3581405506017679,0.5801369017172513,8.575205212439142,0.03399108958103235,15.54783114732083,0.06548371400684665,1.250758638083228,4.088378803200844,1.0708889132018322,0.0,0.0,0.0,0.05792377805419737,0.13555195898549513,0.004430158581133804,0.3833888918094024,0.4514098360655738,-0.03225806451612906,-0.7958748915359206,0.30695780730565925,-0.3400014878433316,-0.19432223989436725,-0.03972978678488495,-0.07086546331796838,1.7495856047143088,1.4153643017443538,0.6077974276966277,Mortgage Finance,Financial Services,PFSI
2016Q3,2016,Q3,2016-09-30,2016-09-30,23685000.0,318911000.0,139278000.0,0.31,166615000.0,0.5224498371018874,5596194000.0,320941000.0,4022035000.0,3157795000.0,4305790000.0,0.0,141805000.0,377911170.00000006,3899646170.0,14.445739748840978,1.2736846438733356,0.6462359953925829,11.2683078821341,0.030899145373427625,14.445739748840978,0.0737986109596468,1.185005126822217,3.988929385687144,1.1775097915193136,0.0,0.0,0.0,0.05698712374874781,0.12372209088937058,0.004232340765884814,-0.39259460065925694,0.5224498371018874,0.631578947368421,-0.6871524314572375,1.0376349811900076,0.0,0.5671234680536875,0.6362694300518135,0.6529943744214199,2.6837760876114913,1.821847241490913,0.7955687755037951,Mortgage Finance,Financial Services,PFSI
2016Q2,2016,Q2,2016-06-30,2016-06-30,14475000.0,233272000.0,84258000.0,0.19,106319000.0,0.45577266024212076,4616320000.0,294864000.0,3108650000.0,2252430000.0,3445467000.0,0.0,118120000.0,275754220.0,2888863220.0,13.355557568620346,1.3801316800078138,0.5971908359905725,9.349476368766618,0.02416432325258719,13.355557568620346,0.04909042812957838,1.182114527247162,4.762594473229706,0.9351912067936404,0.0,0.0,0.0,0.050532025509496745,0.19040902491975334,0.0031356145154582005,-0.6135820852348709,0.45577266024212076,1.714285714285714,-0.3047511475910228,1.7578412747905838,0.0,1.1251049370377773,1.7971014492753623,1.7956468363250273,1.9801366473947606,0.21088125076805667,0.8240926071490863,Mortgage Finance,Financial Services,PFSI
2016Q1,2016,Q1,2016-03-31,2016-03-31,5175000.0,164388000.0,30139000.0,0.07,50030000.0,0.30434094946103124,3981263000.0,277652000.0,2461221000.0,2323771000.0,2888050000.0,0.0,103645000.0,258790560.0,2332963560.0,12.617104426065618,1.0591495461471891,0.5502608091954739,7.8902114877616585,0.010700859318149292,12.617104426065618,0.018638439485398988,1.5742667347981605,12.501959420289856,0.9320680564159451,0.0,0.0,0.0,0.04129041462470578,0.1652955476249596,0.0012998387697572354,-0.49088670118932454,0.30434094946103124,-0.5882352941176471,-0.8284460749965392,1.1309898074804432,0.0,-0.4707668221679202,-0.594785059901339,-0.6097652557844445,-0.9527437861623042,-0.21472446970270706,-0.5444549354400524,Mortgage Finance,Financial Services,PFSI
2015Q4,2015,Q4,2015-12-31,2015-12-31,12771000.0,203075000.0,77233000.0,0.17,94533000.0,0.465507817308876,3505294000.0,270826000.0,1958626000.0,1936194000.0,2442944000.0,0.0,98470000.0,336568320.0,1968640320.0,12.359711573566996,1.0115856159041914,0.468944117098309,6.06953172885912,0.03573606777748274,12.359711573566996,0.04715573837076204,1.6573596946940785,6.5885271317829455,1.2427474467000952,0.0,0.0,0.0,0.05793379956146332,0.15403466801363913,0.0036433463213071428,0.5964372016204205,0.465507817308876,0.0,-0.8831479877376702,-0.09009660981244197,-0.47533574477714624,0.005755809005021704,0.007176656151419558,0.04477632130730625,-0.8831479877376702,-0.09009660981244197,-0.47533574477714624,Mortgage Finance,Financial Services,PFSI
2015Q3,2015,Q3,2015-09-30,2015-09-30,12680000.0,210149000.0,73923000.0,0.17,93992000.0,0.44726360820179967,3815322000.0,254998000.0,2357746000.0,753915000.0,2826015000.0,0.0,85699000.0,348960000.0,3636946000.0,11.691792755616689,3.1273366360929282,0.8742121896919841,13.080106510639299,0.018200762645043073,11.691792755616689,0.049725880202981985,1.6605360958177293,6.8801261829652995,1.368481321422129,0.0,0.0,0.0,0.05508027893844871,0.41269771791249676,0.003323441638739797,-1.652257080898855,0.44726360820179967,0.0,-0.8293884620320203,0.3677728084283852,0.0,0.008735967717701604,-0.005412189191309123,-0.011711386515862511,-0.8293884620320203,0.3677728084283852,0.0,Mortgage Finance,Financial Services,PFSI
2015Q2,2015,Q2,2015-06-30,2015-06-30,12749000.0,212700000.0,74799000.0,0.17,93178000.0,0.43807240244475787,3430605000.0,240557000.0,2154534000.0,686308000.0,2511132000.0,0.0,73019000.0,393204000.0,3376707000.0,11.08557603686636,3.139310630212674,0.8914552972434892,12.71312412442789,0.020061913648285367,11.08557603686636,0.05299783419314341,1.8486318758815232,7.710487097027219,1.6345564668664807,0.0,0.0,0.0,0.06200072581949831,0.34669128146546446,0.0037162541301024163,-0.8505165342885325,0.43807240244475787,0.4166666666666668,-0.3769859733362771,1.558433536639295,0.0,0.3685741143293578,0.41216216216216217,0.40499267440549985,-0.3769859733362771,1.558433536639295,0.0,Mortgage Finance,Financial Services,PFSI
2015Q1,2015,Q1,2015-03-31,2015-03-31,9028000.0,152143000.0,53238000.0,0.12,68084000.0,0.44750004929572834,2858001000.0,224928000.0,1910587000.0,543229000.0,2005165000.0,0.0,60270000.0,366433210.0,2712932210.0,10.416709118695874,3.517093159606722,0.849730633404257,10.796926127471902,0.017759460387366074,10.416709118695874,0.040137288376725,2.4084789310056984,10.147131424457244,1.6291133607198747,0.0,0.0,0.0,0.053234061149733676,0.3719333835270208,0.0031588512390303574,-1.5769521190525373,0.44750004929572834,0.0,-0.6949928790082763,1.0099782603833185,0.0,0.03289034528794223,0.0302407851192514,9.392669960362932e-05,-0.6949928790082763,1.0099782603833185,0.0,Mortgage Finance,Financial Services,PFSI
2014Q4,2014,Q4,2014-12-31,2014-12-31,8763000.0,152151000.0,53233000.0,0.12,65916000.0,0.43322751740047716,2507125000.0,213964000.0,1640456000.0,488128000.0,1699859000.0,0.0,51242000.0,372797700.0,2311121700.0,9.929184648939627,3.360708666579258,0.803541905569128,9.415509151072143,0.020594612446512162,9.929184648939627,0.04095548783907573,2.4501823846047674,10.635561451557686,1.7423384307640537,0.0,0.0,0.0,0.06068744079373785,0.3921164120886325,0.0034952385700752855,3.9948317616802402,0.43322751740047716,-0.14285714285714296,-0.9184697074842848,-0.3067840760077694,-0.5785105309457759,-0.1303843058615549,-0.16455334159595766,-0.15088049511899446,-0.9184697074842848,-0.3067840760077694,-0.5785105309457759,Mortgage Finance,Financial Services,PFSI
2014Q3,2014,Q3,2014-09-30,2014-09-30,10489000.0,152338000.0,62692000.0,0.14,75799000.0,0.49757119037928815,2538627000.0,203790000.0,1718125000.0,466662000.0,1772178000.0,0.0,42479000.0,313978800.0,2455788800.0,9.508678611422173,3.6817332459038874,0.8741185688169235,10.88895922272928,0.022890388224451278,9.508678611422173,0.05146965013003582,2.0610668382150217,7.483525598245781,1.5406977771235095,0.0,0.0,0.0,0.060008027961571356,0.4387393873938739,0.0041317609873368554,-1.1201686788252418,0.49757119037928815,0.07692307692307698,-0.85637957923158,0.008992301050588262,0.0,0.08638135641804735,0.09055936785194427,0.08002136199975882,-0.85637957923158,0.008992301050588262,0.0,Mortgage Finance,Financial Services,PFSI
2014Q2,2014,Q2,2014-06-30,2014-06-30,9618000.0,139167000.0,58047000.0,0.13,69772000.0,0.501354487773682,2182194000.0,190969000.0,1417704000.0,465714000.0,1460501000.0,0.0,31990000.0,321146980.0,2053501980.0,9.032683757449627,3.0441515608291785,0.8263082933964625,9.442186951808932,0.025784124838150294,9.032683757449627,0.05036419523587598,2.3076374427845683,8.347550946142649,1.6816707423717985,0.0,0.0,0.0,0.06377388994745654,0.44367143783523794,0.004407490809708028,-0.9619383922313347,0.501354487773682,0.3,-0.5175857348691852,0.7181322115699734,0.0,0.20091567841098815,0.20647265429001505,0.18315973991561527,-0.5175857348691852,0.7181322115699734,0.0,Mortgage Finance,Financial Services,PFSI
2014Q1,2014,Q1,2014-03-31,2014-03-31,7972000.0,111878000.0,49061000.0,0.1,58099000.0,0.5193067448470655,1760545000.0,176486000.0,1116885000.0,395274000.0,1085467000.0,0.0,22372000.0,347210240.0,1556635240.0,8.458065752899454,2.8255969277007846,0.7081903615073741,7.064588692587514,0.030589754561096954,8.458065752899454,0.045170721756966556,3.103471996281664,10.888429503261415,1.9673528778486677,0.0,0.0,0.0,0.06354736743451601,0.41871208326376136,0.004528143273815778,-1.7505810224866392,0.5193067448470655,0.1834319526627219,-0.7212855404451248,0.529529509760121,0.0,0.1255133669120496,0.2436817472698908,0.17688967783721543,-0.7212855404451248,0.529529509760121,0.0,Mortgage Finance,Financial Services,PFSI
2013Q4,2013,Q4,2013-12-31,2013-12-31,6410000.0,95407000.0,41687000.0,0.0845,51620000.0,0.5410504470321884,1584475000.0,167402000.0,987909000.0,374277000.0,955271000.0,0.0,14400000.0,303808050.0,1315170050.0,9.670267459996534,2.639512981027421,0.6576317076634216,6.224543314894684,0.030806108468393083,9.670267459996534,0.03829105984396841,3.1843371031475676,11.848987909516381,1.8148412205349995,0.0,0.0,0.0,0.06021363543129428,0.6837556141574288,0.004045504031303744,-1.3621968990440663,0.5410504470321884,0.2071428571428571,-0.9257615008915903,-0.45889826790857746,-0.589501450377241,0.10698891295490125,0.23340388685780258,0.19388836383423547,-0.9257615008915903,-0.45889826790857746,-0.589501450377241,Mortgage Finance,Financial Services,PFSI
2013Q3,2013,Q3,2013-09-30,2013-09-30,5197000.0,91350000.0,34917000.0,0.07,46631000.0,0.5104652435686918,1254384000.0,144476000.0,900182000.0,206774000.0,664423000.0,0.0,7990000.0,337430820.0,1113573820.0,8.045216616549727,4.353458365171637,0.6637050536358882,5.762486502948587,0.032163206986162984,8.045216616549727,0.03597137240787397,3.693823973727422,16.232000192418703,2.3355492953847006,0.0,0.0,0.0,0.07282458959935713,1.2796096220994904,0.004143069426905955,3.899176325125088,0.5104652435686918,-0.6818181818181818,-0.9150742170256042,-0.2779074107096491,0.0,-0.22427761050022457,0.8607232366630863,-0.3048438153258078,-0.9150742170256042,-0.2779074107096491,0.0,Mortgage Finance,Financial Services,PFSI
2013Q2,2013,Q2,2013-06-30,2013-06-30,2793000.0,110777000.0,50229000.0,0.22,60113000.0,0.54264874477554,1280780000.0,92953000.0,1020782000.0,143370000.0,724636000.0,0.0,2793000.0,269397555.09999996,1278992555.1,7.3217541238183275,7.119913510497315,0.8183005668420806,11.27519283939195,0.042235165852187874,7.3217541238183275,0.030047443331576173,2.4318906912084635,24.113637226996058,2.898212592385399,0.0,0.0,0.0,0.08649182529396149,1.8807979354118713,0.0021807023844844548,-0.6188978168376653,0.54264874477554,-0.9558232931726908,-0.7667057136400894,1.2775489116222563,0.0,-0.040479496879439414,-0.94948727687049,-0.0915848299061364,-0.7667057136400894,1.2775489116222563,0.0,Mortgage Finance,Financial Services,PFSI
2013Q1,2013,Q1,2013-03-31,2013-03-31,55293000.0,105698000.0,55293000.0,4.98,62649000.0,0.5927169861302958,692977000.0,307743000.0,499424000.0,134641000.0,385234000.0,0.0,188878000.0,212223366.10000002,579623366.1,27.696720714675347,3.7093010301468348,0.6111819006980029,1.3762620108337151,0.07561146376617374,27.696720714675347,0.1796726489310886,2.0078276419610592,0.9595399331741813,0.6896123261942596,0.17137793210713834,0.0,0.04465106823126579,0.15252742876026187,1.4793116509829844,0.07979052695832618,0.7843971898608791,0.5927169861302958,-0.0020040080160320215,2.630293480401812,1.713684210526316,0.0,0.028600981824749207,-0.0022915914832190546,-0.0022915914832190546,2.630293480401812,1.713684210526316,0.0,Mortgage Finance,Financial Services,PFSI
2012Q4,2012,Q4,2012-12-31,2012-12-31,55420000.0,113172000.0,55420000.0,4.99,60907000.0,0.5381808221114763,832163000.0,261750000.0,675109000.0,119853000.0,570413000.0,0.0,147174000.0,212223366.10000002,1039981366.1,23.55737302575939,5.632808523774957,1.0095149628137756,3.2094785100286534,0.05029809471688489,23.55737302575939,0.2117287488061127,1.8752285556498076,0.9573410596355107,0.8107864989493793,0.0,0.0,0.0,0.1359973947411745,1.1144735634485579,0.06659752957052885,-6.028559102917366,0.5381808221114763,0.4633431085043988,0.0,0.0,0.0,0.4644626112046165,0.4636980693553073,0.4636980693553073,0.0,0.0,0.0,Mortgage Finance,Financial Services,PFSI
2012Q3,2012,Q3,2012-09-30,2012-09-30,37863000.0,78274000.0,37863000.0,3.41,41590000.0,0.5313386309630274,,,,,,,,212223366.10000002,,,0.0,0.0,0.0,0.0,,0.0,2.7112881173825283,1.401258260703061,0.0,0.0,0.0,0.0,0.0,0.0,0.0,-1.6044709011869662,0.5313386309630274,2.6276595744680855,0.0,0.0,0.0,1.986285632225174,2.6135712922313417,2.6135712922313417,0.0,0.0,0.0,Mortgage Finance,Financial Services,PFSI
2012Q2,2012,Q2,2012-06-30,2012-06-30,10478000.0,42569000.0,10478000.0,0.94,13927000.0,0.3271629589607461,,,,,,,,212223366.10000002,,,0.0,0.0,0.0,0.0,,0.0,4.985397028353967,5.0635466238786035,0.0,0.0,0.0,0.0,0.0,0.0,0.0,-3.4051627960336313,0.3271629589607461,-0.31386861313868625,0.0,0.0,0.0,-0.22627777777777777,-0.3120609283697722,-0.3120609283697722,0.0,0.0,0.0,Mortgage Finance,Financial Services,PFSI
2012Q1,2012,Q1,2012-03-31,2012-03-31,15231000.0,38950000.0,15231000.0,1.37,18000000.0,0.4621309370988447,,,,,,,,212223366.10000002,,,0.0,0.0,0.0,0.0,,0.0,5.448610169448011,3.4834115635874205,0.0,0.0011818002757533978,0.0,8.481629676686199e-05,0.0,0.0,0.0,-2.5838988725603595,0.4621309370988447,0.0,0.0,0.0,0.0,0.0,0.0,0.0,0.0,0.0,0.0,Mortgage Finance,Financial Services,PFSI
