Quarters,Year,Quarter,FillingDate,Date,NetIncome,Revenue,OperatingIncome,EPSDiluted,GrossProfit,GrossProfitRatio,TotalAssets,CommonStockEquity,CurrentAssets,CurrentLiability,TotalLiability,Inventory,RetainedEarnings,MarketCap,EnterpriseValue,bookValuePerShare,currentRatio,debtToAssets,debtToEquity,roic,shareholdersEquityPerShare,roe,priceToSalesRatio,peRatio,pbRatio,payoutRatio,inventoryTurnover,dividendYield,assetTurnover,quickRatio,returnOnAssets,priceToFreeCashFlowsRatio,grossProfitMargin,epsdilutedGrowth,fiveYNetIncomeGrowthPerShare,fiveYRevenueGrowthPerShare,fiveYShareholdersEquityGrowthPerShare,grossProfitGrowth,netIncomeGrowth,operatingIncomeGrowth,threeYNetIncomeGrowthPerShare,threeYRevenueGrowthPerShare,threeYShareholdersEquityGrowthPerShare,Industry,Sector,Symbol
2023Q1,2023,Q1,2023-05-08,2023-03-31,37303000.0,94753000.0,105846000.0,0.92,94753000.0,1.0,13841724000.0,1191253000.0,507677000.0,11827000.0,12650471000.0,0.0,789010000.0,866801284.8,1963755284.8,31.224305541084725,42.92525577069417,0.12715800430639998,1.4775081363908422,0.025748625040145162,31.224305541084725,0.03131408693199513,9.14800887359767,5.8091928584832315,0.727638280701077,0.29147789722006273,0.0,0.012543820816450179,0.006845462313798484,138.65477297708634,0.0026949677655760222,68.63034717339667,1.0,-0.07070707070707066,1.5070784875572938,1.2758478194632632,0.9417803015858436,-0.10838328424499628,-0.06879852217978481,0.1736281282224711,3.074002614273281,0.9401973612658225,0.691029623202371,Banks—Regional,Financial Services,DCOM
2022Q4,2022,Q4,2023-02-28,2022-12-31,40059000.0,106271000.0,90187000.0,0.99,106271000.0,1.0,13194060000.0,1173722000.0,1168445000.0,1360000.0,12020338000.0,0.0,762762000.0,1229409622.86,2453095622.8599997,30.388220952012468,859.1507352941177,0.10557652458757956,1.1868082902084138,0.024898319564478914,30.388220952012468,0.03412988765653196,11.56862759228764,7.672493215382311,1.0474453259460077,0.27139968546394067,0.0,0.008843268995006117,0.008054457839361045,859.1507352941177,0.0030361389898181453,26.383879281069593,1.0,0.01020408163265307,1.529625762114107,1.4627580169177206,0.9097543397681169,-0.03214025500910747,0.01463995339530407,0.2692383472190948,4.18573283587028,1.220681462827844,0.7682728552589707,Banks—Regional,Financial Services,DCOM
2022Q3,2022,Q3,2022-11-07,2022-09-30,39481000.0,109800000.0,71056000.0,0.98,109800000.0,1.0,12885903000.0,1140791000.0,1317490000.0,2124000.0,11745112000.0,0.0,733783000.0,1117491139.68,1687176139.68,29.8904924557746,620.2871939736347,0.06849973959915731,0.7737447087152686,0.024518243468812994,29.8904924557746,0.034608442738415714,10.177514933333335,7.0761324414275215,0.9795756976343608,0.2757782224361085,0.0,0.009743253985099015,0.008520939510409166,620.2871939736347,0.0030638908270534085,11.267984952507714,1.0,0.04255319148936174,1.8735094694756742,1.4891901945482247,0.8861727674674978,0.03941838009769397,0.02588021307002728,0.13229435573827963,6.957410810563925,1.6322204321491365,0.7766444451523897,Banks—Regional,Financial Services,DCOM
2022Q2,2022,Q2,2022-08-08,2022-06-30,38485000.0,105636000.0,62754000.0,0.94,105636000.0,1.0,12347085000.0,1140522000.0,1327626000.0,2162000.0,11206563000.0,0.0,705371000.0,1145429400.95,1228281400.95,29.522969527369543,614.0730804810361,0.02950809847020572,0.31944933986367646,0.028676967534022973,29.522969527369543,0.033743321040716444,10.843172790999281,7.440752247304144,1.0043027674608644,0.2880602832272314,0.0,0.009678466425608996,0.008555541652138947,614.0730804810361,0.003116930028423713,16.897728158469302,1.0,0.06818181818181812,2.113134496366622,1.5740574106507421,0.9055910351984234,0.09681036630949415,0.11450580637687875,0.12879087671331438,1.767230637961917,1.5177880183686847,0.7561619116706708,Banks—Regional,Financial Services,DCOM
2022Q1,2022,Q1,2022-05-09,2022-03-31,34531000.0,96312000.0,55594000.0,0.88,96312000.0,1.0,12078245000.0,1155287000.0,1748486000.0,2853000.0,10922958000.0,0.0,677990000.0,1356915643.36,1237424643.36,29.43312783328571,612.8587451805117,0.02595600602570986,0.2713637390535858,0.02609046328718828,29.43312783328571,0.029889542598505826,14.088749515740508,9.823894785555009,1.1745268867043428,0.3252439836668501,0.0,0.008276859401657241,0.007974006157351502,612.8587451805117,0.0028589418413022755,17.44533553644206,1.0,0.0,1.9324757606008691,1.3240609217903736,0.9095783054121775,-0.05451332646149315,-0.02336171055236587,-0.012434717731907486,1.7491960255633148,1.3402139383689353,0.7448299119427589,Banks—Regional,Financial Services,DCOM
2021Q4,2021,Q4,2022-03-01,2021-12-31,35357000.0,101865000.0,56294000.0,0.88,101865000.0,1.0,12066364000.0,1192620000.0,1997582000.0,1862000.0,10873744000.0,0.0,654726000.0,1420633436.04,1315110436.04,29.516776204343348,1072.8152524167563,0.024038807382240415,0.2432132615585853,0.025115869730173875,29.516776204343348,0.029646492596132883,13.94623703961125,10.044923466640268,1.1911869967298887,0.3272336453884662,0.0,0.008144254320981807,0.008442062579912226,1072.8152524167563,0.0029302116196726702,-109.65062025625193,1.0,-0.011235955056179785,42.753444360188816,1.3233698132521876,0.9091272329924409,-0.025737403879260875,-0.07912488605287146,-0.04245620003401939,1.5531962299418534,1.3480784668906933,0.7794112504997749,Banks—Regional,Financial Services,DCOM
2021Q3,2021,Q3,2021-11-09,2021-09-30,38395000.0,104556000.0,58790000.0,0.89,104556000.0,1.0,12364381000.0,1201117000.0,2381358000.0,2629000.0,11163264000.0,0.0,630744000.0,1342105806.28,1000735806.28,29.229052610041286,905.8037276531,0.02326367975881688,0.23947791930344836,0.027468980913542697,29.229052610041286,0.03196607824216958,12.836239013351696,8.73880587498372,1.1173814093714434,0.30433650214871727,0.0,0.008706467064909032,0.008456225993035964,905.8037276531,0.003105290915897852,13.232625476021454,1.0,-0.2521008403361344,2.2218558237383434,1.4706817065604894,0.9125512842197169,-0.14855290802781804,-0.2512383478294785,-0.2587409060533848,1.9198068208658463,1.5149699907684249,0.7829989890038181,Banks—Regional,Financial Services,DCOM
2021Q2,2021,Q2,2021-08-09,2021-06-30,51278000.0,122798000.0,79311000.0,1.19,122798000.0,1.0,12703685000.0,1204276000.0,2493180000.0,1841000.0,11499409000.0,0.0,613791000.0,1397235903.6799998,509251903.6799998,28.97703889040104,1354.253123302553,0.023315990596429303,0.2459560765140217,0.035835478465779884,28.97703889040104,0.04257994014661091,11.378327852896625,6.812063183431491,1.1602289705017785,0.2297866531455985,0.0,0.008433078457951354,0.009666329100572,1354.253123302553,0.004036466584302114,20.967239959783306,1.0,2.9508196721311473,3.1128019385976424,1.9111813327109375,0.9697243558542001,0.7428538987765761,3.437862508319863,5.1282011242973145,2.738910889685591,1.8750683255932916,0.7576621063635511,Banks—Regional,Financial Services,DCOM
2021Q1,2021,Q1,2021-05-10,2021-03-31,-21034000.0,70458000.0,-19212000.0,-0.61,70458000.0,1.0,13018628000.0,1172824000.0,1880316000.0,126763000.0,11845804000.0,0.0,574297000.0,1043711670.32,1296099670.3200002,33.868468050340084,14.833318870648375,0.07136781233782853,0.7921998526633152,-0.006611347369891711,33.868468050340084,-0.01793448974441178,14.813245767975248,-12.405054558334127,0.8899132950212478,-0.5514405248645051,0.0,0.011113222482645775,0.005412091043695234,14.833318870648375,-0.0016156848478964144,-117.03427565821934,1.0,-5.066666666666667,-1.4433676631327268,1.0536912036101875,1.2911171433490078,1.155403958518156,-5.3675249169435215,-0.34481310373792523,-2.5574709947805534,0.8644660867598373,1.1062157497308174,Banks—Regional,Financial Services,DCOM
2020Q4,2020,Q4,2021-03-15,2020-12-31,4816000.0,32689000.0,-14286000.0,0.15,32689000.0,1.0,6434296000.0,517831000.0,1343754000.0,0.0,5916465000.0,0.0,172075000.0,515128879.32,-20927120.680000007,15.852721906758267,0.0,0.052961815869210865,0.6580757042355517,-0.009297416673739858,15.852721906758267,0.00930033157535953,15.758477754596347,26.74049415074751,0.9947818483636554,0.42919435215946844,0.0,0.004012588078401972,0.005080431487764939,0.0,0.0007484890343869788,-120.52617672437997,1.0,-0.6428571428571429,-0.5244013821630935,0.040323615778671926,0.17857353985631033,-0.36020589904683614,-0.6964960927653139,-1.4360672751137022,-0.6404010501569383,-0.10425503831283774,-0.003732251836093654,Banks—Regional,Financial Services,DCOM
2020Q3,2020,Q3,2020-11-06,2020-09-30,15868000.0,51093000.0,32761000.0,0.42,51093000.0,1.0,6619391000.0,694158000.0,706654000.0,0.0,5925233000.0,0.0,601913000.0,369442461.96000004,1575889461.96,21.250743453658636,0.0,0.20450975021720277,1.9501756084349673,0.01225209537969573,21.250743453658636,0.022859349024285536,7.230784294521755,5.820558072220821,0.5322166739560734,0.40660448701789764,0.0,0.017464153865179053,0.007718685903280226,0.0,0.0023971993798221013,15.235997276476413,1.0,0.20000000000000004,0.7349219851794077,0.6704188282900514,0.5811858971697137,-0.01634515421046552,0.22381613450563012,0.03628139431897261,0.3493837985304865,0.35333700247962,0.3409807031461436,Banks—Regional,Financial Services,DCOM
2020Q2,2020,Q2,2020-08-07,2020-06-30,12966000.0,51942000.0,31614000.0,0.35,51942000.0,1.0,6467521000.0,681543000.0,659020000.0,0.0,5785978000.0,0.0,592497000.0,451030500.0,1513029500.0,20.747123287671233,0.0,0.1822973593746352,1.7299157940144643,0.013024183101998984,20.747123287671233,0.019024478279433578,8.683348735127643,8.69640791300324,0.6617784938000978,0.44447015270708007,0.0,0.012777406405996932,0.008031207011156206,0.0,0.002004786687202098,158.47874209416725,1.0,0.4583333333333333,0.23344748858447478,0.6394857287373976,0.5639389957435242,0.16045576407506704,0.5450428979980935,0.08680257141874935,0.23344748858447478,0.4884464130010784,0.33914483454961947,Banks—Regional,Financial Services,DCOM
2020Q1,2020,Q1,2020-05-08,2020-03-31,8392000.0,44760000.0,29089000.0,0.24,44760000.0,1.0,6347825000.0,645648000.0,803978000.0,0.0,5702177000.0,0.0,585294000.0,479393004.57000005,1507096004.5700002,18.4646709393263,0.0,0.20067597956780472,1.9729883775679626,0.011618786793665924,18.4646709393263,0.012997794463856467,10.710299476541556,14.281250136141566,0.742499015825961,0.5856768350810295,0.0,0.010252548437598909,0.0070512340841154255,0.0,0.001322027623634867,24.66267129179957,1.0,0.26315789473684204,-0.2727272815127347,0.3680815985658891,0.4140379915942279,0.04034957233172183,0.2083513318934485,-0.012760902765993551,-0.2000000076263107,0.21242928234186,0.19796085696462135,Banks—Regional,Financial Services,DCOM
2019Q4,2019,Q4,2020-03-12,2019-12-31,6945000.0,43024000.0,29465000.0,0.19,43024000.0,1.0,6354460000.0,596758000.0,706483000.0,0.0,5757702000.0,0.0,581817000.0,725405250.0,1930171250.0,17.185255579553637,0.0,0.21406287867104365,2.27940639254103,0.012003810065247101,17.185255579553637,0.011637883363105313,16.860479034957233,26.1125,1.2155769172763498,0.7138948884089272,0.0,0.0068348002719859,0.006770677602817549,0.0,0.0010929331524629944,33.967280857838546,1.0,0.4615384615384615,-0.3939394010177692,0.31119473758934146,0.35785824678570144,0.08764567586015118,0.4760892667375133,-0.005837101018962143,9.0,0.14181317263472,0.11153193715082517,Banks—Regional,Financial Services,DCOM
2019Q3,2019,Q3,2019-11-08,2019-09-30,4705000.0,39557000.0,29638000.0,0.13,39557000.0,1.0,6425335000.0,608904000.0,632149000.0,0.0,5816431000.0,0.0,579830000.0,774877314.28,1938072314.28,16.82412738087883,0.0,0.1985477799990195,2.0951348652661177,0.013008338611156392,16.82412738087883,0.00772699801610763,19.58887969967389,41.17307727311371,1.272577145625583,1.0699256110520723,0.0,0.006496512295856137,0.006156410521786023,0.0,0.0007322575398792437,38.964012383969425,1.0,-0.6388888888888888,-0.6060606110839194,0.15365736237964553,0.31477791614985506,0.005925134777743871,-0.6390487149980821,-0.27577949369563093,-0.5517241387640821,0.061317884171031276,0.10085697465000594,Banks—Regional,Financial Services,DCOM
2019Q2,2019,Q2,2019-08-09,2019-06-30,13035000.0,39324000.0,40924000.0,0.36,39324000.0,1.0,6498362000.0,608701000.0,648932000.0,0.0,5889661000.0,0.0,580159000.0,683251243.71,1844345243.71,16.81107495338159,0.0,0.20520740457364486,2.19075046697804,0.015348095053427695,16.81107495338159,0.02141445471586214,17.37491719331706,13.104166546029921,1.1224743243562931,0.3874952052167242,0.0,0.007392595398104906,0.006051371099363194,0.0,0.002005890099689737,44.38425644471872,1.0,0.12499999999999993,0.24137933838796527,0.2180926241737061,0.35189664525637887,0.04351979619997877,0.13337970611251196,0.0860357730481397,0.20000001104718076,0.07003787112557637,0.1427387011146722,Banks—Regional,Financial Services,DCOM
2019Q1,2019,Q1,2019-05-10,2019-03-31,11501000.0,37684000.0,37682000.0,0.32,37684000.0,1.0,6475301000.0,606274000.0,655096000.0,0.0,5869027000.0,0.0,572175000.0,687903562.5,1837419562.5,16.868766194243978,0.0,0.1996801384213645,2.1326809330434755,0.014544336757646428,16.868766194243978,0.018969970673325922,18.25452612514595,14.953125,1.1346413708983067,0.43813581427701936,0.0,0.007325154679657587,0.005819652244737349,0.0,0.0017761336500032971,67.87405648741984,1.0,-0.058823529411764754,0.14285713374526607,0.15024796648089614,0.3687870772692284,-0.03302455672166483,-0.0754823151125402,0.031733428250691344,-0.7664233555169174,0.05831144617781827,0.14112983667681717,Banks—Regional,Financial Services,DCOM
2018Q4,2018,Q4,2019-03-14,2018-12-31,12440000.0,38971000.0,36523000.0,0.34,38971000.0,1.0,6320578000.0,602081000.0,650141000.0,0.0,5718497000.0,0.0,565713000.0,616311140.04,1708164140.04,16.587945139749515,0.0,0.19604362132703687,2.058043685151998,0.015795151048991395,16.587945139749515,0.02066167176841654,15.814609325909009,12.385674036173633,1.023634926264074,0.4086816720257235,0.0,0.008249080163746573,0.006165733576897556,0.0,0.001968174429617038,32.564257637112966,1.0,0.06250000000000006,0.18184373027562534,0.1697824858276624,0.3538634527786816,0.04622942897795914,0.05584790358173485,0.045755189692197565,0.10559574548949037,0.11616974156468303,0.23323384698764818,Banks—Regional,Financial Services,DCOM
2018Q3,2018,Q3,2018-11-08,2018-09-30,11782000.0,37249000.0,34925000.0,0.32,37249000.0,1.0,6294193000.0,603577000.0,603400000.0,0.0,5690616000.0,0.0,558357000.0,643959937.5,1667784937.5,16.393196401290105,0.0,0.18376414577690897,1.9163205357394335,0.015250134388567958,16.393196401290105,0.019520293185459354,17.287979207495503,13.664062499999998,1.0669060244177626,0.4450008487523341,0.0,0.008141810840522979,0.0059179945705509825,0.0,0.0018718841319292244,40.61813659013498,1.0,-0.030303030303030328,0.06666667670021632,0.06505351891809973,0.37416230100442543,-0.029240832920695316,-0.043746449151854556,0.018191889449287194,0.14285712925305025,0.08042283766598153,0.21975454721282137,Banks—Regional,Financial Services,DCOM
2018Q2,2018,Q2,2018-08-08,2018-06-30,12321000.0,38371000.0,34301000.0,0.33,38371000.0,1.0,6253175000.0,615532000.0,571008000.0,0.0,5637643000.0,0.0,551818000.0,728059098.0,1734403098.0,16.48612596556001,0.0,0.18507973949233789,1.8802206871454286,0.014508160195059383,16.48612596556001,0.020016830968982928,18.97420181908212,14.772727416605795,1.1828127505962323,0.42731921110299487,0.0,0.007231555809773014,0.006136242788663359,0.0,0.0019703590575987397,50.67226461581292,1.0,-0.15384615384615383,-0.029411761259642767,0.025851930345938533,0.4276038022434171,-0.0699968491723018,-0.1643947100712106,-0.056368638239339755,0.031249989956172453,0.06560301920034219,0.24274073705440513,Banks—Regional,Financial Services,DCOM
2018Q1,2018,Q1,2018-05-09,2018-03-31,14745000.0,41259000.0,36350000.0,0.39,41259000.0,1.0,6325917000.0,607957000.0,543236000.0,0.0,5717960000.0,0.0,544762000.0,695661532.8,1630884532.8,16.08024631601421,0.0,0.17768949545180565,1.8488955633375386,0.016007481679676992,16.08024631601421,0.024253360023817474,16.86084327783029,11.794871698880977,1.1442610789907839,0.35496778569006443,0.0,0.0075237737796618335,0.006522216462846414,0.0,0.0023308873638398986,64.01596878623354,1.0,-0.04878048780487796,0.2999999982808981,0.1238640945536029,0.4146333911963843,-0.018250606767239327,-0.04396031900408481,-0.22207717165664392,0.18181818842599928,0.16631186181854155,0.23143701178066245,Banks—Regional,Financial Services,DCOM
2017Q4,2017,Q4,2018-03-14,2017-12-31,15423000.0,42026000.0,46727000.0,0.41,42026000.0,1.0,6403460000.0,598567000.0,524845000.0,0.0,5804893000.0,0.0,535130000.0,788077679.35,1902234679.35,15.912109908179193,0.0,0.20045600347312234,2.1444750545887095,0.012405365166297741,15.912109908179193,0.02576653908417938,18.752145799029172,12.77439018592362,1.316607296008634,0.33994683265253195,0.0,0.006652897471127952,0.006563014370356026,0.0,0.0024085416321801027,141.99597826126126,1.0,0.17142857142857143,1.1578947210040815,2.554298482285107,0.44044909920391556,-0.0167286680236775,0.15849169984225944,0.3083664669317355,0.24242423355253415,0.18231098139568042,0.25726321395464424,Banks—Regional,Financial Services,DCOM
2017Q3,2017,Q3,2017-11-07,2017-09-30,13313000.0,42741000.0,35714000.0,0.35,42741000.0,1.0,6444429000.0,586037000.0,204475000.0,0.0,5858392000.0,0.0,524237000.0,795081954.0,1953096954.0,15.847165737583827,0.0,0.20654661568930313,2.27131563365453,0.012072662909467917,15.847165737583827,0.022716995684572815,18.602324559556397,14.93055573499587,1.3567094808007003,0.3936753549162473,0.0,0.006591773305422047,0.0066322400324373195,0.0,0.002065815295660795,44.27945834261528,1.0,0.0937499999999999,0.058823502323461375,0.11461704499929341,0.4185881531712771,0.07389447236180904,0.11043456501793311,0.061368837112544206,0.09090907316194011,0.21994714891849626,0.2384299686783205,Banks—Regional,Financial Services,DCOM
2017Q2,2017,Q2,2017-08-07,2017-06-30,11989000.0,39800000.0,33649000.0,0.32,39800000.0,1.0,6258184000.0,580448000.0,117589000.0,0.0,5677736000.0,0.0,516165000.0,734326250.0,1682402250.0,15.49281508049045,0.0,0.1690778027619514,1.822936766084128,0.012767137343557767,15.49281508049045,0.020654735652461547,18.450408291457286,15.3125,1.2651025587132698,0.4401534740178497,0.0,0.0071861791676383615,0.006359672390584873,0.0,0.001915731464591006,-264.9084595959596,1.0,0.06666666666666674,-0.058823526146908306,-0.03889896275875825,0.39632119290032636,0.013625366102126576,0.07457201756744644,0.05107140625976135,0.10344829063097524,0.19146488408449686,0.2458861072818785,Banks—Regional,Financial Services,DCOM
2017Q1,2017,Q1,2017-05-09,2017-03-31,11157000.0,39265000.0,32014000.0,0.3,39265000.0,1.0,6095370000.0,573225000.0,95355000.0,0.0,5522145000.0,0.0,509453000.0,754957000.0,1430848000.0,15.413417585372413,0.0,0.12529592133045245,1.3323302368180034,0.014804415145164444,15.413417585372413,0.019463561428758342,19.22722526423023,16.916666666666668,1.3170343233459811,0.46992919243524245,0.0,0.006944766390668607,0.006441774658470282,0.0,0.0018304057013766187,56.77649093780552,1.0,13.999999999999998,9.758953740426371e-09,0.019720726547527975,0.4291945625052856,-0.011330731461664358,14.241803278688524,0.3657849829351536,0.07142856288618687,0.15824258241278386,0.2506953125363171,Banks—Regional,Financial Services,DCOM
2016Q4,2016,Q4,2017-03-15,2016-12-31,732000.0,39715000.0,23440000.0,0.02,39715000.0,1.0,6005430000.0,565868000.0,120956000.0,0.0,5439562000.0,0.0,503539000.0,735660000.0,1453282000.0,15.46087431693989,0.0,0.13839558532861093,1.4687612658782614,0.0012863585814732984,15.46087431693989,0.0012935879038927806,18.523479793528892,251.25,1.3000558434122447,7.034153005464481,0.0,0.006999157219367642,0.006613181737194506,0.0,0.00012188968983070322,71.00279895762958,1.0,-0.9310344827586207,-0.9473684214661743,0.10453740583971861,0.4342616651471996,0.06138756748089155,-0.9305305115307962,-0.2588610996933,-0.9310344819557624,0.18222292906224477,0.26187496458199405,Banks—Regional,Financial Services,DCOM
2016Q3,2016,Q3,2016-11-09,2016-09-30,10537000.0,37418000.0,31627000.0,0.29,37418000.0,1.0,5821786000.0,555291000.0,88450000.0,0.0,5266495000.0,0.0,507956000.0,608965935.08,1410220935.08,15.282754952093304,0.0,0.15152137162032409,1.5885814825019675,0.012867255401427833,15.282754952093304,0.018975636197957467,16.274678899994655,14.448275958052578,1.0966609130708045,0.4887539147765019,0.0,0.008456959089712371,0.006427237277357842,0.0,0.001809925682599807,84.76697314587975,1.0,-0.03333333333333337,-0.12121212783729715,-0.04235448634568868,0.45724884074067906,-0.013212373744033334,-0.059867951463240546,-0.015992035095361064,-0.033333330662244226,0.08414516994593392,0.2810793695488566,Banks—Regional,Financial Services,DCOM
2016Q2,2016,Q2,2016-08-08,2016-06-30,11208000.0,37919000.0,32141000.0,0.3,37919000.0,1.0,5556197000.0,549611000.0,94170000.0,0.0,5006586000.0,0.0,502569000.0,635493600.0,1562691600.0,14.711215203426125,0.0,0.18306136373494317,1.8506270798801334,0.01186357288938955,14.711215203426125,0.020392604951502063,16.759239431419605,14.175000000000002,1.156260700750167,0.4601177730192719,0.0,0.008114951905101796,0.006824632027986049,0.0,0.002017207093269011,-60.5693480747236,1.0,-0.7794117647058824,-0.18918918787485817,-0.12018078377918148,0.41260038980121344,0.04792040900925798,-0.7760057557407518,-0.6733770984919312,-0.11764704709693503,0.013126306680395428,0.27390672641381214,Banks—Regional,Financial Services,DCOM
2016Q1,2016,Q1,2016-05-09,2016-03-31,50037000.0,36185000.0,98404000.0,1.36,36185000.0,1.0,5517359000.0,539907000.0,197121000.0,0.0,4977452000.0,0.0,496518000.0,643541567.96,1727749567.96,14.782512604673427,0.0,0.2314739715142698,2.365453679985627,0.03131878109540337,14.782512604673427,0.09267707216242797,17.784760756114412,3.215328496712433,1.1919489244629167,0.10242420608749525,0.0,0.007963743532909672,0.006558391433292631,0.0,0.009069012909981026,88.78884767660044,1.0,3.3870967741935485,3.1515151658054217,-0.08485220998452674,0.4727052413387394,0.024345364472753008,3.3953794799718904,2.182123916699004,3.566666581480364,0.0203123462469551,0.3004673887070067,Banks—Regional,Financial Services,DCOM
2015Q4,2015,Q4,2016-03-11,2015-12-31,11384000.0,35325000.0,30924000.0,0.31,35325000.0,1.0,5032872000.0,493947000.0,68341000.0,0.0,4538925000.0,0.0,451606000.0,642277941.6899999,1744848941.69,13.450770249509423,0.0,0.23182091656612766,2.3620449157500705,0.010801822164662495,13.450770249509423,0.02304700706755988,18.18196579447983,14.104838845968025,1.3002972822792727,0.4483485593815882,0.0,0.007946715383950524,0.007018855238122488,0.0,0.002261929172846041,123.8245501619433,1.0,0.10714285714285703,-0.014348022781619946,0.0045702525876578064,0.37381532427776865,0.047815382790021656,0.1292530502926297,0.09446115731728898,0.6315789122226894,2.060340945404965,0.21763549908270804,Banks—Regional,Financial Services,DCOM
2015Q3,2015,Q3,2015-11-06,2015-09-30,10081000.0,33713000.0,28255000.0,0.28,33713000.0,1.0,4832492000.0,483879000.0,78203000.0,0.0,4348613000.0,0.0,445326000.0,608460349.9,1604112349.9,13.439750184780282,0.0,0.2213609458639559,2.2107283019101884,0.010676094903578346,13.439750184780282,0.02083372082690094,18.04824103164951,15.089285534669177,1.2574638492267693,0.504910227160004,0.0,0.008365376644240726,0.006976317808699942,0.0,0.0020860872609825324,26.663468444347064,1.0,-0.12499999999999993,-0.1764705740808024,-0.1544137572018812,0.3919411585438531,-0.029757964716378392,-0.1255963223176338,-0.0779597963712309,-0.17647058960357903,-0.0969615134569664,0.20308392739872042,Banks—Regional,Financial Services,DCOM
2015Q2,2015,Q2,2015-08-07,2015-06-30,11529000.0,34747000.0,30644000.0,0.32,34747000.0,1.0,4644535000.0,477947000.0,72247000.0,0.0,4166588000.0,0.0,440335000.0,610316437.5,1576095437.5,13.265941538728423,0.0,0.22256802887694893,2.162844415803426,0.011975363765877477,13.265941538728423,0.024121921468279954,17.56457931619996,13.234375,1.2769542177270703,0.4386330124035042,0.0,0.008285865641624635,0.007481265616471832,0.0,0.0024822721757937014,58.202978971962615,1.0,-0.030303030303030328,0.06651371451419431,-0.11096820360805704,0.4053814804608635,0.04048510256026351,-0.021141110545084055,-0.05481015391258752,-0.058823526146908306,-0.12744138827299414,0.19561972553517828,Banks—Regional,Financial Services,DCOM
2015Q1,2015,Q1,2015-05-07,2015-03-31,11778000.0,33395000.0,32421000.0,0.33,33395000.0,1.0,4583349000.0,466056000.0,83480000.0,0.0,4117293000.0,0.0,433863000.0,574623634.9000001,1544199634.9,13.05811516316382,0.0,0.22881194515189657,2.2502124208249654,0.012794277018851477,13.05811516316382,0.02527164117616767,17.20687632579728,12.19696966590253,1.2329497633331616,0.42800135846493464,0.0,0.008772698674110872,0.007286156912772734,0.0,0.002569736670718289,56.49072305348015,1.0,0.0,0.15862693642529282,-0.12222081804965067,0.4071768387420665,-0.027065610068756556,-0.017435555184783517,0.01767217025550882,0.10000001353668318,-0.09629712878738404,0.21080137382851766,Banks—Regional,Financial Services,DCOM
2014Q4,2014,Q4,2015-03-16,2014-12-31,11987000.0,34324000.0,31858000.0,0.33,34324000.0,1.0,4497107000.0,459725000.0,108402000.0,0.0,4037382000.0,0.0,427126000.0,591358659.76,1686896659.76,12.656148475169832,0.0,0.26099556892909154,2.553102398172821,0.01191886376024773,12.656148475169832,0.026074283539072273,17.228722169910267,12.333333189288398,1.2863313062374246,0.41970468007007594,0.0,0.008507527398079882,0.007632462380815044,0.0,0.0026654913925774947,43.31028707777941,1.0,0.0,0.35509413216596186,-0.2013681312567838,0.42755719979474616,0.01622453813358598,0.018869528261793455,-0.002536084410908294,-0.13157894404930884,-0.03814793981383018,0.17407516639977927,Banks—Regional,Financial Services,DCOM
2014Q3,2014,Q3,2014-11-05,2014-09-30,11765000.0,33776000.0,31939000.0,0.33,33776000.0,1.0,4384405000.0,456203000.0,90656000.0,0.0,3928202000.0,0.0,420170000.0,513381816.0,1557379816.0,12.796174300026241,0.0,0.2516247928738335,2.418276512868175,0.012323512722833609,12.796174300026241,0.02578895798580895,15.199603742302227,10.909090862728432,1.1253363436891033,0.4277093072673183,0.0,0.009801671666532109,0.00770366788652052,0.0,0.002683374368928053,37.47312525547445,1.0,0.13793103448275876,0.32000000560985975,0.01541468290106757,0.4713415787299327,0.05028141422307907,0.12476099426386233,0.05384894578810176,3.3541575211130725e-09,-0.11900504995606458,0.22014716738455398,Banks—Regional,Financial Services,DCOM
2014Q2,2014,Q2,2014-08-05,2014-06-30,10460000.0,32159000.0,30307000.0,0.29,32159000.0,1.0,4301694000.0,448524000.0,90244000.0,0.0,3853170000.0,0.0,413437000.0,569528973.14,1530215973.1399999,12.435177653831275,0.0,0.23668582656042014,2.2700011593582508,0.012013947691718025,12.435177653831275,0.023320937118192116,17.70978491681955,13.612069147705546,1.2697848345684957,0.48107074569789676,0.0,0.00883537139867869,0.007475892055548349,0.0,0.0024316002021529193,107.03419904905093,1.0,0.035714285714285546,0.3848612683355956,0.06895099500879107,0.44867128620911084,-0.015520724912753322,0.0424556507873231,0.05665574227738651,-0.21621622543611008,-0.2271196275086846,0.1940506992895074,Banks—Regional,Financial Services,DCOM
2014Q1,2014,Q1,2014-05-08,2014-03-31,10034000.0,32666000.0,28682000.0,0.28,32666000.0,1.0,4280369000.0,441635000.0,100426000.0,0.0,3838734000.0,0.0,408009000.0,608490423.72,1575520423.72,12.323878910296024,0.0,0.24136937726630578,2.339375275963182,0.011338320050447576,12.323878910296024,0.02272011955574173,18.62763802485765,15.160714164839545,1.3778129535023267,0.4994020330875025,0.0,0.008235133709032432,0.007631585033907123,0.0,0.002344190419097045,46.91522156669237,1.0,-0.034482758620689495,2.23061811698544,0.4917153109552048,0.4487493266383777,0.0012567049808429119,-0.02658129608071401,0.000732702976169708,-0.15151513402934544,-0.15799774540718967,0.22776428812778693,Banks—Regional,Financial Services,DCOM
2013Q4,2013,Q4,2014-03-14,2013-12-31,10308000.0,32625000.0,28661000.0,0.29,32625000.0,1.0,4028190000.0,435506000.0,95969000.0,0.0,3592684000.0,0.0,402986000.0,601418489.7600001,1465641489.7600002,12.252302922945638,0.0,0.22590791397625237,2.089523450882422,0.012766648867650488,12.252302922945638,0.023669019485380225,18.434283211034487,14.58620706635623,1.3809648770855054,0.48370197904540163,0.0,0.008290400253556712,0.008099171091731026,0.0,0.002558965689304626,50.41650513538437,1.0,-0.03333333333333337,0.8016422102751031,0.4414202394531639,0.45467793808056806,-0.0307774575918719,-0.03038284263004421,-0.027748566776349265,-0.07793847474927879,-0.041470587225457024,0.2514080012518188,Banks—Regional,Financial Services,DCOM
2013Q3,2013,Q3,2013-11-08,2013-09-30,10631000.0,33661000.0,29479000.0,0.3,33661000.0,1.0,4015325000.0,422745000.0,118407000.0,0.0,3592580000.0,0.0,397664000.0,590020505.55,1296807505.55,11.929592588377457,0.0,0.1923879138052337,1.8273427243373666,0.014692274743325063,11.929592588377457,0.025147547575961868,17.52831186090728,13.87500013051453,1.3956889035943654,0.4661838020882325,0.0,0.008399708066722463,0.008383132125045918,0.0,0.002647606358140375,45.025984855769224,1.0,-0.11764705882352951,0.1758872150853672,0.15790040644987186,0.41463030941783363,-0.05108110393820652,-0.11695323531854805,-0.07826277280970546,-0.11764706246097374,-0.14221147415831195,0.23553568333634542,Banks—Regional,Financial Services,DCOM
2013Q2,2013,Q2,2013-08-09,2013-06-30,12039000.0,35473000.0,31982000.0,0.34,35473000.0,1.0,3951243000.0,408905000.0,117793000.0,0.0,3542338000.0,0.0,391989000.0,554856272.08,1231065272.08,11.548110154689125,0.0,0.18665012503660242,1.8035974126019492,0.016711103151312072,11.548110154689125,0.029442046441104902,15.641650609759537,11.52205897665919,1.356931981951798,0.40742586593570895,0.0,0.008840127158719024,0.008977681200574099,0.0,0.003046889295343263,34.40115767127534,1.0,0.13333333333333347,0.30769228410426563,0.29338123785754205,0.36445015184422574,0.03685841225301064,0.1389782403027436,0.07549517436190605,0.1331708066113324,-0.07651880512532586,0.22339602495171068,Banks—Regional,Financial Services,DCOM
2013Q1,2013,Q1,2013-05-10,2013-03-31,10570000.0,34212000.0,29737000.0,0.3,34212000.0,1.0,3982325000.0,400500000.0,203369000.0,0.0,3581825000.0,0.0,384855000.0,495732995.31,1101576995.31,11.367076739518229,0.0,0.18770441890101888,1.8664169787765292,0.015428715643236677,11.367076739518229,0.026392009987515605,14.490032599964925,11.724999889072848,1.2377852567041199,0.4617786187322611,0.0,0.009846026078913168,0.008590961310289844,0.0,0.002654228371617083,27.500998297459226,1.0,0.5789473684210525,0.6666666600519321,0.5017811223124737,0.3932287373465843,2.070543887991384,0.5694135115070527,-0.38644851135824376,0.053297222214177126,-0.08906755102563725,0.2249460900127511,Banks—Regional,Financial Services,DCOM
2012Q4,2012,Q4,2013-03-15,2012-12-31,6735000.0,11142000.0,48467000.0,0.19,11142000.0,1.0,3905399000.0,391574000.0,161047000.0,0.0,3513825000.0,0.0,379166000.0,492363941.52000004,1255787941.52,11.046631163137416,0.0,0.2157269974207501,2.1515728827756693,0.025758133063393446,11.046631163137416,0.017199814083672563,44.18990679590738,18.276315572383073,1.2573969199180741,0.7178916109873794,0.0,0.009819971757220164,0.0028529735374029645,0.0,0.0017245357004495572,25.36912312036274,1.0,-0.44117647058823534,0.15650991993558275,-0.49236693529730363,0.3597894619236832,-0.6902590904036473,-0.42899533700720643,0.4192386530014641,-0.2197942873856045,-0.7343410427644785,0.24601081295407418,Banks—Regional,Financial Services,DCOM
2012Q3,2012,Q3,2012-11-13,2012-09-30,11795000.0,35972000.0,34150000.0,0.34,35972000.0,1.0,3954358000.0,387538000.0,194702000.0,0.0,3566820000.0,0.0,377266000.0,504062787.28,1147540787.28,11.171082813681496,0.0,0.2119636107808145,2.1628330641124225,0.016369768413898794,11.171082813681496,0.030435725012772943,14.012642813299232,10.68382338448495,1.3006796424608684,0.4089020771513353,0.0,0.009568252451298076,0.009096799025277933,0.0,0.0029827850690301687,29.12984207582062,1.0,0.0,1.0000000451676583,0.6488281047581961,0.34905175196750116,-0.04038841167369151,0.02289480530743214,-0.004373177842565598,0.3600000184484953,0.11137027101171024,0.28448380256677536,Banks—Regional,Financial Services,DCOM
2012Q2,2012,Q2,2012-08-09,2012-06-30,11531000.0,37486000.0,34300000.0,0.34,37486000.0,1.0,3879916000.0,376299000.0,89584000.0,0.0,3503617000.0,0.0,370294000.0,450726442.73999995,1209322442.74,11.095452220638446,0.0,0.21860782553024344,2.2540054584253477,0.016534700597085564,11.095452220638446,0.030643185339317935,12.023860714400042,9.772058857427803,1.1977880428595344,0.41592229641835055,0.0,0.010640600473415217,0.009661549373749329,0.0,0.002971971558147135,38.097070639844475,1.0,0.13333333333333347,0.9999999718044299,0.8300027550712427,0.33880193888435634,0.05997455110985438,0.12530496730750462,-0.0575369566412046,0.6236304686303518,0.3251651220936844,0.2925961724874708,Banks—Regional,Financial Services,DCOM
2012Q1,2012,Q1,2012-05-09,2012-03-31,10247000.0,35365000.0,36394000.0,0.3,35365000.0,1.0,4018858000.0,368369000.0,124749000.0,0.0,3650489000.0,0.0,363559000.0,499028904.87,1329734904.87,10.784688096177534,0.0,0.23774291104587422,2.5937443161612403,0.016265726457823336,10.784688096177534,0.027817215889502103,14.110813088364202,12.175000118815262,1.3546984270391915,0.46520932955987115,0.0,0.009552552875152255,0.008799763514908961,0.0,0.002549729301209448,25.280086366261397,1.0,-0.21052631578947373,0.7647058620975539,0.7387189458445029,0.29402215556636535,0.07482600370786859,-0.19486131845682408,0.004000110347871666,2.4613764925363766,0.6943542962347702,0.26780778447025727,Banks—Regional,Financial Services,DCOM
2011Q4,2011,Q4,2012-03-14,2011-12-31,12727000.0,32903000.0,36249000.0,0.38,32903000.0,1.0,4021180000.0,361034000.0,43309000.0,0.0,3660146000.0,0.0,358079000.0,422000523.0,1318466523.0,10.779674792014417,0.0,0.23370627527243246,2.60300968883817,0.01778531689574967,10.779674792014417,0.03525152755696139,12.825594109959578,8.289473619077551,1.1688664308624672,0.37259369843639506,0.0,0.011236952898278755,0.008182424064578059,0.0,0.003164991370692185,-42.08222207818109,1.0,0.15151515151515146,1.179833354931485,0.6914451129060437,0.2691526602735006,-0.09557449147883453,0.14000358294518095,-0.0009646125013780179,1.3607725974270881,0.5427997716387014,0.27983736594203223,Banks—Regional,Financial Services,DCOM
2011Q3,2011,Q3,2011-11-09,2011-09-30,11164000.0,36380000.0,36284000.0,0.33,36380000.0,1.0,4039865000.0,354792000.0,120703000.0,0.0,3685073000.0,0.0,350094000.0,342700969.39000005,1177452969.39,10.487402374137766,0.0,0.23650666544550375,2.6930004058716093,0.01615250479557533,10.487402374137766,0.031466323930641055,9.420037641286422,7.674242417368328,0.9659207913087106,0.4244894303117162,0.0,0.013828382243666577,0.00900525141310415,0.0,0.0027634586799311365,9.075046193099066,1.0,-0.08333333333333326,0.5714285640560001,0.6784845714149652,0.20887291819658876,-0.05427888114796714,-0.09515318528124493,-0.07577880231284546,0.2934759499195375,0.31085262242893896,0.243613070237602,Banks—Regional,Financial Services,DCOM
2011Q2,2011,Q2,2011-08-09,2011-06-30,12338000.0,38468000.0,39259000.0,0.36,38468000.0,1.0,4092782000.0,347274000.0,131643000.0,0.0,3745508000.0,0.0,343669000.0,484850054.84,1363662054.84,10.414279444943622,0.0,0.2468870807191783,2.909676509038972,0.01686867875010493,10.414279444943622,0.03552814204345848,12.603983956535302,9.824324340249635,1.396159962565582,0.3832874047657643,0.0,0.009753530917018386,0.009398985824312167,0.0,0.003014575415939574,36.84550914507181,1.0,0.09090909090909081,0.4230769270530039,0.6378196381514699,0.23818220860400757,0.05829596412556054,0.11353790613718412,0.06627013226866564,0.4230769140136554,0.48934978059339596,0.23048403415442228,Banks—Regional,Financial Services,DCOM
2011Q1,2011,Q1,2011-05-10,2011-03-31,11080000.0,36349000.0,36819000.0,0.33,36349000.0,1.0,4142710000.0,337022000.0,171745000.0,0.0,3805688000.0,0.0,336060000.0,495578188.08,1314358188.08,10.03765871793572,0.0,0.2391007335777788,2.9390514565814696,0.016462178870447132,10.03765871793572,0.032876192058678665,13.633887812044348,11.181818323104693,1.4704624270225681,0.42310469314079424,0.0,0.009459657653946681,0.008774208187394241,0.0,0.0026745777522443038,27.81178450418093,1.0,0.06451612903225812,0.37499996954357584,0.6070067232811479,0.20148776451424996,0.13057136636496533,0.04924242424242424,0.003762165698863172,0.8333332855475781,0.674358870964566,0.2302859303207479,Banks—Regional,Financial Services,DCOM
2010Q4,2010,Q4,2011-03-11,2010-12-31,10560000.0,32151000.0,36681000.0,0.31,32151000.0,1.0,4040295000.0,328734000.0,86193000.0,0.0,3711561000.0,0.0,329668000.0,489870309.21999997,1394202309.22,9.790813955711737,0.0,0.2451615537974331,3.0131504499078283,0.016053188822434006,9.790813955711737,0.03212323641606892,15.236549694255233,11.597308456912877,1.4901723254059513,0.4421401515151515,0.0,0.009531094071478334,0.007957587255386055,0.0,0.002613670536433602,21.54981124494105,1.0,-0.08823529411764713,0.22713283758996036,0.3671893090610255,0.1758257939334298,-0.130654625098018,-0.07001321003963012,-0.06001588806601235,0.9144051254971305,0.5464625287772097,0.20520414269457013,Banks—Regional,Financial Services,DCOM
2010Q3,2010,Q3,2010-11-09,2010-09-30,11355000.0,36983000.0,39023000.0,0.34,36983000.0,1.0,3996768000.0,322462000.0,70761000.0,0.0,3674306000.0,0.0,323777000.0,462883237.74,1367327237.74,9.65540109385081,0.0,0.24399840070777187,3.0242478183475883,0.017258715802328253,9.65540109385081,0.035213451507464445,12.516108421166482,10.191176524438573,1.4354660013893108,0.4108322324966975,0.0,0.01007813552025903,0.009253226607098536,0.0,0.0028410455648163716,24.61228466741107,1.0,0.13333333333333347,0.3076922892887708,0.5514696213558863,0.1676850954320169,0.022477191042300247,0.13504598160735706,0.054533171193082014,1.0000000074694861,0.7608555590537718,0.16601371405604026,Banks—Regional,Financial Services,DCOM
2010Q2,2010,Q2,2010-08-09,2010-06-30,10004000.0,36170000.0,37005000.0,0.3,36170000.0,1.0,4148295000.0,314727000.0,164655000.0,0.0,3833568000.0,0.0,317088000.0,411105442.05,1337655442.05,9.43938832492524,0.0,0.26304903580868766,3.4671477184988895,0.016418997869519582,9.43938832492524,0.03178627826656118,11.36592319740116,10.273526640593762,1.3062287063073712,0.4662135145941623,0.0,0.011345021308262683,0.008719244894589223,0.0,0.002411593196722991,42.430120967076064,1.0,0.07142857142857129,0.42877631442468533,0.7881297289683573,0.13465254582761013,0.02054060154618814,0.05638859556494192,0.00143429313704265,0.7649589457240156,0.7960939866290148,0.13897758649129596,Banks—Regional,Financial Services,DCOM
2010Q1,2010,Q1,2010-05-10,2010-03-31,9470000.0,35442000.0,36952000.0,0.28,35442000.0,1.0,4113940000.0,308540000.0,114069000.0,0.0,3805400000.0,0.0,311748000.0,419935905.66,1466221905.66,9.279654698436486,0.0,0.2820544295735961,3.7607927659298634,0.014762991738234407,9.279654698436486,0.030692940947689117,11.84853861689521,11.085953158922916,1.3610420226226747,0.49017951425554385,0.0,0.011054067864724059,0.008615098907616543,0.0,0.0023019295371347176,32.19626663037645,1.0,0.16666666666666682,-0.08122614774820527,0.3829303863014447,0.15081704853364392,-0.09908490086426029,0.16956897616401137,0.1171846656185754,0.6754111363789606,0.7900690012950528,0.11343774327960487,Banks—Regional,Financial Services,DCOM
2009Q4,2009,Q4,2010-03-12,2009-12-31,8097000.0,39340000.0,33076000.0,0.24,39340000.0,1.0,3952274000.0,294773000.0,39338000.0,0.0,3657501000.0,0.0,306787000.0,390011731.86,1456028731.8600001,8.865598153958056,0.0,0.27967570062197106,3.7498515807078667,0.01568253833906607,8.865598153958056,0.0274685944777846,9.913872187595324,12.041859079288626,1.3230917752304316,0.5721872298382117,0.0,0.011879129835158594,0.009953763327137743,0.0,0.002048693992369962,-3.3837267754053846,1.0,-0.040000000000000036,-0.16521113166160853,0.5105512358572231,0.10356171083688255,0.2660509123676504,-0.027504203699255346,-0.10080469769464985,0.3969606531026553,1.0371337911931107,0.043797489173517,Banks—Regional,Financial Services,DCOM
2009Q3,2009,Q3,2009-11-09,2009-09-30,8326000.0,31073000.0,36784000.0,0.25,31073000.0,1.0,3907743000.0,289643000.0,99500000.0,0.0,3618100000.0,0.0,303330000.0,380664720.0,1338004720.0,8.6969433101129,0.0,0.270447672735899,3.64876762082978,0.016647476769590594,8.6969433101129,0.02874573181468221,12.250658771280532,11.43,1.3142548585672706,0.5562094643286092,0.0,0.0121655613370212,0.007951648816209255,0.0,0.002130641651715581,15.268118081180813,1.0,0.19047619047619052,-0.21875000000000003,0.14845389228851116,0.08952832321472452,0.12799941917450175,0.20387507229612492,0.021749395850115275,0.19047618382455647,0.45628821017089605,0.002488401190086082,Banks—Regional,Financial Services,DCOM
2009Q2,2009,Q2,2009-08-10,2009-06-30,6916000.0,27547000.0,36001000.0,0.21,27547000.0,1.0,3974399000.0,283495000.0,229638000.0,0.0,3690904000.0,0.0,299635000.0,300871906.94,1055908906.94,8.583850437438917,0.0,0.2477544403568942,3.4733416815111378,0.018574498049987762,8.583850437438917,0.024395491983985607,10.92212970341598,10.875936485685367,1.061295285419496,0.6696067090803933,0.0,0.015391932224910304,0.006931110842167583,0.0,0.0017401373138429231,2.780444570187598,1.0,1.3333333333333333,-0.4016935632847971,-0.03401984938144334,0.12909952657134977,0.3709067383298497,1.4266666666666667,0.12152647975077882,-0.1945874789892008,0.18418772976369152,0.020557490236630744,Banks—Regional,Financial Services,DCOM
2009Q1,2009,Q1,2009-05-11,2009-03-31,2850000.0,20094000.0,32100000.0,0.09,20094000.0,1.0,4040758000.0,279722000.0,199318000.0,0.0,3761036000.0,0.0,297350000.0,308443262.26000005,1165965262.26,8.50656402988078,0.0,0.2615449873513831,3.77817976419445,0.01779719270939865,8.50656402988078,0.010188687339572861,15.350018028267147,27.056426514035092,1.1026778811105313,1.6150877192982456,0.0,0.0149233280904672,0.00497282935528433,0.0,0.0007053132110361472,36.18951804059604,1.0,-0.43750000000000006,-0.7523693668980281,-0.2753933177355702,0.08725509860561946,-0.0403553178279765,-0.4615529945210656,-0.11316167532324013,-0.6388719982922412,-0.09292123355488993,0.018218778617796624,Banks—Regional,Financial Services,DCOM
2008Q4,2008,Q4,2009-03-16,2008-12-31,5293000.0,20939000.0,36196000.0,0.16,20939000.0,1.0,4055598000.0,276964000.0,211020000.0,0.0,3778634000.0,0.0,297848000.0,437344924.1,1270999924.1,8.422691100349278,0.0,0.2575884000337312,3.7718800999407867,0.019650329830236547,8.422691100349278,0.01911078696148236,20.88661942308611,20.65676006518043,1.5790677636804782,0.8673720007557151,0.0,0.01049743519819669,0.005162987061340892,0.0,0.0013051096287156666,128.3289096537559,1.0,-0.36,-0.4250111686290969,-0.14622995453535956,0.04593220097929981,-0.22041029077776536,-0.36633544834191306,-0.11013865670174058,-0.371966326354737,-0.0908333810665354,0.011521360218133733,Banks—Regional,Financial Services,DCOM
2008Q3,2008,Q3,2008-11-06,2008-09-30,8353000.0,26859000.0,40676000.0,0.25,26859000.0,1.0,3828636000.0,276102000.0,78159000.0,0.0,3552534000.0,0.0,297146000.0,498312236.40000004,1454828236.4,8.433010737121045,0.0,0.2702463749491986,3.7474375411985426,0.019416486362911732,8.433010737121045,0.03025331218172994,18.552896101865297,14.914169651622172,1.8048121216072321,0.5480665629115288,0.0,0.009187011005535884,0.007015292130147656,0.0,0.002181716935221839,42.39151309230115,1.0,-0.03846153846153849,-0.40204725047967943,-0.16380824196185068,0.060782451378943905,0.07012231563010478,-0.0085459940652819,0.05487551867219917,-0.018744214539900432,0.1493500062508549,0.019854157444136395,Banks—Regional,Financial Services,DCOM
2008Q2,2008,Q2,2008-08-08,2008-06-30,8425000.0,25099000.0,38560000.0,0.26,25099000.0,1.0,3742004000.0,274252000.0,22872000.0,0.0,3467752000.0,0.0,293371000.0,534987497.46000004,1456790497.46,8.463563244930864,0.0,0.25245162752364775,3.4445509968933683,0.021490054194506242,8.463563244930864,0.030719921823724166,21.31509213355114,15.874999924629083,1.9507150265449298,0.5405341246290801,0.0,0.008512348459770303,0.006707368565079032,0.0,0.0022514673955452745,-111.54868587572979,1.0,0.44444444444444453,-0.26415093561884173,-0.09036068230306002,0.10052921786726364,0.17296008972801197,0.414302501259023,0.013217016580392569,0.23809525250261135,0.27673429176533854,0.017354435697490102,Banks—Regional,Financial Services,DCOM
2008Q1,2008,Q1,2008-05-12,2008-03-31,5957000.0,21398000.0,38057000.0,0.18,21398000.0,1.0,3640301000.0,270011000.0,123412000.0,0.0,3370290000.0,0.0,289500000.0,578490881.12,1196578881.12,8.158801519675025,0.0,0.2036919474515981,2.74618441470903,0.02474339134158693,8.158801519675025,0.022062064138127706,27.034810782316104,24.277777451737453,2.142471533085689,0.7631358066140674,0.0,0.007858377976846612,0.005878085356128518,0.0,0.0016364031435862035,52.75313524712749,1.0,0.12499999999999993,-0.5263157845017136,-0.2665015062630561,0.0836823092630856,0.04421237556119461,0.09564097848077985,-0.003978120338140228,-0.4193548298436113,-0.16115861037403517,0.01181436050914771,Banks—Regional,Financial Services,DCOM
2007Q4,2007,Q4,2008-03-14,2007-12-31,5437000.0,20492000.0,38209000.0,0.16,20492000.0,1.0,3501175000.0,268852000.0,101708000.0,0.0,3232323000.0,0.0,288112000.0,422616049.88,1052408049.88,8.123780535488072,0.0,0.20892985926153362,2.720827816047491,0.022835851487775755,8.123780535488072,0.020223022331989346,20.62346524887761,19.432409871252528,1.5719282351628405,0.8421923855067133,0.0,0.010834893755928549,0.0058528922433183144,0.0,0.0015529072382842904,-109.2031136640827,1.0,-0.058823529411764754,-0.41314040675900465,-0.16979243950260411,0.008813401147226872,-0.000828904383441416,-0.0193001443001443,0.05389601434284926,-0.43683401873388417,-0.20948516936405423,0.0112225921500973,Banks—Regional,Financial Services,DCOM
2007Q3,2007,Q3,2007-11-09,2007-09-30,5544000.0,20509000.0,36255000.0,0.17,20509000.0,1.0,3301472000.0,270048000.0,35739000.0,0.0,3031424000.0,0.0,287253000.0,496024945.65000004,1143950945.65,8.28069256601107,0.0,0.2070788424072656,2.5316425228107597,0.024135689022579718,8.28069256601107,0.020529683611802345,24.185720690916185,22.367647260551948,1.8368028855981162,0.6762265512265512,0.0,0.007558087618128244,0.0062120775217842225,0.0,0.0016792509523024881,79.95244127176016,1.0,0.0,-0.4333333332585071,-0.17337968408495139,0.15594485669953723,0.022586757080175508,-0.017891939769707706,-0.005949769686334722,-0.46875000479121565,-0.22590019551837,0.03738161383801806,Banks—Regional,Financial Services,DCOM
2007Q2,2007,Q2,2007-08-09,2007-06-30,5645000.0,20056000.0,36472000.0,0.17,20056000.0,1.0,3250372000.0,275197000.0,52605000.0,0.0,2975175000.0,0.0,285458000.0,437321465.94,943381465.94,8.287597962312821,0.0,0.17187724974249102,2.0300548334465853,0.028066919593453293,8.287597962312821,0.020512578262117682,21.805019243119265,19.367646852967226,1.58912148729819,0.8556244464127547,0.0,0.011044507018694277,0.0061703706529591075,0.0,0.0017367242887890986,52.67664007949892,1.0,0.0,-0.45166036847902546,-0.20298594391558278,0.17817147832363064,-0.015704750687082842,-0.029568506102802133,0.01593314763231198,-0.514285713038274,-0.300502034389188,0.09013117176969429,Banks—Regional,Financial Services,DCOM
2007Q1,2007,Q1,2007-05-10,2007-03-31,5817000.0,20376000.0,35900000.0,0.17,20376000.0,1.0,3299544000.0,285178000.0,26154000.0,0.0,3014366000.0,0.0,284643000.0,452699469.81,1030210469.81,8.334237593835718,0.0,0.18295406880465906,2.116800734979557,0.025909375451966463,8.334237593835718,0.020397786645533666,22.21728846731449,19.455882319494588,1.587427746214645,0.8406395048994327,0.0,0.010801868184321831,0.0061753987823772016,0.0,0.0017629708832493218,99.03729376722818,1.0,0.0,-0.4056549216764401,-0.16310545739766177,0.19696600622063645,0.025259132534970315,-0.024811399832355408,0.022937740418863085,-0.5142857114826751,-0.2938821722110809,0.06522942577739128,Banks—Regional,Financial Services,DCOM
