Quarters,Year,Quarter,FillingDate,Date,NetIncome,Revenue,OperatingIncome,EPSDiluted,GrossProfit,GrossProfitRatio,TotalAssets,CommonStockEquity,CurrentAssets,CurrentLiability,TotalLiability,Inventory,RetainedEarnings,MarketCap,EnterpriseValue,bookValuePerShare,currentRatio,debtToAssets,debtToEquity,roic,shareholdersEquityPerShare,roe,priceToSalesRatio,peRatio,pbRatio,payoutRatio,inventoryTurnover,dividendYield,assetTurnover,quickRatio,returnOnAssets,priceToFreeCashFlowsRatio,grossProfitMargin,epsdilutedGrowth,fiveYNetIncomeGrowthPerShare,fiveYRevenueGrowthPerShare,fiveYShareholdersEquityGrowthPerShare,grossProfitGrowth,netIncomeGrowth,operatingIncomeGrowth,threeYNetIncomeGrowthPerShare,threeYRevenueGrowthPerShare,threeYShareholdersEquityGrowthPerShare,Industry,Sector,Symbol
2023Q1,2023,Q1,2023-05-02,2023-03-31,112600000.0,1235700000.0,147700000.0,1.64,278700000.0,0.2255401797,3281200000.0,1294600000.0,2090400000.0,1050500000.0,1986600000.0,1083200000.0,1302900000.0,3275326000.0,3798126000.0,19.122599704579024,1.9899095668729176,0.23680360843593806,0.6001853854472424,0.058825829594800434,19.122599704579024,0.086976672331222,2.650583474953468,7.2720381882770875,2.529990730727638,0.0905861456483126,0.883493353028065,0.003114193823759833,0.3766000243813239,0.8417896239885768,0.03431671339753749,-292.4398214285714,0.22554017965525613,0.22388059701492521,1.635360657326352,0.15372433912472308,0.41327076822602754,0.18394222599830076,0.22125813449023862,0.222682119205298,5.709117118399743,0.5436747094696315,0.7147586863047839,Farm & Heavy Construction Machinery,Industrials,TEX
2022Q4,2022,Q4,2023-02-10,2022-12-31,92200000.0,1217600000.0,120800000.0,1.34,235400000.0,0.1933311432,3118100000.0,1181200000.0,1962000000.0,998600000.0,1936900000.0,988400000.0,1200600000.0,2883600000.0,3355000000.0,17.499259259259258,1.9647506509112758,0.2487091498027645,0.6565357263799526,0.05368399768021136,17.499259259259258,0.07805621401964104,2.3682654402102497,7.818872017353579,2.441246190314934,0.09544468546637744,0.9937272359368676,0.003051740879456235,0.39049421121837014,0.8527939114760665,0.02956928899009012,22.84944532488114,0.1933311432325887,0.11666666666666678,5.230789291163823,0.4025813101555863,0.18427883857671082,-0.007169970476592155,0.1271393643031785,0.0,2.969547996976569,0.4512344842017158,0.3364231033564938,Farm & Heavy Construction Machinery,Industrials,TEX
2022Q3,2022,Q3,2022-10-28,2022-09-30,81800000.0,1120500000.0,120800000.0,1.2,237100000.0,0.2116019634,2976500000.0,1034700000.0,1867000000.0,952700000.0,1941800000.0,981200000.0,1117400000.0,2016372000.0,2611172000.0,15.261061946902656,1.9596935026766034,0.2776751217873341,0.7987822557262975,0.049433676677228325,15.261061946902656,0.07905673141973518,1.7995287817938421,6.162506112469437,1.9487503624238909,0.10757946210268948,0.9003261312678353,0.004364274052605373,0.37644884931967076,0.80067177495539,0.027481941878044685,37.973107344632766,0.21160196340919232,0.12149532710280363,0.7934305987403333,0.3087979510311741,-0.026619227855741286,0.11366838891498356,0.1039136302294197,0.16265640038498555,3.0197529843134014,0.15005164976964885,0.25604723169128396,Farm & Heavy Construction Machinery,Industrials,TEX
2022Q2,2022,Q2,2022-08-03,2022-06-30,74100000.0,1077100000.0,103900000.0,1.07,212900000.0,0.1976603844,2993700000.0,1048900000.0,1909200000.0,955000000.0,1944800000.0,963200000.0,1044600000.0,1885793000.0,2460693000.0,15.223512336719883,1.9991623036649215,0.2766476266827003,0.7895890933358757,0.04598132602695743,15.223512336719883,0.07064543807798646,1.7508058676074645,6.362324561403509,1.7978768233387359,0.12010796221322537,0.897217607973422,0.0047194999663271635,0.35978889000233827,0.8418848167539267,0.02475197915622808,42.76174603174603,0.19766038436542568,0.44594594594594605,0.021057951482479822,0.2660227393734126,-0.0538445703181629,0.1458557588805167,0.4168260038240918,0.3946308724832215,0.019621636560058275,-0.14832394010977354,0.260218670357465,Farm & Heavy Construction Machinery,Industrials,TEX
2022Q1,2022,Q1,2022-04-29,2022-03-31,52300000.0,1002500000.0,74500000.0,0.74,185800000.0,0.1853366584,2939900000.0,1114100000.0,1835100000.0,919500000.0,1825800000.0,921300000.0,979500000.0,2489068000.0,3010968000.0,15.961318051575931,1.9957585644371942,0.2518112860981666,0.6644825419621219,0.032728003650154956,15.961318051575931,0.046943721389462345,2.4828608478802994,11.898030592734225,2.2341513329144598,0.1739961759082218,0.8864647780310431,0.0036559868995141957,0.340997993129018,0.8091353996737357,0.01778972073880064,-34.6666852367688,0.18533665835411473,-0.09756097560975606,18.135791703002365,0.5005772490730862,-0.009537746106418905,0.08086096567771961,-0.09827586206896552,-0.06875,1.7942856897011625,-0.10787438734233241,0.4413776598123058,Farm & Heavy Construction Machinery,Industrials,TEX
2021Q4,2021,Q4,2022-02-11,2021-12-31,58000000.0,990100000.0,80000000.0,0.82,171900000.0,0.1736188264,2863500000.0,1109600000.0,1767800000.0,909900000.0,1753900000.0,813500000.0,936900000.0,3067710000.0,3474910000.0,15.896848137535816,1.9428508627321683,0.23541121005762178,0.6075162220620043,0.0380868858725644,15.896848137535816,0.05227108868060562,3.0983840016159983,13.222887931034483,2.764698990627253,0.14482758620689656,1.005777504609711,0.0027381988519123383,0.34576567138117686,0.8513023409165842,0.020254932774576566,-52.26081771720613,0.17361882638117362,0.20588235294117632,1.3293305938266733,0.5411632056061332,0.13388308598709706,-0.03697478991596639,0.20582120582120583,0.07816711590296496,2.83311626291569,-0.16255417949822001,0.34490475817850946,Farm & Heavy Construction Machinery,Industrials,TEX
2021Q3,2021,Q3,2021-10-29,2021-09-30,48100000.0,993800000.0,74200000.0,0.68,178500000.0,0.1796136043469511,3067900000.0,1050700000.0,2005800000.0,939800000.0,2017200000.0,747700000.0,886600000.0,2938580000.0,3278780000.0,15.053008595988539,2.134283890189402,0.29120897030542064,0.8502902826686971,0.02952640302983034,15.053008595988539,0.04577900447320834,2.9569128597303282,15.273284823284826,2.796783096982964,0.17463617463617465,1.0904105924836165,0.0028585235045498164,0.32393493920923105,1.1349223238987018,0.01567847713419603,62.39023354564756,0.1796136043469511,-0.34615384615384615,-0.23400388358710844,0.4501984899789413,-0.13740015714524867,-0.22927461139896374,-0.3491204330175913,-0.3942857142857143,0.3157392698605936,-0.14584655501560947,0.13890435635392182,Farm & Heavy Construction Machinery,Industrials,TEX
2021Q2,2021,Q2,2021-07-30,2021-06-30,73900000.0,1038700000.0,122500000.0,1.04,231600000.0,0.22297102146914413,3068500000.0,1033900000.0,1996700000.0,945000000.0,2034600000.0,711700000.0,847000000.0,3323876000.0,3675876000.0,14.812320916905444,2.112910052910053,0.2914127423822715,0.8648805493761486,0.052981681053241185,14.812320916905444,0.0714769320050295,3.200034658708,11.244506089309878,3.2148911887029694,0.11366711772665765,1.1340452437824926,0.0025271700869707535,0.33850415512465376,1.152063492063492,0.024083428385204497,29.029484716157206,0.22297102146914413,0.8245614035087722,0.775949718088548,0.25222693974991683,-0.12854617524590572,0.3204104903078677,0.8428927680798005,0.991869918699187,0.3829552552522778,-0.19891464791178268,0.18017120011224252,Farm & Heavy Construction Machinery,Industrials,TEX
2021Q1,2021,Q1,2021-04-30,2021-03-31,40100000.0,864200000.0,61500000.0,0.57,175400000.0,0.20296227725063642,2965500000.0,946100000.0,1901900000.0,838000000.0,2019400000.0,658800000.0,781700000.0,3201865000.0,3608165000.0,13.61294964028777,2.2695704057279236,0.33019726858877085,1.0349857308952541,0.026754009074370786,13.61294964028777,0.04238452594863122,3.7050046285582043,19.96175187032419,3.384277560511574,0.20698254364089774,1.0455373406193078,0.002592239210585081,0.2914179733603102,1.2663484486873509,0.013522171640532793,24.479090214067277,0.20296227725063642,1.2799999999999998,1.8866560988497336,-0.05187671013935229,-0.20161235466373276,0.17560321715817695,1.265536723163842,0.9462025316455697,-0.08578171260208539,-0.21402789260383268,0.006075747710436958,Farm & Heavy Construction Machinery,Industrials,TEX
2020Q4,2020,Q4,2021-02-12,2020-12-31,17700000.0,786700000.0,31600000.0,0.25,149200000.0,0.18965298080589804,3031800000.0,921500000.0,1878600000.0,723300000.0,2110300000.0,610400000.0,750300000.0,2421366000.0,2930166000.0,13.278097982708934,2.5972625466611365,0.3871627416056468,1.273792729245795,0.010307910627411196,13.278097982708934,0.019207813347802496,3.0778772085928563,34.200084745762716,2.6276353771025502,0.0,1.0443971166448232,0.0,0.25948281548914837,1.4464261025853726,0.005838115970710469,19.232454328832407,0.18965298080589804,2.1249999999999996,0.6771024364684305,-0.2204302253727611,-0.23262297266223544,0.019822282980177717,2.0517241379310347,-0.13424657534246576,1.7899653531068873,-0.11859225857914987,-0.10139222326511554,Farm & Heavy Construction Machinery,Industrials,TEX
2020Q3,2020,Q3,2020-10-28,2020-09-30,5800000.0,765600000.0,36500000.0,0.08,146300000.0,0.1910919540229885,2915200000.0,852700000.0,1761100000.0,681000000.0,2062500000.0,635500000.0,732600000.0,1341648000.0,2007848000.0,12.304473304473305,2.586049926578561,0.4028883095499451,1.3773894687463353,0.018952768661986457,12.304473304473305,0.006801923302451038,1.7524137931034482,57.82965517241379,1.5734115163597981,0.0,0.9745082612116444,0.0,0.26262349066959384,1.3384728340675478,0.0019895718990120747,20.704444444444444,0.1910919540229885,1.6153846153846154,-0.791724585302567,-0.2696845996060034,-0.2935947121353757,0.3660130718954248,1.6304347826086956,3.9324324324324325,-0.8755898755898756,-0.12509856354348795,-0.2151963102169668,Farm & Heavy Construction Machinery,Industrials,TEX
2020Q2,2020,Q2,2020-08-03,2020-06-30,-9200000.0,690500000.0,7400000.0,-0.13,107100000.0,0.1551049963794352,2864300000.0,800400000.0,1707100000.0,675600000.0,2063900000.0,699800000.0,726900000.0,1300761000.0,2049261000.0,11.54978354978355,2.526791000592066,0.4100478301853856,1.4673913043478262,0.0019339484726870612,11.54978354978355,-0.011494252873563218,1.8837958001448225,-35.346766304347824,1.6251386806596702,0.0,0.8336667619319805,0.0,0.24107111685228502,1.1505328596802842,-0.0032119540550919947,15.466837098692034,0.1551049963794352,0.6285714285714286,-1.166258270031855,-0.42129131464652386,-0.35948458851853105,-0.21653255303584493,0.6305220883534136,2.0422535211267605,-1.1260393046107333,-0.19307132178419312,-0.28217022618892995,Farm & Heavy Construction Machinery,Industrials,TEX
2020Q1,2020,Q1,2020-05-01,2020-03-31,-24900000.0,833600000.0,-7100000.0,-0.35,136700000.0,0.16398752399232247,3114700000.0,786200000.0,1965600000.0,775600000.0,2328500000.0,823000000.0,736000000.0,1012380000.0,1846180000.0,11.15177304964539,2.5342960288808665,0.43185539538318296,1.710887814805393,-0.0032267887683389406,11.15177304964539,-0.031671330450267106,1.2144673704414588,-10.1644578313253,1.2876876112948359,-0.3373493975903614,0.8467800729040097,0.008297279677591418,0.26763412206633064,1.1775399690562145,-0.007994349375541786,-8.888323090430202,0.16398752399232247,-2.0294117647058822,-38.54425531914894,-0.15959931638717076,-0.321756794154191,-0.18920521945432978,-2.016326530612245,-1.3100436681222707,-7.077335800185015,0.235372666191928,-0.30798883688863615,Farm & Heavy Construction Machinery,Industrials,TEX
2019Q4,2019,Q4,2020-02-14,2019-12-31,24500000.0,885000000.0,22900000.0,0.34,168600000.0,0.19050847457627118,3195600000.0,932300000.0,2019700000.0,872400000.0,2263300000.0,847700000.0,771400000.0,2120336000.0,2760936000.0,13.094101123595506,2.3151077487391105,0.36791212917761923,1.2610747613429154,0.08038899430740037,13.094101123595506,0.026279094712002574,2.3958598870056496,21.636081632653063,2.2743065536844362,0.3224489795918367,0.8451102984546419,0.0037258245862919837,0.27694329703342097,1.074048601558918,0.00766679183877832,34.4770081300813,0.19050847457627118,0.13333333333333347,-0.5363237359550562,-0.2511848802498609,-0.29630385307164087,-0.19561068702290077,0.14485981308411214,-0.7349537037037037,1.136378401904057,0.3504803552346272,-0.06602996633073072,Farm & Heavy Construction Machinery,Industrials,TEX
2019Q3,2019,Q3,2019-10-31,2019-09-30,21400000.0,1024600000.0,86400000.0,0.3,209600000.0,0.20456763615069296,3160700000.0,866300000.0,2034900000.0,922300000.0,2294400000.0,858000000.0,754900000.0,1851661000.0,2581561000.0,12.15007012622721,2.206331996096715,0.37982092574429716,1.3857785986378852,0.030391940271395163,12.15007012622721,0.024702758859517487,1.8072037868436464,21.631553738317756,2.1374362230174304,0.3644859813084112,0.9498834498834499,0.004212434133461795,0.3241686968076692,1.0433698362788681,0.0067706520707438225,21.431261574074075,0.20456763615069296,-0.7142857142857143,-0.48480598410472187,-0.12498432641236258,-0.39624938994893877,-0.2288447387785136,-0.715046604527297,-0.3142857142857143,-0.6663730251643041,0.46368863424061085,-0.30375057486177365,Farm & Heavy Construction Machinery,Industrials,TEX
2019Q2,2019,Q2,2019-07-30,2019-06-30,75100000.0,1306900000.0,126000000.0,1.05,271800000.0,0.20797306603412655,3603100000.0,860100000.0,2439600000.0,1102000000.0,2742500000.0,863100000.0,741500000.0,2187264000.0,3193164000.0,12.080056179775282,2.213793103448276,0.38117176875468345,1.5967910708057202,0.042699500850742374,12.080056179775282,0.08731542843855365,1.6736276685285791,7.281171770972037,2.5430345308685034,0.1051930758988016,1.1992816591356736,0.0036118182350187264,0.3627154394826677,0.9176950998185118,0.02084316283200577,11.34473029045643,0.20797306603412655,2.117021276595745,-0.16779890212341864,-0.014844202337948921,-0.42853396953627826,0.14297729184188393,2.1276276276276276,0.2637913741223671,0.769300471185212,0.5445810348992558,-0.2892936076550505,Farm & Heavy Construction Machinery,Industrials,TEX
2019Q1,2019,Q1,2019-05-01,2019-03-31,-66600000.0,1136600000.0,99700000.0,-0.94,237800000.0,0.20922048213971495,3654800000.0,781800000.0,2508000000.0,1103200000.0,2872500000.0,955400000.0,674400000.0,2318504000.0000005,3513004000.0000005,11.073654390934845,2.2733865119651924,0.4101729232789756,1.9174980813507292,0.03143055300807043,11.073654390934845,-0.0851880276285495,2.03985922928031,-8.703093093093093,2.9655973394730113,-0.11711711711711711,0.9407577977810341,0.0033642383191920303,0.3109882893728795,0.8758158085569253,-0.01822261136040276,-8.39429398986242,0.20922048213971495,-1.0888888888888888,-3.9863537029542693,0.07807677728396635,-0.43799885190748405,0.06255585344057193,-1.018181818181818,1.1349036402569592,-0.4496566956354731,0.2275475053688168,-0.3505398103963608,Farm & Heavy Construction Machinery,Industrials,TEX
2018Q4,2018,Q4,2019-02-25,2018-12-31,-33000000.0,1233100000.0,46700000.0,-0.45,223800000.0,0.18149379612359096,3485900000.0,860500000.0,2423000000.0,1214700000.0,2624900000.0,1212000000.0,749000000.0,2007096000.0,2858496000.0,11.820054945054945,1.9947312093521035,0.34980923147537224,1.4170830912260313,0.015001351047486957,11.820054945054945,-0.03834979662986636,1.6276830751763847,-15.205272727272728,2.33247646717025,-0.22424242424242424,0.8327557755775578,0.0036869188120548296,0.3537393499526665,0.846217172964518,-0.009466708740927737,27.41934426229508,0.18149379612359096,-1.8823529411764706,-1.5839342948717947,0.1480544377977543,-0.39930956788063765,-0.03865979381443299,-1.854922279792746,-0.35048678720445064,-3.980769230769231,0.164855973398472,-0.31688720489056066,Farm & Heavy Construction Machinery,Industrials,TEX
2018Q3,2018,Q3,2018-11-02,2018-09-30,38600000.0,1228500000.0,71900000.0,0.51,232800000.0,0.1894993894993895,3339400000.0,974100000.0,2290100000.0,1030100000.0,2364700000.0,1112300000.0,2121900000.0,2947263000.0,3754663000.0,13.217096336499322,2.223182215318901,0.33940228783613824,1.1635355712965814,0.025839527750286032,13.217096336499322,0.039626321732881636,2.3990744810744813,19.08849093264249,3.02562673236834,0.18911917098445596,0.8951721657826126,0.0024768743067720795,0.36788045756722765,0.9757305116008155,0.011558962687908007,-43.53416543574594,0.1894993894993895,-0.32,-0.3824914334337558,0.024661270333109976,-0.2975538046736823,-0.16648764769065522,-0.33217993079584773,-0.30464216634429403,0.3033560305229481,0.10191841675621817,-0.24120061775216872,Farm & Heavy Construction Machinery,Industrials,TEX
2018Q2,2018,Q2,2018-08-01,2018-06-30,57800000.0,1402500000.0,103400000.0,0.75,279300000.0,0.19914438502673798,3337100000.0,947600000.0,2291100000.0,1084800000.0,2389000000.0,1004600000.0,2090900000.0,3185345000.0,3905945000.0,12.550993377483444,2.1120022123893807,0.32788948488208325,1.1547066272688897,0.03338284107437574,12.550993377483444,0.060996200928661884,2.2711907308377897,13.777443771626295,3.361486914309835,0.12975778546712802,1.1180569380848098,0.0023545330254650595,0.4202750891492613,1.0125368731563422,0.017320427916454408,49.92703761755486,0.19914438502673798,0.20967741935483872,2.9967415974877967,0.08252220635792148,-0.2863940773207082,0.20961455175400606,0.14910536779324055,0.45021037868162694,-0.0412407847057353,0.07891062590658944,-0.30396057614164923,Farm & Heavy Construction Machinery,Industrials,TEX
2018Q1,2018,Q1,2018-05-02,2018-03-31,50300000.0,1260900000.0,71300000.0,0.62,230900000.0,0.183123165992545,3420100000.0,1078400000.0,2339700000.0,1034600000.0,2341200000.0,1009100000.0,2040800000.0,2981576999.9999995,3616676999.9999995,13.530740276035132,2.261453701913783,0.31665740767813805,1.0042655786350148,0.026613949213708,13.530740276035132,0.04664317507418397,2.3646419224363546,14.818971172962225,2.76481546735905,0.1550695825049702,1.0207115251213954,0.002616065256741651,0.3686734306014444,1.0975256137637734,0.014707172304903366,-37.789315589353606,0.183123165992545,2.9374999999999996,1.9258464009911644,0.01730598909627651,-0.23412208297078274,0.13186274509803922,2.8838951310861423,0.7914572864321608,66.08770388958595,0.1244499549158501,-0.17706963534584363,Farm & Heavy Construction Machinery,Industrials,TEX
2017Q4,2017,Q4,2018-02-16,2017-12-31,-26700000.0,1063600000.0,39800000.0,-0.32,204000000.0,0.19180142910868747,3462500000.0,1222000000.0,2383000000.0,1035500000.0,2240000000.0,969600000.0,1995900000.0,3987794000.0,4346094000.0,14.776299879081016,2.301303718010623,0.2844187725631769,0.8058919803600655,-0.022508452756619127,14.776299879081016,-0.021849427168576106,3.7493362166227904,-37.33889513108615,3.2633338788870705,-0.250936329588015,0.8865511551155115,0.0016801269072574962,0.3071768953068592,1.1650410429744085,-0.007711191335740072,20.672856402280974,0.19180142910868747,-1.4848484848484849,-0.07133130712332646,-0.16181998226331393,-0.18674048082957997,-0.0684931506849315,-1.4510135135135136,-0.38006230529595014,-1.4350453446191054,-0.22520974990569897,-0.20590003142483,Farm & Heavy Construction Machinery,Industrials,TEX
2017Q3,2017,Q3,2017-11-01,2017-09-30,59200000.0,1111200000.0,64200000.0,0.66,219000000.0,0.1970842332613391,3602700000.0,1379700000.0,2457100000.0,1013600000.0,2222400000.0,904400000.0,2029500000.0,3961760000.0000005,4353960000.0,15.67840909090909,2.4241318074191,0.27337829960862686,0.7138508371385084,0.027102584998212168,15.67840909090909,0.04290787852431688,3.5652987760979125,16.730405405405406,2.871464811190839,0.11993243243243243,0.9865103936311367,0.0017921327894673074,0.3084353401615455,1.2877861089187057,0.01643212035417881,42.55381310418905,0.1970842332613391,-0.36538461538461536,1.4614689945815775,-0.23418571000898109,-0.15678759634699974,-0.0901537183215621,-0.4126984126984127,-0.1541501976284585,0.15474369866893223,-0.23111644681983942,-0.22092227000127082,Farm & Heavy Construction Machinery,Industrials,TEX
2017Q2,2017,Q2,2017-08-02,2017-06-30,100800000.0,1181700000.0,75900000.0,1.04,240700000.0,0.2036895997292037,3760000000.0,1539800000.0,2403600000.0,1020700000.0,2219800000.0,912500000.0,1977600000.0,3588750000.0,4025250000.0,16.089864158829677,2.3548545116096795,0.26382978723404255,0.6442395116248864,0.02413472778160532,16.089864158829677,0.0654630471489804,3.036938309215537,8.900669642857144,2.330659825951422,0.07341269841269842,1.0312328767123287,0.0020619993033786136,0.314281914893617,1.2560987557558538,0.026808510638297874,118.83278145695364,0.2036895997292037,27.0,0.35370646775247155,-0.3222893129396254,-0.10719692242923379,0.5804333552199606,22.91304347826087,13.047619047619047,-0.1689695534597118,-0.33726813742216966,-0.2388437053015468,Farm & Heavy Construction Machinery,Industrials,TEX
2017Q1,2017,Q1,2017-05-03,2017-03-31,-4600000.0,1006900000.0,-6300000.0,-0.04,152300000.0,0.15125633131393385,4163100000.0,1695300000.0,2597700000.0,1277700000.0,2467400000.0,909200000.0,1884500000.0,3303280000.0,3732180000.0,16.115019011406844,2.0331063629960084,0.29852753957387523,0.7330855895711673,-0.0014593436291923429,16.115019011406844,-0.0027133840618179675,3.280643559439865,-179.52608695652174,1.9484928921134903,-1.8043478260869565,0.9399472063352398,0.002512654089268848,0.24186303475775264,1.1465132660248885,-0.0011049458336335903,-15.981035316884373,0.15125633131393385,0.9841269841269841,-1.20893536121673,-0.42185056829414785,-0.1130161820235328,0.45463228271251194,0.9827844311377245,0.9768467475192943,-1.1384247691472025,-0.35906005104331784,-0.18214359359477908,Farm & Heavy Construction Machinery,Industrials,TEX
2016Q4,2016,Q4,2017-02-27,2016-12-31,-267200000.0,974700000.0,-272100000.0,-2.52,104700000.0,0.10741766697445368,5006800000.0,1484700000.0,2700500000.0,1407000000.0,3485600000.0,853800000.0,1897900000.0,3339027000.0,4486327000.0,14.019830028328611,1.9193319118692254,0.3147319645282416,1.0613591971442042,-0.0903744391026912,14.019830028328611,-0.17996901730989426,3.4256971375807943,-3.1240896332335333,2.2489573651242676,-0.027320359281437126,1.0189739985945185,0.002186265639660895,0.194675241671327,0.6687988628287136,-0.053367420308380605,12.4870119670905,0.10741766697445368,-3.8314606741573036,-94.44410797434143,-0.4839644941114537,-0.19325673829854773,-0.43066884176182707,-3.760330578512397,-7.871212121212121,-4.250288532158221,-0.376163804621768,-0.28751788404503237,Farm & Heavy Construction Machinery,Industrials,TEX
2016Q3,2016,Q3,2016-11-01,2016-09-30,96800000.0,1056400000.0,39600000.0,0.89,183900000.0,0.1740817872018175,5569300000.0,1877700000.0,2920400000.0,1475400000.0,3655700000.0,978400000.0,2172500000.0,2734116000.0,4148816000.0,17.450743494423794,1.9793954181916769,0.29869103837107,0.8859242690525643,0.026709638727513415,17.450743494423794,0.051552431165787935,2.588144642180992,7.06125,1.45609841827768,0.07747933884297521,0.8917620605069502,0.0027431169708966264,0.18968272493850213,0.6137996475532059,0.01738099940746593,31.681529548088065,0.1740817872018175,0.5084745762711865,1.6720665719668346,-0.403395604495264,-0.03971406989564309,-0.24039653035935563,0.4869431643625192,-0.4604904632152589,0.06068458194190661,-0.3964840261212677,-0.07254906363796763,Farm & Heavy Construction Machinery,Industrials,TEX
2016Q2,2016,Q2,2016-08-05,2016-06-30,65100000.0,1297700000.0,73400000.0,0.59,242100000.0,0.18656083840641136,5613800000.0,1856100000.0,3066700000.0,1524800000.0,3724300000.0,1035300000.0,2083400000.0,2217852000.0,3703352000.0,16.997252747252748,2.0112145855194123,0.3003847661120809,0.9085178600290933,0.053434295127265004,16.997252747252748,0.035073541296266365,1.7090637281343917,8.517096774193549,1.1948989817358977,0.11674347158218126,1.0196078431372548,0.0034267390249664996,0.23116249242937048,0.6535283315844701,0.011596423100217322,24.185954198473283,0.18656083840641136,1.9076923076923076,131.55769230769232,-0.12561140311106714,-0.1455333872811607,0.08322147651006712,1.9194915254237288,2.760191846522782,2.112314915131816,-0.30747961468011775,-0.03359520119925067,Farm & Heavy Construction Machinery,Industrials,TEX
2016Q1,2016,Q1,2016-04-27,2016-03-31,-70800000.0,1426900000.0,-41700000.0,-0.65,223500000.0,0.15663326091527086,5737500000.0,1855100000.0,3160200000.0,1634600000.0,3848300000.0,1554300000.0,2026100000.0,2706944000.0,4214244000.0,17.050551470588236,1.9333170194543008,0.3191111111111111,0.9869548811384831,-0.012128139654522682,17.050551470588236,-0.03816505848741308,1.8970803840493378,-9.558418079096045,1.4591903401433883,-0.10734463276836158,0.7742392073602264,0.002807594098732741,0.2486971677559913,0.8211183164076838,-0.012339869281045752,-17.879418758256275,0.15663326091527086,-5.333333333333334,-7.073529411764706,0.14006205690364032,-0.13716102665172838,-0.2815814850530376,-5.290909090909091,-1.8208661417322836,-4.016797932562146,-0.1566770475237858,-0.03489087972353685,Farm & Heavy Construction Machinery,Industrials,TEX
2015Q4,2015,Q4,2016-02-22,2015-12-31,16500000.0,1577700000.0,50800000.0,0.15,311100000.0,0.19718577676364327,5637100000.0,1877400000.0,3144200000.0,1458600000.0,3725100000.0,1445700000.0,2104600000.0,2005080000.0,3369780000.0,17.303225806451614,2.15562868504045,0.324847882776605,0.9753914988814317,0.009919162728941304,17.303225806451614,0.008788750399488655,1.2708880015212018,30.38,1.0680089485458613,0.3939393939393939,0.8761153766341565,0.0032417659145769742,0.27987795142892624,0.9637323460852872,0.002927036951624062,8.38594730238394,0.19718577676364327,-0.625,1.366588335825678,0.19695364818138056,-0.0929760665972944,-0.07575757575757576,-0.6215596330275229,-0.5460232350312779,1.50462905301615,-0.05232555137141282,-0.04766327060173162,Farm & Heavy Construction Machinery,Industrials,TEX
2015Q3,2015,Q3,2015-10-23,2015-09-30,43600000.0,1641300000.0,111900000.0,0.4,336600000.0,0.20508133796380917,5878900000.0,1889900000.0,3349200000.0,1592400000.0,3953200000.0,1545600000.0,2094600000.0,1946490000.0000002,3542990000.0,17.418433179723504,2.103240391861341,0.32278147272448926,1.0040742896449548,0.017711364894616898,17.418433179723504,0.023070003703899677,1.18594406872601,11.161066513761469,1.029943383247791,0.14908256880733944,0.844138198757764,0.003339344152808388,0.27918488152545545,0.9322406430545089,0.007416353399445475,556.1400000000001,0.20508133796380917,-0.48717948717948717,1.4563732045447986,0.5298737280926079,-0.08266347356894467,-0.12389380530973451,-0.4858490566037736,-0.2454484153742414,0.4703207495345929,-0.08257169161351013,-0.06320604187703346,Farm & Heavy Construction Machinery,Industrials,TEX
2015Q2,2015,Q2,2015-07-30,2015-06-30,84800000.0,1828500000.0,148300000.0,0.78,384200000.0,0.21011758271807493,6006900000.0,1915000000.0,3484300000.0,1670200000.0,4057300000.0,1564200000.0,2057600000.0,2469150000.0,4043050000.0,18.03201506591337,2.0861573464255776,0.3174016547636884,0.9956135770234987,0.028071542339033376,18.03201506591337,0.044281984334203654,1.350369155045119,7.279333726415095,1.289373368146214,0.07547169811320754,0.9233473980309423,0.0025919850960856973,0.30439994006892074,0.9491078912705065,0.014117098669862991,726.2205882352941,0.21011758271807493,77.0,3.153752692845093,0.7330713818971519,0.04198609200190487,0.38900939985538685,83.8,2.3552036199095023,0.026235999026591225,-0.05502681614614281,0.0005701966610555935,Farm & Heavy Construction Machinery,Industrials,TEX
2015Q1,2015,Q1,2015-04-30,2015-03-31,1000000.0,1495600000.0,44200000.0,0.01,276600000.0,0.18494249799411608,5734100000.0,1747800000.0,3359500000.0,1693600000.0,3952800000.0,1520700000.0,1979300000.0,2826517000.0,4348117000.0,16.44214487300094,1.9836443079829948,0.3266249280619452,1.0715756951596291,-0.001813007549822841,16.44214487300094,0.0005721478430026318,1.8898883391281092,706.6292500000001,1.61718560476027,6.4,0.8016045242322615,0.002264270832264586,0.26082558727612004,0.8754723665564478,0.00017439528435151113,-20.646581446311178,0.18494249799411608,-0.9859154929577465,-0.9981112142818686,0.6296037931704477,-0.15224100826041562,-0.184070796460177,-0.9875,-0.3721590909090909,-0.955049286269377,-0.15013157553206996,-0.09501090722552039,Farm & Heavy Construction Machinery,Industrials,TEX
2014Q4,2014,Q4,2015-02-23,2014-12-31,80000000.0,1789400000.0,70400000.0,0.71,339000000.0,0.18944897731083044,5928000000.0,2005900000.0,3356200000.0,1643100000.0,3888900000.0,1460900000.0,1984900000.0,3005464000.0,4316064000.0,18.60760667903525,2.0426023979063963,0.3017543859649123,0.8917692806221647,0.03809320480247697,18.60760667903525,0.03988234707612543,1.6795931597183413,9.392075,1.498311979660003,0.06625,0.9928126497364638,0.0017634548276073178,0.3018556005398111,0.9522244537763983,0.01349527665317139,11.082094395280237,0.18944897731083044,0.2678571428571427,1.563342220004885,8.265497192229574,0.2223152127059878,-0.051217464315701094,0.24610591900311526,-0.3972602739726027,29.07242019064679,-0.06933528059825861,0.07073775319459026,Farm & Heavy Construction Machinery,Industrials,TEX
2014Q3,2014,Q3,2014-10-30,2014-09-30,64200000.0,1809800000.0,116800000.0,0.56,357300000.0,0.19742512984860205,6289700000.0,2217700000.0,3537700000.0,1768200000.0,4041100000.0,1676800000.0,1910300000.0,3501054000.0,5008454000.0,20.12431941923775,2.0007352109489878,0.29443375677695277,0.8350543355728909,0.019499140874706042,20.12431941923775,0.028948911033954097,1.9344977345563046,13.633387850467289,1.578686927898273,0.08566978193146417,0.8662333015267175,0.0015709554894040479,0.28774027378094347,0.8713380839271576,0.010207164093676963,49.44991525423729,0.19742512984860205,-0.5371900826446281,1.6108301457010532,0.44793408222935766,0.19562458324792578,-0.15691363850873052,-0.5407725321888412,-0.27408328154133,0.730364599471766,-0.0020257931404786566,0.1074084492385687,Farm & Heavy Construction Machinery,Industrials,TEX
2014Q2,2014,Q2,2014-07-24,2014-06-30,139800000.0,2055100000.0,160900000.0,1.21,423800000.0,0.20621867549024378,6704600000.0,2331600000.0,3812400000.0,1995300000.0,4342100000.0,1779000000.0,1851700000.0,4533330000.0,6091530000.0,21.13871260199456,1.9106901217861976,0.2867434298839603,0.8245410876651227,0.026039676878329067,21.13871260199456,0.05995882655687082,2.2058926572916158,8.106813304721031,1.944300051466804,0.03934191702432046,0.9169758291174818,0.001213236186203078,0.30652089610118427,0.8683907181877412,0.02085135578558005,-238.5963157894737,0.20621867549024378,3.033333333333333,2.618615117159387,0.39859307286472556,0.12614042514657603,0.27114577084583086,2.994285714285714,1.1453333333333333,278.57207615593836,0.3709141712325537,0.06266138551023967,Farm & Heavy Construction Machinery,Industrials,TEX
2014Q1,2014,Q1,2014-05-01,2014-03-31,35000000.0,1654600000.0,75000000.0,0.3,333400000.0,0.20149885168620815,6677400000.0,2183200000.0,3743600000.0,1838600000.0,4462900000.0,1788200000.0,1717600000.0,4908440000.0,6573840000.0,19.703971119133573,2.0361144348961164,0.30788929822984995,0.9416910956394283,0.012960737058601183,19.703971119133573,0.016031513374862586,2.9665417623594825,35.06028571428571,2.2482777574203006,0.15714285714285714,0.7388435298065094,0.0011205189428820563,0.2477910563991973,0.8331882954421843,0.005241561086650493,791.6838709677419,0.20149885168620815,-0.5945945945945946,1.3998110597523532,0.08680223557328563,0.18992002936288863,-0.09500542888165038,-0.5949074074074074,-0.39759036144578314,1.9482551143200961,0.2981267785430475,-0.0028853764264394947,Farm & Heavy Construction Machinery,Industrials,TEX
2013Q4,2013,Q4,2014-02-25,2013-12-31,86400000.0,1642100000.0,124500000.0,0.74,368400000.0,0.22434687290664393,6536700000.0,2190100000.0,3639400000.0,1724700000.0,4321900000.0,1613200000.0,1688100000.0,4673487000.0,6242087000.0,19.677448337825695,2.1101640865077984,0.3024002937261921,0.9025615268709192,0.02291926658346933,19.677448337825695,0.03945025341308616,2.8460428719322817,13.522821180555557,2.133914889731063,0.0,0.7895487230349616,0.0,0.2512123854544342,0.9189424247695251,0.01321767864518794,1335.282,0.22434687290664393,-0.08641975308641982,1.1745940086905642,-0.3264005034631263,0.08347685568094076,-0.04830793076724361,-0.0847457627118644,-0.11639460610361958,2.8712982631513184,0.2144708134570146,0.03147914674086304,Farm & Heavy Construction Machinery,Industrials,TEX
2013Q3,2013,Q3,2013-10-25,2013-09-30,94400000.0,1810600000.0,140900000.0,0.81,387100000.0,0.21379653153650724,6489500000.0,2094200000.0,3603500000.0,1827900000.0,4369500000.0,1742900000.0,1607300000.0,3739680000.0,5274980000.0,18.81581311769991,1.9713879315060998,0.2936898066106788,0.9100849966574348,0.028527029054620984,18.81581311769991,0.045076878999140486,2.065436871755219,9.903813559322034,1.7857320217744246,0.0,0.8167422112571002,0.0,0.27900454580476153,0.8398161825045134,0.01454657523692118,272.9693430656934,0.21379653153650724,3.500000000000001,-0.13104481443379937,-0.37829862462160785,-0.2148162574966514,0.08583450210378682,3.431924882629108,0.6518171160609613,1.9632526583722079,0.6452227532213639,-0.009070880872379955,Farm & Heavy Construction Machinery,Industrials,TEX
2013Q2,2013,Q2,2013-07-26,2013-06-30,21300000.0,1908200000.0,85300000.0,0.18,356500000.0,0.18682528036893406,6555000000.0,1955800000.0,3708600000.0,1839000000.0,4573000000.0,1670000000.0,1512900000.0,2993504000.0,4315704000.0,17.58812949640288,2.0166394779771615,0.2853394355453852,0.9563350035790981,0.00916049740687812,17.58812949640288,0.010890684119030576,1.5687579918247563,35.1350234741784,1.5305777686880049,0.0,0.9291616766467066,0.0,0.2911060259344012,0.9395867319195215,0.0032494279176201375,57.34681992337165,0.18682528036893406,-0.14285714285714285,-0.9185338567909955,-0.4125865219469917,-0.3366332603811119,0.08854961832061069,-0.1087866108786611,0.24707602339181287,1.5166534266383418,0.727289397299643,0.016336014172023162,Farm & Heavy Construction Machinery,Industrials,TEX
2013Q1,2013,Q1,2013-04-26,2013-03-31,23900000.0,1723100000.0,68400000.0,0.21,327500000.0,0.19006441878010563,6751800000.0,1957500000.0,3869700000.0,1799900000.0,4764500000.0,1702200000.0,1491600000.0,3643104000.0000005,4995904000.0,17.66696750902527,2.1499527751541754,0.308436268846826,1.0638569604086845,0.00944399931322612,17.66696750902527,0.012209450830140486,2.1142731124136733,38.10778242677824,1.8611003831417627,0.0,0.8198801550934085,0.0,0.2552060191356379,1.0353908550475026,0.0035397967949287595,100.3609917355372,0.19006441878010563,1.7000000000000002,-0.8664563902011978,-0.334553268387953,-0.29627263891790917,0.06469440832249675,1.7177177177177176,1.4516129032258065,-0.9566914049466306,0.8012357455882347,-0.08908900400573659,Farm & Heavy Construction Machinery,Industrials,TEX
2012Q4,2012,Q4,2013-02-28,2012-12-31,-33300000.0,1695500000.0,27900000.0,-0.3,307600000.0,0.18142140961368328,6746200000.0,2007700000.0,3797400000.0,1708800000.0,4714900000.0,1715600000.0,1467700000.0,3106155000.0,4526855000.0,18.16923076923077,2.222261235955056,0.3110936527230144,1.0453254968371768,0.005398188994659856,18.16923076923077,-0.016586143348109778,1.8319994102034798,-23.319481981981983,1.547121083827265,0.0,0.8089881091163441,0.0,0.2513266727935727,1.0274461610486891,-0.004936112181672645,24.438670338316285,0.18142140961368328,-2.111111111111111,-1.1750990794195662,-0.4001981901502224,-0.21606809885232553,-0.18753301637612255,-2.1026490066225167,-0.7884761182714177,0.7712384501311836,7.5647673947183245,0.1935187343259092,Farm & Heavy Construction Machinery,Industrials,TEX
2012Q3,2012,Q3,2012-10-29,2012-09-30,30200000.0,1822000000.0,131900000.0,0.27,378600000.0,0.20779363336992315,6754300000.0,2054600000.0,3795200000.0,1759800000.0,4443300000.0,1760900000.0,1501000000.0,2449785000.0,3970985000.0,18.593665158371042,2.15660870553472,0.30555349925232816,1.0044777572276842,0.024430299784073368,18.593665158371042,0.014698724812615594,1.3445581778265643,20.279677152317884,1.1923415750024335,0.0,0.8196944744164916,0.0,0.2697540825844277,0.9755085805205137,0.004471225737678219,24.448952095808384,0.20779363336992315,-0.6493506493506493,-0.8149115183011514,-0.2298022460660884,-0.15378369178101978,-0.11665888940737285,-0.6484284051222352,-0.24628571428571427,1.2865574432414166,0.45373717422825766,0.10468546502880452,Farm & Heavy Construction Machinery,Industrials,TEX
2012Q2,2012,Q2,2012-08-07,2012-06-30,85900000.0,2011500000.0,175000000.0,0.77,428600000.0,0.2130748197862292,7087500000.0,1989600000.0,4168200000.0,1798200000.0,4846400000.0,1734800000.0,1472100000.0,1968431999.9999998,3529732000.0,18.02173913043478,2.3179846513179845,0.3390194003527337,1.2076799356654604,0.025740323684730212,18.02173913043478,0.04317450743868114,0.9785891126025353,5.728847497089639,0.9893606755126658,0.0,0.9124394742909846,0.0,0.2838095238095238,1.1723946168390613,0.012119929453262786,24.422233250620344,0.2130748197862292,2.85,-0.5418866311403291,-0.2003128793813322,-0.10647497703834503,0.29564691656590086,2.734782608695652,1.7429467084639498,1.9936559184969371,0.36768123900858246,-0.03991272560687735,Farm & Heavy Construction Machinery,Industrials,TEX
2012Q1,2012,Q1,2012-04-30,2012-03-31,23000000.0,1819400000.0,63800000.0,0.2,330800000.0,0.18181818181818182,7346300000.0,1996700000.0,4292500000.0,1977900000.0,5076800000.0,1827000000.0,1384900000.0,2472750000.0,4108050000.0,18.168334849863513,2.1702310531371656,0.35507670528020907,1.306405569189162,0.009843563568871802,18.168334849863513,0.011519006360494816,1.3591019017258437,26.877717391304348,1.2384183903440678,0.0,0.8147783251231527,0.0,0.2476620883982413,1.103796956367865,0.0031308277636361162,-25.206422018348626,0.18181818181818182,11.0,-0.812051537505737,-0.15937491198406042,0.002647994846401523,0.09319233311302048,8.931034482758621,1.0514469453376205,1.2648845716035089,0.2048355168992876,0.09718317223025917,Farm & Heavy Construction Machinery,Industrials,TEX
2011Q4,2011,Q4,2012-02-29,2011-12-31,-2900000.0,1956600000.0,31100000.0,-0.02,302600000.0,0.15465603598078298,7050700000.0,1906400000.0,4013500000.0,1891700000.0,4866200000.0,1758100000.0,1361900000.0,1482047000.0,3008347000.0,17.37830446672744,2.1216366231432047,0.3262654771866623,1.206672261854805,0.0026458415697892634,17.37830446672744,-0.001521191775073437,0.75746039047327,-127.7626724137931,0.7774061057490558,0.0,0.9407883510608043,0.0,0.27750436126909384,1.033567690437173,-0.0004113066787694839,12.909817073170732,0.15465603598078298,-1.0588235294117647,-1.0266180492251595,-0.10183265386146859,0.014313373215045276,0.09796806966618288,-1.0785907859078592,-0.40874524714828897,0.9940543118242247,-0.18568442997987364,-0.04311827644435088,Farm & Heavy Construction Machinery,Industrials,TEX
2011Q3,2011,Q3,2011-11-04,2011-09-30,36900000.0,1803600000.0,52600000.0,0.34,275600000.0,0.15280550011088934,7326700000.0,1991700000.0,4171800000.0,2023400000.0,5057900000.0,1893500000.0,1364800000.0,1124496000.0,2756196000.0,18.172445255474454,2.0617772066818225,0.3161860046132638,1.1631269769543606,0.006004719664268759,18.172445255474454,0.01852688657930411,0.6234730538922155,7.618536585365853,0.564591052869408,0.0,0.8069712173224188,0.0,0.2461681248037998,0.9340219432638134,0.005036373810856184,14.622834850455137,0.15280550011088934,79.06400000000001,-0.6633211678832116,-0.12692302235868752,0.15311740328134693,0.2824569567240577,74.8,6.735294117647059,-0.6550657167758703,-0.37109630125033305,-0.24166399363798033,Farm & Heavy Construction Machinery,Industrials,TEX
2011Q2,2011,Q2,2011-08-01,2011-06-30,-500000.0,1488200000.0,6800000.0,-0.004355400696864111,214900000.0,0.14440263405456255,5482900000.0,2178200000.0,3846400000.0,1538800000.0,3275700000.0,1685700000.0,1327900000.0,3115275000.0,3839775000.0,19.892237442922376,2.499610085781128,0.2601725364314505,0.6548985400789643,2.2865770362094542e-05,19.892237442922376,-0.0002295473326599945,2.0933174304528963,-1557.6375,1.4302061335047285,0.0,0.7553538589310079,0.0,0.27142570537489286,1.2326488172602028,-9.119261704572398e-05,-19.265769944341372,0.14440263405456255,-1.043554006968641,-1.007676749103613,0.30905020811962813,1.6745416863882217,0.2852870813397129,-1.0427350427350428,1.7311827956989247,-1.0019420402437116,-0.534765423965114,-0.249729841997411,Farm & Heavy Construction Machinery,Industrials,TEX
2011Q1,2011,Q1,2011-04-28,2011-03-31,11700000.0,1256200000.0,-9300000.0,0.1,167200000.0,0.1330998248686515,5412900000.0,2157900000.0,3809600000.0,1485200000.0,3226200000.0,1565900000.0,1328400000.0,4044768000.0,4738168000.0,19.76098901098901,2.565041745219499,0.26180051358791034,0.6567032763334724,-0.0010711641299876592,19.76098901098901,0.005421937995273182,3.219843973889508,86.42666666666668,1.874400111219241,0.0,0.6954467079634715,0.0,0.2320752276967984,1.3382709399407486,0.0021615030759851465,-44.94186666666667,0.1330998248686515,1.2573936320815422,-0.8643038433647572,-0.3436624927020536,0.5478743452607356,-0.09913793103448276,1.2582781456953642,-17.6,-0.9336672207155979,-0.5077579338594279,-0.2128615937075021,Farm & Heavy Construction Machinery,Industrials,TEX
2010Q4,2010,Q4,2010-12-31,2010-12-31,-45300000.0,1326600000.0,-500000.0,-0.38851,185600000.0,0.13990652796622946,5516400000.0,2083200000.0,3968900000.0,1674200000.0,3405000000.0,1448700000.0,1316700000.0,3389568000.0,4181668000.0,19.076923076923077,2.370624776012424,0.3056884924951055,0.8094758064516129,-0.00011535758735426844,19.076923076923077,-0.021745391705069124,2.5550791497060152,-18.706225165562913,1.6270967741935483,0.0,0.7876026782632706,0.0,0.240482923645856,1.3129255763946959,-0.008211877311289972,-21.264542032622334,0.13990652796622946,0.5482441860465116,-2.189670961222685,-0.2556449567132279,0.6398595375339561,0.13239780353874314,0.5271398747390397,-1.1388888888888888,-1.241033535430087,-0.5251137332682397,-0.17690469312183205,Farm & Heavy Construction Machinery,Industrials,TEX
2010Q3,2010,Q3,2010-09-30,2010-09-30,-95800000.0,1075800000.0,3600000.0,-0.86,163900000.0,0.1523517382413088,5708600000.0,2065900000.0,4158800000.0,1540100000.0,3621900000.0,1488100000.0,1363700000.0,2493696000.0,3112596000.0,18.988051470588236,2.7003441334978247,0.34565392565602776,0.9551285154170095,0.001563235002847169,18.988051470588236,-0.04637204124110557,2.3179921918572224,-6.507557411273487,1.2070748826177453,0.0,0.612794839056515,0.0,0.18845251024769646,1.6134666580092203,-0.016781697789300352,-11.167469771607703,0.1523517382413088,-1.3243243243243243,-2.689773886433186,-0.3610797861378883,0.6443873806369779,0.058102001291155586,-1.3771712158808933,1.3461538461538463,-1.5963089691322074,-0.5381310172600795,-0.135834776045798,Farm & Heavy Construction Machinery,Industrials,TEX
2010Q2,2010,Q2,2010-06-30,2010-06-30,-40300000.0,1079900000.0,-10400000.0,-0.37,154900000.0,0.14343920733401241,5573300000.0,1881100000.0,4068500000.0,1388400000.0,3672300000.0,1336200000.0,1457800000.0,2037037999.9999998,2484238000.0,17.305427782888685,2.93035148372227,0.35182028600649523,1.0423688267503057,-0.0008972189530572655,17.305427782888685,-0.021423635107118175,1.8863209556440408,-12.636712158808933,1.0828972409760245,0.0,0.6922616374794193,0.0,0.19376312059282652,1.7713195044655718,-0.007230904491055568,-9.769966426858511,0.14343920733401241,-1.0742971887550201,-1.517585251646114,-0.4386291559877596,0.5574101599086784,0.5725888324873096,-1.074643452491202,0.843609022556391,-1.2182852433898061,-0.563963208699045,-0.14198997970437122,Farm & Heavy Construction Machinery,Industrials,TEX
2010Q1,2010,Q1,2010-03-31,2010-03-31,539900000.0,935900000.0,-66500000.0,4.98,98500000.0,0.10524628699647398,5996100000.0,2102400000.0,4394100000.0,1429000000.0,3872000000.0,1322500000.0,1498100000.0,2461764000.0,2633564000.0,19.394833948339482,3.0749475157452766,0.3282133386701356,0.9360730593607306,-0.011058543883344898,19.394833948339482,0.2568017503805175,2.63037076610749,1.1399166512317096,1.1709303652968037,0.0,0.6331947069943289,0.0,0.15608478844582313,1.9519944016794961,0.09004186054268608,-19.38396850393701,0.10524628699647398,4.780345241167808,15.113794226177555,-0.41096918205072064,0.7285637026337853,1.919701213818861,4.780812324929972,0.6790540540540541,3.4729359464069156,-0.5615985173117494,0.07033426725001081,Farm & Heavy Construction Machinery,Industrials,TEX
2009Q4,2009,Q4,2010-02-24,2009-12-31,-142800000.0,194200000.0,-207200000.0,-1.31734,-107100000.0,-0.5514933058702368,5713800000.0,1650200000.0,3914600000.0,1554700000.0,4039400000.0,1418500000.0,958200000.0,2147403999.9999998,3184304000.0,15.223247232472325,2.517913423811668,0.34414925268647834,1.1916131378014787,-0.04508401467058207,15.223247232472325,-0.08653496545873228,11.057693099897012,-3.7594607843137253,1.301299236456187,0.0,0.212407472682411,0.0,0.0339878889705625,0.9902231941853734,-0.024992124330568098,-65.27063829787234,-0.5514933058702368,-0.38667368421052634,-1.6606736280128758,-0.8710767037887722,0.32760877027374924,-1.977189781021898,-0.3850630455868089,-1.1925925925925926,-2.3264282987657463,-0.9097843705709785,-0.11147009299904534,Farm & Heavy Construction Machinery,Industrials,TEX
2009Q3,2009,Q3,2009-10-29,2009-09-30,-103100000.0,1226100000.0,-94500000.0,-0.95,109600000.0,0.08938911997390099,5907700000.0,1819500000.0,4124200000.0,1601700000.0,4065200000.0,2018500000.0,1101000000.0,2240913000.0,3210613000.0,16.83163737280296,2.5748891802459886,0.3390321106352726,1.1007969222313823,-0.019949591656795777,16.83163737280296,-0.056663918658972245,1.8276755566430145,-5.433833656644035,1.2316092333058535,0.0,0.553133514986376,0.0,0.20754269851211132,1.0685521633264656,-0.0174518001929685,149.3942,0.08938911997390099,-0.21794871794871784,-3.1037898871498135,-0.10689316313002345,0.989211848206127,-0.14308053166536355,-0.3286082474226804,-0.10268378063010501,-1.9537465309898243,-0.398240351558436,0.0680375539694031,Farm & Heavy Construction Machinery,Industrials,TEX
2009Q2,2009,Q2,2009-07-30,2009-06-30,-77600000.0,1320200000.0,-85700000.0,-0.78,127900000.0,0.09687926071807301,5377200000.0,1860200000.0,3942000000.0,1312000000.0,3498500000.0,2002100000.0,1204100000.0,1196137000.0,1994237000.0,18.770938446014128,3.004573170731707,0.32295618537528825,0.933555531663262,-0.017063016588221788,18.770938446014128,-0.0417159445220944,0.9060271171034692,-3.8535341494845365,0.6430152671755726,0.0,0.5955246990659807,0.0,0.2455181135163282,1.2029725609756097,-0.014431302536636168,13.485197294250282,0.09687926071807301,0.012658227848101276,-2.306403998080867,-0.017106366759077753,0.9858525008336835,-0.11487889273356401,-0.036048064085447265,-0.1820689655172414,-2.316465640428284,0.2831434074603761,1.5237813247777467,Farm & Heavy Construction Machinery,Industrials,TEX
2009Q1,2009,Q1,2009-04-30,2009-03-31,-74900000.0,1302600000.0,-72500000.0,-0.79,144500000.0,0.11093198218946722,4920800000.0,1569800000.0,3523200000.0,1426700000.0,3331300000.0,2151900000.0,1281800000.0,876900000.0,2015400000.0,16.559071729957807,2.4694750122660687,0.301333116566412,0.9445789272518792,-0.017963383797651396,16.559071729957807,-0.04771308446935915,0.6731920773836941,-2.926902536715621,0.5586061918715759,0.0,0.538175565779079,0.0,0.26471305478783935,0.733230531996916,-0.015221102259795156,-5.4840525328330205,0.11093198218946722,0.8223201835275067,-5.554604120129064,0.29006478276792913,0.8386460792384602,-0.5431552323743282,0.8223013048635824,0.8149566105155691,-2.0006398723468055,-0.2160401717095989,0.2970688004472091,Farm & Heavy Construction Machinery,Industrials,TEX
2008Q4,2008,Q4,2009-02-27,2008-12-31,-421500000.0,2076400000.0,-391800000.0,-4.4462,316300000.0,0.15233095742631478,5445400000.0,1721700000.0,4040900000.0,1824600000.0,3723700000.0,2234800000.0,1356600000.0,1641936000.0,2593336000.0,18.161392405063292,2.214677189520991,0.2636720902045763,0.8339431956786897,-0.12329571606634704,18.161392405063292,-0.24481617006447115,0.7907609323829705,-0.973864768683274,0.9536713713190451,0.0,0.7875872561303024,0.0,0.3813126675726301,0.7957360517373671,-0.07740478201784994,8.66,0.15233095742631478,-5.631458333333334,-127.15524944154879,0.8860288651935624,1.030131693505421,-0.2911250560286867,-5.49360341151386,-3.3433014354066986,-13.750891168339882,0.34204000978173466,0.5611601740097473,Farm & Heavy Construction Machinery,Industrials,TEX
2008Q3,2008,Q3,2008-11-03,2008-09-30,93800000.0,2514600000.0,167200000.0,0.96,446200000.0,0.177443728624831,6486100000.0,2302900000.0,4603200000.0,2174500000.0,4183200000.0,2449300000.0,1778100000.0,2932972000.0,4013272000.0,23.963579604578563,2.116900436882042,0.24177857263995314,0.6809674757913935,0.029209778254950722,23.963579604578563,0.04073125189977854,1.1663771574007795,7.817089552238806,1.2735993747014633,0.0,0.8444861797248193,0.0,0.38769059989824395,0.822579903426075,0.01446169500932764,-431.3194117647059,0.177443728624831,-0.5862068965517241,5.516085973662491,1.9037218219251961,1.871239640702073,-0.3148034398034398,-0.6030469741853576,-0.549204637368563,0.8731451462529997,0.6907893644263287,1.07527391410836,Farm & Heavy Construction Machinery,Industrials,TEX
2008Q2,2008,Q2,2008-08-01,2008-06-30,236300000.0,2935900000.0,370900000.0,2.32,651200000.0,0.22180591982015735,6993800000.0,2664600000.0,5044200000.0,2520900000.0,4329200000.0,2530200000.0,1684300000.0,5162685000.0,5928585000.0,26.513432835820897,2.00095204093776,0.19387171494752495,0.508856864069654,0.061736608941761965,26.513432835820897,0.08868122795166254,1.7584675908579992,5.4620027507405835,1.937508444044134,0.0,0.9029720970674255,0.0,0.4197860962566845,0.8341465349676703,0.03378706854642684,54.17298006295908,0.22180591982015735,0.45911949685534575,5.616291252495162,1.79544070396479,2.280994769413523,0.2669260700389105,0.4470300061236987,0.44713226687475616,2.2824948292246634,0.6507110290172695,1.3860889306297846,Farm & Heavy Construction Machinery,Industrials,TEX
2008Q1,2008,Q1,2008-05-06,2008-03-31,163300000.0,2362700000.0,256300000.0,1.59,514000000.0,0.21754772082786641,6731300000.0,2538100000.0,4788900000.0,2363500000.0,4193200000.0,2362000000.0,1448000000.0,6318750000.0,7087950000.0,25.10484668644906,2.0261899724984134,0.2040319106264763,0.541113431306883,0.04340847539851673,25.10484668644906,0.06433946653008156,2.6743767723367333,9.673530312308634,2.489559119026043,0.0,0.78268416596105,0.0,0.351002035268076,0.8511529511317961,0.024259801227103233,-29.36222118959108,0.21754772082786641,-0.059171597633136015,11.35329772502473,1.40828433848343,1.9974064483883227,0.030886482150020055,-0.06149425287356322,0.06836181742392664,4.225752021877001,0.5943926300052329,1.237468330895262,Farm & Heavy Construction Machinery,Industrials,TEX
2007Q4,2007,Q4,2008-02-27,2007-12-31,174000000.0,2586300000.0,239900000.0,1.69,498600000.0,0.19278505973784943,6316300000.0,2343200000.0,4776900000.0,2175300000.0,3973100000.0,1934300000.0,1284700000.0,6629126999.999999,6708726999.999999,23.177052423343223,2.1959729692456214,0.21404936434304894,0.5769887333560942,0.04786626535202792,23.177052423343223,0.07425742574257425,2.5631701658740282,9.52460775862069,2.82909141345169,0.0,1.0793051749987075,0.0,0.4094644016275351,1.134648094515699,0.027547773221664584,18.511943591175648,0.19278505973784943,0.16551724137931034,5.082732621068986,1.8734592726396664,1.8805592975449978,0.0738746500107689,0.1485148514851485,0.01523487092678798,-0.13685027012888623,0.8409381660353542,1.021254571803188,Farm & Heavy Construction Machinery,Industrials,TEX
2007Q3,2007,Q3,2007-11-05,2007-09-30,151500000.0,2196500000.0,236300000.0,1.45,464300000.0,0.21138174368313226,5489000000.0,2254400000.0,4063600000.0,2011000000.0,3234600000.0,2031100000.0,1110700000.0,9238104000.0,9427104000.0,21.97270955165692,2.0206862257583293,0.1285480051011113,0.3129879347054649,0.05258438601645125,21.97270955165692,0.06720191625266146,4.205829273844753,15.244396039603961,4.097810503903478,0.0,0.8528383634483777,0.0,0.4001639642922208,0.8448035803083044,0.027600655857168883,372.5041935483871,0.21138174368313226,-0.12650602409638553,12.41001312805824,1.826503491913122,1.5327951691457915,-0.08440149871820153,-0.1323024054982818,-0.1694200351493849,2.2571267841490377,0.6857262991014956,1.5967987076511714,Farm & Heavy Construction Machinery,Industrials,TEX
2007Q2,2007,Q2,2007-08-03,2007-06-30,174600000.0,2342200000.0,284500000.0,1.66,507100000.0,0.21650584920160532,5280600000.0,2073400000.0,3895800000.0,2057800000.0,3207200000.0,1907400000.0,959200000.0,8357640000.0,8555940000.0,20.169260700389106,1.8931868986296045,0.12341400598416846,0.31431465226198513,0.06718839590394753,20.169260700389106,0.08420951094820102,3.568286226624541,11.966838487972508,4.030886466673097,0.0,0.9620949984271784,0.0,0.4435480816573874,0.8106229954320148,0.03306442449721623,104.4705,0.21650584920160532,0.5229357798165136,26.893669560011972,1.819121396042651,1.416463052487696,0.2308252427184466,0.5342706502636204,0.4175386148480319,1.833613146615576,0.6810139209002173,1.1337865934102638,Farm & Heavy Construction Machinery,Industrials,TEX
2007Q1,2007,Q1,2007-05-04,2007-03-31,113800000.0,2012700000.0,200700000.0,1.09,412000000.0,0.20470015402196054,4950600000.0,1851900000.0,3589800000.0,1916700000.0,3098700000.0,1759700000.0,784600000.0,7333872000.000001,7607072000.000001,18.120352250489237,1.872906558146815,0.1370338948814285,0.3663264755116367,0.049595952006733335,18.120352250489237,0.06145040228954047,3.6437978834401554,16.111318101933215,3.9601879151142074,0.0,0.9096436892652157,0.0,0.4065567809962429,0.8049773047425263,0.022987112673211327,-34.43132394366198,0.20470015402196054,0.12371134020618568,4.007468822010446,1.5716908426977627,1.1229332064701434,0.09720372836218376,0.12118226600985221,0.1847697756788666,5.419016921837229,0.8490000971161746,1.0120037622342455,Farm & Heavy Construction Machinery,Industrials,TEX
