Year,Date,FillingDate,NetIncome,Revenue,OperatingIncome,EPSDiluted,GrossProfit,GrossProfitRatio,TotalAssets,CommonStockEquity,CurrentAssets,CurrentLiability,TotalLiability,Inventory,RetainedEarnings,EnterpriseValue,bookValuePerShare,currentRatio,debtToAssets,debtToEquity,roic,shareholdersEquityPerShare,roe,priceToSalesRatio,peRatio,pbRatio,payoutRatio,inventoryTurnover,dividendYield,assetTurnover,quickRatio,returnOnAssets,priceToFreeCashFlowsRatio,grossProfitMargin,epsdilutedGrowth,fiveYNetIncomeGrowthPerShare,fiveYRevenueGrowthPerShare,fiveYShareholdersEquityGrowthPerShare,grossProfitGrowth,netIncomeGrowth,operatingIncomeGrowth,threeYNetIncomeGrowthPerShare,threeYRevenueGrowthPerShare,threeYShareholdersEquityGrowthPerShare,Industry,Sector,Price,MarketCap,AvgVolume,Symbol
2023,2023-01-29,2023-03-29,28242000.0,651545000.0,39017000.0,0.25,345826000.0,0.5307783806,418054000.0,193260000.0,194041000.0,88839000.0,224794000.0,119962000.0,10706000.0,489601676.71999997,12.791933893382547,2.1841871250239198,0.3775899764145302,0.8167908517023699,0.05565586660921801,12.791933893382547,0.14613474076373797,0.5759873481033543,13.288070133843213,1.9418486842595468,0.0,2.5484653473599974,0.0,1.5585187559501883,0.5966073458728711,0.06755586598860434,-7.997648894382405,0.5307783806183763,-0.9125874125874126,5.392180034907918,4.475723915917311,5.995395124925418,0.2651630723078893,-0.3847058823529412,0.01498400145677792,2.753211327404071,1.6351870322344502,1.023392903315027,"Furnishings, Fixtures & Appliances",Consumer Cyclical,29.1,442814700,391781,LOVE
2022,2022-01-30,2022-03-30,45900000.0,498239000.0,38441000.0,2.86,273345000.0,0.5486222476,371579000.0,156226000.0,225158000.0,118779000.0,215353000.0,108493000.0,-17536000.0,834127538.3000001,10.340642990932329,1.8956044418626188,0.3039891920695195,0.7230294573246451,0.12067560052363148,10.340642990932329,0.29380512846773266,1.632878073173718,17.724695823529412,5.207606533483543,0.0,2.072889495174804,0.0,1.3408696401034503,0.8498051002281548,0.12352689468457582,46.40978541357673,0.5486222475558918,1.9791666666666667,6.7129994234725325,4.584127352011913,17.96105848348695,0.5640107645503367,2.11669327399258,1.5833623427610612,5.774801593410571,1.094787668331235,0.3832205764187158,"Furnishings, Fixtures & Appliances",Consumer Cyclical,29.1,442814700,391781,LOVE
2021,2021-01-31,2021-04-14,14727147.0,320737750.0,14880220.0,0.96,174771815.0,0.5449056589,171018871.0,107946555.0,143399626.0,56323569.0,63072316.0,50416712.0,-63435681.0,754756280.34,7.388226999585301,2.5459967922132205,0.0,0.0,0.13705060989091145,7.388226999585301,0.13642998611674081,2.597440997637478,56.56882363841415,7.717683823629203,0.0,2.895189495895726,0.0,1.8754523879414453,1.4710460020741938,0.08611416338960629,26.473765954776145,0.5449056589066925,1.897196261682243,2.448710170301463,2.8273006562303236,35.282025745695094,0.4977404210481068,1.9685714302625994,1.9412767141831477,3.368320744247487,1.7873045093868754,3.040324751949978,"Furnishings, Fixtures & Appliances",Consumer Cyclical,29.1,442814700,391781,LOVE
2020,2020-02-02,2020-04-29,-15205019.0,233377379.0,-15808550.0,-1.07,116690324.0,0.5000070037,125663767.0,90154527.0,100917736.0,32400995.0,35509240.0,36399862.0,-78162828.0,110036765.39999998,6.322021725204666,3.1146492877765017,0.0,0.0,-0.1758504020243886,6.322021725204666,-0.16865508040433733,0.679481417948395,-10.429161081613906,1.7589310007693788,0.0,3.205700477655657,0.0,1.8571572743000773,1.7199395265484902,-0.12099763808608412,-7.160922494068072,0.5000070036779357,0.6737804878048781,-0.5324519126233878,1.8532397174667457,30.04611634314893,0.28399284597131885,-1.2679313270357362,-1.2444764274993885,-1.0049921446654722,1.7710895890881746,10.592337514272202,"Furnishings, Fixtures & Appliances",Consumer Cyclical,29.1,442814700,391781,LOVE
2019,2019-02-03,2019-05-03,-6704356.0,165881297.0,-7043313.0,-3.28,90880821.0,0.5478665928202864,105014305.0,78770134.0,85114262.0,24618619.0,26244171.0,26154314.0,-62957809.0,204473928.26,7.475772965802169,3.457312613676665,0.0002987497750901651,0.00039828547200389426,-0.08959970506056023,7.475772965802169,-0.08511291855870146,1.5282826445467206,-37.813252646488344,3.2183962929401644,0.0,2.8676139622702395,0.0,1.5796066735860415,2.1539013215972838,-0.06384231176885853,-13.800490555986423,0.5478665928202864,-5.319845857418111,0.08550143110093089,1.7447513020676004,35.71194553570567,0.5883492593269934,-0.21857545478768942,-0.3980838586749501,0.08550143110093089,1.7447513020676004,35.71194553570567,"Furnishings, Fixtures & Appliances",Consumer Cyclical,29.1,442814700,391781,LOVE
2018,2018-01-31,2018-01-31,-5501798.0,101810413.0,-5037833.0,-0.519,57217152.0,0.5619970523054454,41440935.0,23638453.0,29685565.0,16739010.0,17802482.0,11641482.0,-56253453.0,300941288.78999996,1.8286220670800108,1.7734361231637952,9.772945518724421e-06,1.7133100884393745e-05,-0.21412851117041126,1.8286220670800108,-0.23274780291248331,3.0460227559434414,-56.366452347032734,13.119167941743056,0.0,3.8305484645339827,0.0,2.4567595542909446,0.7157613861273755,-0.1327624002692024,-32.47403132584345,0.5619970523054454,0.024056352753796955,0.3882964654089631,0.3731189553710501,7.979977594173422,0.37220514101788393,0.19967421384233322,0.1836133550244203,0.3882964654089631,0.3731189553710501,7.979977594173422,"Furnishings, Fixtures & Appliances",Consumer Cyclical,29.1,442814700,391781,LOVE
2017,2017-01-31,2017-01-31,-6874448.0,76343441.0,-6170891.0,-0.531793,41697229.0,0.5461795860105388,20720020.0,7049853.0,13218456.0,9867747.0,13670167.0,9433019.0,-50751655.0,312531445.78999996,0.545362116779394,1.3395617054227271,0.1589432346107774,0.46714548516117993,-0.6088376512169587,0.545362116779394,-0.9751193393677854,4.062128071879809,-45.111525287557626,43.98912073627634,0.0,3.6728657071505952,0.0,3.6845254492997594,0.19125044450369472,-0.3317780581292875,-29.6412754280093,0.5461795860105388,0.23568251230642098,0.23568183710810817,0.02964542492673514,1.6781584218821881,0.02929885303555837,0.23568183710810817,0.07400178450255866,0.23568183710810817,0.02964542492673514,1.6781584218821881,"Furnishings, Fixtures & Appliances",Consumer Cyclical,29.1,442814700,391781,LOVE
2016,2016-01-31,2016-01-31,-8994223.0,74145370.0,-6664042.0,-0.695775,40510323.0,0.5463634883742572,17819423.0,2632351.0,12372964.0,11522729.0,15187072.0,8387974.0,-43877207.0,313085236.78999996,0.20363325497231707,1.0737876417990913,0.17830195736416382,1.206996331416289,-1.1470763250205824,0.20363325497231707,-3.416802318535788,4.182551584677506,-34.479558133037166,117.8098341710509,0.0,4.009913120856121,0.0,4.160929902163499,0.12130485755587934,-0.5047426619818162,-30.92816506206639,0.5463634883742572,0.0,0.0,0.0,0.0,0.0,0.0,0.0,0.0,0.0,0.0,"Furnishings, Fixtures & Appliances",Consumer Cyclical,29.1,442814700,391781,LOVE
TTM,,,,,,,,,,,,,,,,561717700.0,12.425247507298222,1.9365778667382019,0.3832107579736284,0.8667448717542247,0.042394551716989665,12.425247507298222,0.1251905069856099,0.667535026335704,20.039571519645524,2.3420056608858317,0.0,2.929591177599491,0.0,1.5497715145455055,0.6559088751779781,0.05167088749544431,-26.038733388215924,0.5282547282161367,,,,,,,,,,,"Furnishings, Fixtures & Appliances",Consumer Cyclical,29.1,442814700,391781,LOVE
