Year,Date,FillingDate,NetIncome,Revenue,OperatingIncome,EPSDiluted,GrossProfit,GrossProfitRatio,TotalAssets,CommonStockEquity,CurrentAssets,CurrentLiability,TotalLiability,Inventory,RetainedEarnings,EnterpriseValue,bookValuePerShare,currentRatio,debtToAssets,debtToEquity,roic,shareholdersEquityPerShare,roe,priceToSalesRatio,peRatio,pbRatio,payoutRatio,inventoryTurnover,dividendYield,assetTurnover,quickRatio,returnOnAssets,priceToFreeCashFlowsRatio,grossProfitMargin,epsdilutedGrowth,fiveYNetIncomeGrowthPerShare,fiveYRevenueGrowthPerShare,fiveYShareholdersEquityGrowthPerShare,grossProfitGrowth,netIncomeGrowth,operatingIncomeGrowth,threeYNetIncomeGrowthPerShare,threeYRevenueGrowthPerShare,threeYShareholdersEquityGrowthPerShare,Industry,Sector,Price,MarketCap,AvgVolume,Symbol
2022,2022-12-31,2023-03-07,17761000.0,67194000.0,39188000.0,1.69,67194000.0,1.0,1816386000.0,167088000.0,40897000.0,0.0,1649298000.0,0.0,65400000.0,305755888.01,15.898808188845353,0.0,0.11833332782789562,1.286382026237671,0.07726169601031536,15.898808188845353,0.1062972804749593,1.8815502576122867,7.118342886661787,0.7566604903404194,0.15438319914419232,0.0,0.021688081285529612,0.03699323822139127,0.0,0.009778207935978367,4.9220932807755196,1.0,-0.1464646464646465,0.0,0.0,0.280876591406805,-0.03581575548859234,-0.16481707890529484,-0.0035344674142446667,0.9882353487985037,0.2638993433762253,0.17566899056632665,Banks—Regional,Financial Services,8.95,93834485,9914,CZWI
2021,2021-12-31,2022-03-02,21266000.0,69690000.0,39327000.0,1.98,69690000.0,1.0,1739628000.0,170866000.0,256186000.0,0.0,169953000.0,0.0,50675000.0,268646363.08,15.908712558670977,0.0,0.09769502445350385,0.9946566315124132,0.08473625557355921,15.908712558670977,0.12446010323879532,2.122189167455876,6.954545428383335,0.8655634419954819,0.11807580174927114,0.0,0.016978219923242235,0.04006028875138823,0.0,0.012224452584115685,8.298937381740641,1.0,0.7368421052631581,3.2127657541432098,0.2768766675812749,0.15110921924005982,0.018874544949487565,0.6711984282907663,0.24641861054766734,0.0,0.0,0.2816745301775349,Banks—Regional,Financial Services,8.95,93834485,9914,CZWI
2020,2020-12-31,2021-03-08,12725000.0,68399000.0,31552000.0,1.14,68399000.0,1.0,1649095000.0,160564000.0,273077000.0,0.0,181826000.0,0.0,32809000.0,180191240.09,14.384515136288003,0.0,0.11025805062776857,1.1324207169726714,0.06786094046966153,14.384515136288003,0.07925188709797962,1.7771786150382316,9.552631834184677,0.75706409961137,0.18640471512770138,0.0,0.019513440731656874,0.04147668872927272,0.0,0.0077163535151098025,5.7305883504620025,1.0,0.3411764705882352,1.3384691330099538,0.3480218649784643,0.1762670707705356,0.21451400973045917,0.3447109796047765,0.08102922534004865,0.0,0.0,0.15887860888434724,Banks—Regional,Financial Services,8.95,93834485,9914,CZWI
2019,2019-12-31,2020-03-10,9463000.0,56318000.0,29187000.0,0.85,56318000.0,1.0,1531249000.0,150553000.0,245441000.0,0.0,174531000.0,0.0,22517000.0,249991539.02,13.523201102026858,0.0,0.11397950300702238,1.1592661720457247,0.06920388049011592,13.523201102026858,0.06285494144919065,2.4156493309421503,14.37647036035084,0.903632202745877,0.23227306351051463,0.0,0.016156473577207463,0.03677912605983743,0.0,0.006179922403214631,22.431086400659524,1.0,0.0,0.7000000269470574,0.1765107711531168,0.16790774529439847,0.0,0.0,0.0,0.808510572884768,-0.00451110369908932,-0.02149960879795402,Banks—Regional,Financial Services,8.95,93834485,9914,CZWI
2018,2018-12-31,2018-12-31,0.0,0.0,0.0,0.0,0.0,1.0,1287924000.0,138187000.0,204270000.0,0.0,1149737000.0,0.0,15264000.0,202571056.9,12.412443396583168,0.0,0.10440057021998192,0.9730293008749014,,12.412443396583168,0.0,0.0,0.0,0.8781510337441293,0.0,0.0,0.009732255282158686,0.0,0.0,0.0,15.36064011392405,0.0,-1.0,-1.0,-1.0,0.10366949925830513,-1.0,-1.0,-1.0,-1.0,-1.0,0.015004558504128612,Banks—Regional,Financial Services,8.95,93834485,9914,CZWI
2017,2017-09-30,2017-12-13,2499000.0,27019000.0,9432000.0,0.46,27019000.0,1.0,940664000.0,73483000.0,804612000.0,0.0,867181000.0,0.0,10764000.0,144666442.95,13.820332851798028,0.0,0.12790858372383762,1.6373719091490548,0.031821533952574914,13.820332851798028,0.03400786576487078,2.7451957122765465,29.68084951980792,1.0093823462569573,0.33693477390956383,0.0,0.011351924872794013,0.028723327351743023,0.0,0.0026566340372332735,22.395061277173912,1.0,-0.22033898305084737,10.712827259796178,0.20191065092023805,0.2875803405187648,0.1261670556852284,-0.02876020209871745,0.06383938642003158,0.3428572880281425,0.11707727328973073,0.22885392914064137,Banks—Regional,Financial Services,8.95,93834485,9914,CZWI
2016,2016-09-30,2016-12-29,2573000.0,23992000.0,8866000.0,0.59,23992000.0,1.0,695865000.0,64544000.0,593166000.0,0.0,631321000.0,0.0,9107000.0,118507659.88,12.22895335058998,0.0,0.10101240901611663,1.0890400347050075,0.04384197348956241,12.22895335058998,0.03986427863163113,2.4594723191063688,22.93340842596191,0.9142237834655429,0.24446171783909834,0.0,0.010659633025257331,0.03447795190159011,0.0,0.0036975562788759313,12.456757416086129,1.0,0.17999999999999994,11.92543669265087,-0.09683386242125408,0.18320904256766044,0.06730726455803195,-0.01568477429227238,0.03793022711308827,1.4374920187056908,0.06644661921698933,0.18148142087918334,Banks—Regional,Financial Services,8.95,93834485,9914,CZWI
2015,2015-09-30,2015-12-07,2614000.0,22479000.0,8542000.0,0.5,22479000.0,1.0,580148000.0,60535000.0,484816000.0,0.0,519613000.0,0.0,6245000.0,78242520.0,11.578997704667177,0.0,0.10151030426718699,0.9728421574295862,0.04555739802692992,11.578997704667177,0.043181630461716365,2.0559419903020597,17.68,0.7634512265631452,0.15990818668706963,0.0,0.009044580694970002,0.038747009383812404,0.0,0.004505746809434834,8.48614028644877,1.0,0.47058823529411753,1.3610074037512339,-0.05451191543715095,0.18856854865647377,-0.029990506602226633,0.46606842400448684,0.20225193525686136,11.460453883495145,0.01698066577342035,0.07876488701946932,Banks—Regional,Financial Services,8.95,93834485,9914,CZWI
2014,2014-09-30,2014-12-08,1783000.0,23174000.0,7105000.0,0.34,23174000.0,1.0,569815000.0,57293000.0,489440000.0,0.0,512522000.0,0.0,4049000.0,92296431.1,11.246522083762082,0.0,0.10335108763370568,1.0278917145200985,0.03852855005913613,11.246522083762082,0.031120730281186185,1.9454747173556572,25.285715703869883,0.7869099383868884,0.1160964666292765,0.0,0.004591385428394593,0.04066934004896326,0.0,0.0031290857559032317,6.045110096540628,1.0,0.7000000000000001,1.5899442647450626,0.3367311812668082,0.08983948442297097,0.0385408263870216,0.7029608404966571,0.01587074635401773,8.279830567621287,-0.09617268726103195,0.08815417357873825,Banks—Regional,Financial Services,8.95,93834485,9914,CZWI
2013,2013-09-30,2013-12-09,1047000.0,22314000.0,6994000.0,0.2,22314000.0,1.0,554521000.0,54185000.0,469773000.0,0.0,500336000.0,0.0,2473000.0,68364750.0,10.350525310410697,0.0,0.0901679106832744,0.9227646027498385,0.041786993170533734,10.350525310410697,0.01932269078158162,1.7008940575423501,36.25,0.7004475408323336,0.09837631327602674,0.0,0.0027138293317524615,0.0402401351797317,0.0,0.0018881160497077657,6.23316636557727,1.0,4.0,-0.1553229308005427,0.855074832695525,-0.05901608301973831,0.028058051140290256,4.08252427184466,0.005173900546133947,1.1444029615004936,-0.06270695514651117,0.06246750883007912,Banks—Regional,Financial Services,8.95,93834485,9914,CZWI
2012,2012-09-30,2012-12-10,206000.0,21705000.0,6958000.0,0.04,21705000.0,1.0,530183000.0,55103000.0,457268000.0,0.0,475080000.0,0.0,1529000.0,56741904.93,10.733569329141691,0.0,0.09289245411489995,0.893780737890859,0.037426622919047754,10.733569329141691,0.0037384534417363845,1.416765949320433,149.27623752427186,0.5580622639420721,0.0,0.0,0.0,0.04093869475256657,0.0,0.00038854508726232265,3.573608940151075,1.0,0.0,-0.6352095772698836,1.3440699483126575,-0.07228016936483686,-0.15725101921956902,0.06735751295336788,-0.24721410797360163,1.067636185343785,0.2423818874952142,0.040132013840934254,Banks—Regional,Financial Services,8.95,93834485,9914,CZWI
2011,2011-09-30,2011-12-21,193000.0,25755000.0,9243000.0,0.04,25755000.0,1.0,536557000.0,52888000.0,485040000.0,0.0,483669000.0,0.0,1323000.0,14679820.0,10.335412349496714,0.0,0.05665754057816784,0.57479957646347,0.06490436251866469,10.335412349496714,0.0036492209953108454,0.9934311784119588,132.56901554404146,0.4837736348510059,0.0,0.0,0.0,0.04800049202601028,0.0,0.0003597008332758682,2.348831359588727,1.0,1.0287769784172662,-0.8355017076039943,0.0044527957394463755,-0.3316724240521475,0.10617188506635743,1.0272175997743618,1.6161902066232663,-0.8407099378137038,1.1904478051250853,-0.06039002808354158,Banks—Regional,Financial Services,8.95,93834485,9914,CZWI
2010,2010-09-30,2010-12-23,-7091000.0,23283000.0,3533000.0,-1.39,23283000.0,1.0,594365000.0,49877000.0,544625000.0,0.0,544488000.0,0.0,1130000.0,14442745.009999998,9.74196878905787,0.0,0.10801443557410009,1.2871664294163643,0.027294365506022027,9.74196878905787,-0.14216973755438378,0.9741332736331227,-3.1985255972359328,0.45473354472001115,0.0,0.0,0.0,0.039172898807971535,0.0,-0.011930379480622177,3.7029787771428566,1.0,-1.3559322033898304,-3.0710971647758947,-0.2820223638699551,-0.4818953370240069,0.27522182057180417,-1.2277725416273955,-0.6247875955819882,-13.591027752720368,1.521315557093106,-0.15798581460688058,Banks—Regional,Financial Services,8.95,93834485,9914,CZWI
2009,2009-09-30,2009-12-29,-3183000.0,18258000.0,9416000.0,-0.59,18258000.0,1.0,575406000.0,55365000.0,504421000.0,0.0,520041000.0,0.0,8221000.0,86640329.5,10.319429828436334,0.0,0.1856167645106238,1.92910683644902,0.035055581064214164,10.319429828436334,-0.05749119479815768,1.39578976339139,-8.006386899151744,0.4602967488485505,-0.3600377002827521,0.0,0.044968811127638265,0.031730638888019934,0.0,-0.005531746280017935,35.9948156779661,1.0,-3.4583333333333335,-2.129440956205067,-0.3308142377657628,-0.16176804491303123,0.2764261744966443,-3.159430122116689,-0.43348775645268034,-3.5875601702096787,-0.3208418537181393,-0.3327059154307802,Banks—Regional,Financial Services,8.95,93834485,9914,CZWI
2008,2008-09-30,2008-12-23,1474000.0,14304000.0,16621000.0,0.24,14304000.0,1.0,480036000.0,68476000.0,405270000.0,0.0,411560000.0,0.0,12550000.0,131341207.5,10.999683547862181,0.0,0.22965985884392004,1.6099801390268123,0.05523028319215521,10.999683547862181,0.02152579005783048,3.155285759228188,30.619543758480326,0.6591098706116011,0.9118046132971506,0.0,0.029778517292394963,0.029797765167612428,0.0,0.0030706030381054752,-241.35405080213903,1.0,1.1818181818181819,0.20538859768255435,3.021805222988521,2.0441708906056584,0.1740950504801773,0.9838492597577388,0.6489087301587302,-0.6459326586995419,-0.6372354188390347,-0.41500661100364167,Banks—Regional,Financial Services,8.95,93834485,9914,CZWI
TTM,,,,,,,,,,,,,,,,278365485.0,15.728113267724103,0.0,0.13426523066339913,1.518160438986151,0.07660017021434538,15.728113267724103,0.10135953470534825,1.4126806226758803,5.601637264461326,0.5690447320446521,0.34587545612251,0.0,0.03240223463687151,0.03569747194634335,0.0,0.008984156670536137,4.904839527468506,1.0,,,,,,,,,,,Banks—Regional,Financial Services,8.95,93834485,9914,CZWI
