Quarters,Year,Quarter,FillingDate,Date,NetIncome,Revenue,OperatingIncome,EPSDiluted,GrossProfit,GrossProfitRatio,TotalAssets,CommonStockEquity,CurrentAssets,CurrentLiability,TotalLiability,Inventory,RetainedEarnings,MarketCap,EnterpriseValue,bookValuePerShare,currentRatio,debtToAssets,debtToEquity,roic,shareholdersEquityPerShare,roe,priceToSalesRatio,peRatio,pbRatio,payoutRatio,inventoryTurnover,dividendYield,assetTurnover,quickRatio,returnOnAssets,priceToFreeCashFlowsRatio,grossProfitMargin,epsdilutedGrowth,fiveYNetIncomeGrowthPerShare,fiveYRevenueGrowthPerShare,fiveYShareholdersEquityGrowthPerShare,grossProfitGrowth,netIncomeGrowth,operatingIncomeGrowth,threeYNetIncomeGrowthPerShare,threeYRevenueGrowthPerShare,threeYShareholdersEquityGrowthPerShare,Industry,Sector,Symbol
2023Q3,2023,Q3,2023-05-15,2023-03-31,215803.0,288614.0,215803.0,0.11,288614.0,1.0,940243.0,940243.0,940243.0,0.0,0.0,0.0,0.0,15000000.0,14059764.0,0.4701215,0.0,0.0,0.0,0.22951832664534594,0.4701215,0.22951832664534594,51.9725307850624,17.376959541804332,15.953322704875228,0.0,0.0,0.0,0.3069568186096573,0.0,0.22951832664534594,69.50783816721733,1.0,-0.42105263157894735,0.1358052631578947,0.2025583333333333,-0.036743847254763505,-0.3214207622007848,-0.43055236708015693,-0.43055236708015693,0.43067488729779896,0.3232497363715556,-0.025488295926246404,Oil & Gas Midstream,Energy,MARPS
2023Q2,2023,Q2,2023-02-14,2022-12-31,378969.0,425321.0,378969.0,0.19,425321.0,1.0,1043064.0,1043064.0,1043064.0,181444.0,181444.0,0.0,183369161.0,14020000.0,12976943.0,0.521532,5.748682789180132,0.0,0.0,0.3633228641770783,0.521532,0.3633228641770783,32.9633382786178,9.248777604500631,13.441169477615947,482.86322100224555,0.0,13.052082168330957,0.407761172852289,5.748644209783735,0.3633228641770783,36.995110418002525,1.0,-0.2692307692307693,3.210766666666667,1.5018882352941176,0.10912574778985962,-0.2860375445470096,-0.2745185874353187,-0.25425639935770283,2.4944121715076073,1.9201579128046686,0.10389057866563373,Oil & Gas Midstream,Energy,MARPS
2023Q1,2023,Q1,2022-11-14,2022-09-30,522369.0,595719.0,508176.0,0.26,595719.0,1.0,1152869.0,1152869.0,1152869.0,0.0,0.0,0.0,0.0,15238000.0,14085138.0,0.5764345,0.0,0.0,0.0,0.448776845605632,0.5764345,0.453103518266169,25.579174073682392,7.292737509308554,13.217460093037458,0.0,0.0,0.0,0.5167273992101444,0.0,0.453103518266169,29.170950037234217,1.0,0.18181818181818185,1.7493105263157893,1.836757142857143,0.2086455760432435,0.23352590383898622,0.2052814951545916,0.17795574923795504,2.85398406374502,1.9246354754774408,0.23438269569276748,Oil & Gas Midstream,Energy,MARPS
2022Q4,2022,Q4,2022-08-31,2022-06-30,433400.0,482940.0,431405.0,0.22,482940.0,1.0,1154143.0,1154143.0,1154143.0,0.0,0.0,0.0,0.0,14880000.0,13725864.0,0.5770715,0.0,0.0,0.0,0.3749352357779654,0.5770715,0.37551672539711284,30.81128090446018,8.583294877711122,12.892683142383571,,0.0,,0.4184403492461506,0.0,0.37551672539711284,0.0,1.0,0.15789473684210525,0.44466666666666677,0.46345454545454534,0.13208100536740008,0.03966278879521911,0.12186788154897495,0.11723300279434501,1.672174610025279,1.428176378902911,0.19054265101204207,Oil & Gas Midstream,Energy,MARPS
2022Q3,2022,Q3,2022-05-16,2022-03-31,386320.0,464516.0,386137.0,0.19,464516.0,1.0,1115744.0,1115744.0,1115744.0,0.0,0.0,0.0,183.56758100000002,16000000.0,14884263.0,0.557872,0.0,0.0,0.0,0.34624429976768867,0.557872,0.34624429976768867,34.44445401234834,10.354110581901015,14.340207072590127,473.7005979498861,0.0,11.4375009375,0.4163284767832047,0.0,0.34624429976768867,0.0,1.0,1.0948180815876516,1.5754666666666668,1.1114363636363636,0.22410011837877047,0.7549302585646714,1.1289657718823536,1.1283091457264274,2.596350772668032,1.5646863957597172,0.20353852476611375,Oil & Gas Midstream,Energy,MARPS
2022Q2,2022,Q2,2022-02-14,2021-12-31,181459.0,264692.0,181429.0,0.0907,264692.0,1.0,944577.0,944577.0,944577.0,0.0,0.0,0.0,181429.0,8599400.0,7654830.0,0.4722885,0.0,0.0,0.0,0.19209021473098326,0.4722885,0.19210609616791433,32.488326054433074,11.847579894080756,9.103969289957304,8.266330135182052e-05,0.0,1.7443077424006327e-06,0.28022278755464086,0.0,0.19210609616791433,0.0,1.0,-0.09300000000000003,0.3958384615384616,0.2604380952380952,0.10197288982686033,0.15465014831617518,-0.10704584374938488,-0.10695176636788296,0.273843453843454,0.11543194268857973,-0.03554756420309747,Oil & Gas Midstream,Energy,MARPS
2022Q1,2022,Q1,2021-11-15,2021-09-30,203212.0,229240.0,203157.0,0.1,229240.0,1.0,976619.0,976619.0,976619.0,0.0,0.0,0.0,0.0,8400000.0,7423388.0,0.4883095,0.0,0.0,0.0,0.20802073275248587,0.4883095,0.20807704949422445,36.642819752224746,10.334035391610731,8.601102374621014,0.0,0.0,0.0,0.234728179566443,0.0,0.20807704949422445,0.0,1.0,0.7801354683091383,0.19536470588235288,0.20652631578947367,0.07967029018752904,0.5388333221453984,0.8087244439301831,0.8078808966566702,-0.0763090909090909,-0.0448333333333333,-0.050728560889339094,Oil & Gas Midstream,Energy,MARPS
2021Q4,2021,Q4,2021-09-24,2021-06-30,112351.0,148970.0,112373.0,0.0561755,148970.0,1.0,902030.0,902030.0,902030.0,0.0,0.0,0.0,0.0,9780000.0,8877977.0,0.451015,0.0,0.0,0.0,0.12457789652228862,0.451015,0.12455350708956466,65.65080217493455,21.762156100079213,10.842211456381715,0.0,0.0,0.0,0.1651497178586078,0.0,0.12455350708956466,0.0,1.0,8.994751356640869,-0.19749285714285716,-0.1723888888888889,0.09978443966505236,0.80567508272627,8.994751356640869,9.071070084244488,-0.438245,-0.40412000000000003,-0.08611045537945923,Oil & Gas Midstream,Energy,MARPS
2021Q3,2021,Q3,2021-05-17,2021-03-31,11241.0,82501.0,11158.0,0.0056205,82501.0,1.0,846134.0,846134.0,846134.0,0.0,0.0,0.0,0.0,10280000.0,9436673.0,0.423067,0.0,0.0,0.0,0.013187036568675883,0.423067,0.01328512977849844,124.60455024787578,228.62734632150165,12.149375867179428,0.007294724668623788,0.0,7.976653696498054e-06,0.09750346871772084,0.0,0.01328512977849844,0.0,1.0,1.2654171704957675,-0.93755,-0.6562458333333333,0.024013302803367362,-0.18754246885617215,1.2654171704957677,1.2486900443369608,-0.9408368421052632,-0.6562458333333333,-0.13315623562532458,Oil & Gas Midstream,Energy,MARPS
2021Q2,2021,Q2,2021-02-16,2020-12-31,4962.0,101545.0,4962.0,0.002481,101545.0,1.0,871152.0,871152.0,871152.0,0.0,0.0,0.0,0.0,6660000.0,5791655.0,0.435576,0.0,0.0,0.0,0.005695906110529505,0.435576,0.005695906110529505,65.5866857058447,335.5501813784764,7.645049314011791,0.0,0.0,0.0,0.11656404393263173,0.0,0.005695906110529505,0.0,1.0,-0.87595,-0.95865,-0.4922750000000001,0.05393742083238065,0.8931188128041164,-0.849759287855391,-0.8492938496583143,-0.9448666666666667,-0.40267647058823536,-0.07367418160474158,Oil & Gas Midstream,Energy,MARPS
2021Q1,2021,Q1,2020-11-16,2020-09-30,33027.0,53639.0,32925.0,0.02,53639.0,1.0,880546.0,880546.0,880546.0,0.0,0.0,0.0,0.0,3720000.0,2842261.0,0.440273,0.0,0.0,0.0,0.03739157295587056,0.440273,0.03750741017505048,69.35252335054717,28.15877918067036,4.224651523032301,,0.0,,0.06091561372148644,0.0,0.03750741017505048,0.0,1.0,-0.7768853190539937,-0.8776777777777778,-0.8150379310344827,0.04894836656120163,-0.7570037147775663,-0.8157797858099063,-0.8147981482627307,-0.8261736842105263,-0.7445761904761905,-0.07685259348410443,Oil & Gas Midstream,Energy,MARPS
2020Q4,2020,Q4,2020-09-28,2020-06-30,179280.0,220740.0,177779.0,0.08964,220740.0,1.0,936550.0,936552.0,936550.0,0.0,0.0,0.0,0.0,3760000.0,2826250.0,0.468276,0.0,0.0,0.0,0.18982288223184618,0.468276,0.19142556953591472,17.033614206759083,5.243195002231147,4.014726357959836,1.1577420794288262,0.0,0.05520212765957446,0.23569483743526773,0.0,0.19142597832470237,20.972780008924587,1.0,0.12049999999999994,-0.253,-0.21164285714285724,0.177946148273364,0.012058135803035165,0.18854415274463007,0.20352706224824832,-0.4024,-0.33109090909090916,-0.08135063875200091,Oil & Gas Midstream,Energy,MARPS
2020Q3,2020,Q3,2020-05-15,2020-03-31,150840.0,218110.0,147715.0,0.08,218110.0,1.0,964840.0,964835.0,964830.0,0.0,0.0,0.0,0.0,2720000.0,1757970.0,0.4824175,0.0,0.0,0.0,0.15309871636082853,0.4824175,0.15633761213057154,12.470771628994544,4.508088040307611,2.8191348779843186,0.8678069477592152,0.0,0.048125,0.22605820654201733,0.0,0.15633680195680114,18.032352161230442,1.0,0.6,-0.5690285714285714,-0.4680243902439024,0.14796668066671978,0.49749399244764847,0.3908713692946058,0.4180866893870302,0.005600000000000049,-0.008590909090909104,0.058535504305630086,Oil & Gas Midstream,Energy,MARPS
2020Q2,2020,Q2,2020-02-11,2019-12-31,108450.0,145650.0,104165.0,0.05,145650.0,1.0,944900.0,944898.0,944890.0,0.0,0.0,0.0,0.0,3760000.0,2817910.0,0.472449,0.0,0.0,0.0,0.11023941208469062,0.472449,0.11477429309830267,25.81531067627875,8.667588750576302,3.9792654868567823,0.8992162286768093,0.0,0.02593617021276595,0.1541432955868346,0.0,0.11477405016403852,34.67035500230521,1.0,-0.28571428571428575,-0.8250806451612902,-0.7889130434782607,-0.15158311926078294,-0.2849428052432618,-0.199867197875166,-0.19930972988761972,-0.16576923076923075,-0.3064285714285714,0.10234737840495872,Oil & Gas Midstream,Energy,MARPS
2020Q1,2020,Q1,2019-11-14,2019-09-30,135540.0,203690.0,130094.0,0.07,203690.0,1.0,933960.0,933964.0,933960.0,0.0,0.0,0.0,0.0,4120000.0,3188840.0,0.466982,0.0,0.0,0.0,0.13929230676985407,0.466982,0.14512336663939937,20.226815258481025,7.599232698834293,4.411304932524166,1.2616201859229748,0.0,0.04150485436893204,0.21809285194226732,0.0,0.14512398817936528,30.39693079533717,1.0,-0.13686806411837235,-0.8006764705882353,-0.720972602739726,-0.1364027662067109,0.02413394338579114,-0.16431345952278192,-0.16822352226591222,-0.20270588235294126,0.07205263157894741,0.032514402141168026,Oil & Gas Midstream,Energy,MARPS
2019Q4,2019,Q4,2019-08-30,2019-06-30,162190.0,198890.0,156405.0,0.0811,198890.0,1.0,969430.0,969426.0,969420.0,0.0,0.0,0.0,0.0,4499800.0,3533180.0,0.484713,0.0,0.0,0.0,0.16133774006473933,0.484713,0.16730518884370751,22.624566343204787,6.9360009864973176,4.641715819464301,0.7387631789876067,0.0,0.026627850126672282,0.2051617961069907,0.0,0.1673044985197487,27.74400394598927,1.0,0.622,-0.77156338028169,-0.7513875,-0.14568748545927537,0.09811174911660778,0.5098678086017502,0.5396314452778926,0.1584999999999999,0.10494444444444455,0.1819558442698503,Oil & Gas Midstream,Energy,MARPS
2019Q3,2019,Q3,2019-05-15,2019-03-31,107420.0,181120.0,101586.0,0.05,181120.0,1.0,927050.0,927053.0,927050.0,0.0,0.0,0.0,0.0,4846400.0,3922150.0,0.4635265,0.0,0.0,0.0,0.10957949545495241,0.4635265,0.11587255529079783,26.757950530035334,11.279091416868367,5.227748575324172,1.4872463228449084,0.0,0.03296467481016838,0.19537241788468798,0.0,0.11587293026266113,45.11636566747346,1.0,-0.28571428571428575,-0.7807755102040816,-0.6822456140350877,-0.0893460562195975,-0.23674673409186683,-0.24591084591084592,-0.25926412040075253,-0.4032222222222222,-0.2453333333333333,0.12194357442647391,Oil & Gas Midstream,Energy,MARPS
2019Q2,2019,Q2,2019-02-11,2018-12-31,142450.0,237300.0,137142.0,0.07,237300.0,1.0,979390.0,979392.0,979390.0,0.0,0.0,0.0,0.0,3680000.0,2703410.0,0.489696,0.0,0.0,0.0,0.14002769064889237,0.489696,0.1454473795987715,15.50779603876949,6.458406458406459,3.757433183036006,1.3484731484731483,0.0,0.05219836956521738,0.24229367259212367,0.0,0.14544767661503588,25.474179703724214,1.0,-0.3636363636363636,-0.8417222222222223,-0.755360824742268,-0.21904294102824987,-0.01125,-0.3525,-0.3694910578823962,0.18708333333333332,0.1865,0.18488837592505894,Oil & Gas Midstream,Energy,MARPS
2019Q1,2019,Q1,2018-11-06,2018-09-30,220000.0,240000.0,217510.0,0.11,240000.0,1.0,1030000.0,1028809.0,1030000.0,0.0,0.0,0.0,0.0,7000000.0,5970000.0,0.5144045,0.0,0.0,0.0,0.21141922358766302,0.5144045,0.21383949790485893,29.166666666666668,7.954545454545454,6.80398402424551,0.8181818181818182,0.0,0.025714285714285714,0.23300970873786409,0.0,0.21359223300970873,31.818181818181817,1.0,0.09999999999999995,-0.6944444444444444,-0.6923076923076923,-0.07318595845768969,-0.04,0.1,0.12818145510562923,-0.18518518518518523,-0.17241379310344826,0.22556631914001463,Oil & Gas Midstream,Energy,MARPS
2018Q4,2018,Q4,2018-09-28,2018-06-30,200000.0,250000.0,192797.0,0.1,250000.0,1.0,990000.0,987023.0,990000.0,0.0,0.0,0.0,0.0,9395000.0,8415000.0,0.4935115,0.0,0.0,0.0,0.19533182104165758,0.4935115,0.20262952332417786,37.58,11.743749999999999,9.518521858153255,0.8999999999999997,0.0,0.019159127195316653,0.25252525252525254,0.0,0.20202020202020202,49.447368421052616,1.0,0.11111111111111122,-0.726027397260274,-0.6794871794871795,-0.09904192141491851,0.041666666666666664,0.05263157894736842,0.055201930918226054,-0.1666666666666666,-0.10714285714285723,0.24142593375191176,Oil & Gas Midstream,Energy,MARPS
2018Q3,2018,Q3,2018-05-15,2018-03-31,190000.0,240000.0,182711.0,0.09,240000.0,1.0,980000.0,976109.0,980000.0,0.0,0.0,0.0,0.0,7514000.0,6544000.0,0.4880545,0.0,0.0,0.0,0.18718298878506395,0.4880545,0.19465039252788366,31.308333333333334,9.886842105263158,7.697910786602726,0.7894736842105264,0.0,0.019962736225712006,0.24489795918367346,0.0,0.19387755102040816,39.547368421052646,1.0,0.7999999999999998,-0.7397260273972603,-0.7037037037037037,-0.15798013710624217,0.4117647058823529,1.1111111111111112,1.0059395070538508,-0.45714285714285713,-0.4146341463414634,0.1613805559488526,Oil & Gas Midstream,Energy,MARPS
2018Q2,2018,Q2,2018-02-14,2017-12-31,90000.0,170000.0,91085.0,0.05,170000.0,1.0,940000.0,940438.0,940000.0,0.0,0.0,0.0,0.0,6800000.0,5860000.0,0.470219,0.0,0.0,0.0,0.09685380641786061,0.470219,0.09570008868208218,40.0,18.88888888888889,7.230673367090653,1.222222222222222,0.0,0.016176470588235292,0.18085106382978725,0.0,0.09574468085106383,75.55555555555554,1.0,-0.4444444444444444,-0.8500000000000001,-0.7605633802816901,-0.142375116386594,-0.19047619047619047,-0.5263157894736842,-0.5110895213148544,-0.8548387096774194,-0.753623188405797,-0.15558772006224184,Oil & Gas Midstream,Energy,MARPS
2018Q1,2018,Q1,2017-11-14,2017-09-30,190000.0,210000.0,186302.0,0.09,210000.0,1.0,950000.0,953852.0,950000.0,0.0,0.0,0.0,0.0,7775600.0,6825600.0,0.476926,0.0,0.0,0.0,0.19531541580874182,0.476926,0.19919232753089577,37.026666666666664,10.231052631578947,8.151788747101227,1.3157894736842106,0.0,0.03215185966356294,0.22105263157894736,0.0,0.2,40.92421052631579,1.0,-0.4,-0.7121212121212122,-0.7000000000000001,-0.11711353145516522,-0.36363636363636365,-0.36666666666666664,-0.3727838938827728,-0.7205882352941176,-0.7123287671232877,-0.11801316897846555,Oil & Gas Midstream,Energy,MARPS
2017Q4,2017,Q4,2017-09-28,2017-06-30,300000.0,330000.0,297030.0,0.15,330000.0,1.0,1020000.0,1019488.0,1020000.0,0.0,0.0,0.0,0.0,7480000.0,6460000.0,0.509744,0.0,0.0,0.0,0.2913521296964751,0.509744,0.2942653567280831,22.666666666666668,6.233333333333334,7.33701622775354,0.6333333333333335,0.0,0.025401069518716585,0.3235294117647059,0.0,0.29411764705882354,24.933333333333334,1.0,1.1428571428571426,-0.6103896103896104,-0.6024096385542168,-0.1411590571929935,0.5,1.0,1.039088887058242,-0.5774647887323944,-0.5875,-0.10157004575481345,Oil & Gas Midstream,Energy,MARPS
2017Q3,2017,Q3,2017-05-12,2017-03-31,150000.0,220000.0,145668.0,0.07,220000.0,1.0,910000.0,911481.0,910000.0,0.0,0.0,0.0,0.0,8220000.000000001,7310000.000000001,0.4557405,0.0,0.0,0.0,0.1598146313527106,0.4557405,0.16456733601687804,37.36363636363637,13.700000000000001,9.018290013724917,0.5999999999999998,0.0,0.010948905109489046,0.24175824175824176,0.0,0.16483516483516483,58.71428571428572,1.0,0.0,-0.845360824742268,-0.7924528301886793,-0.2855147340671952,0.047619047619047616,0.15384615384615385,0.08144144679208302,-0.6938775510204082,-0.6140350877192983,-0.10464259612891061,Oil & Gas Midstream,Energy,MARPS
2017Q2,2017,Q2,2017-02-14,2016-12-31,130000.0,210000.0,134698.0,0.07,210000.0,1.0,860000.0,857169.0,860000.0,0.0,0.0,0.0,0.0,8780000.0,7930000.0,0.4285845,0.0,0.0,0.0,0.15714287380901548,0.4285845,0.15166204097441693,41.80952380952381,16.884615384615383,10.243020921195237,1.3846153846153848,0.0,0.020501138952164013,0.2441860465116279,0.0,0.1511627906976744,62.714285714285715,1.0,-0.22222222222222213,-0.865979381443299,-0.8073394495412844,-0.3442664461429126,0.10526315789473684,-0.23529411764705882,-0.21367651093688886,-0.8555555555555555,-0.7835051546391752,-0.31650229807701513,Oil & Gas Midstream,Energy,MARPS
2017Q1,2017,Q1,2016-11-14,2016-09-30,170000.0,190000.0,171301.0,0.09,190000.0,1.0,900000.0,904553.0,900000.0,0.0,0.0,0.0,0.0,6140000.0,5240000.0,0.4522765,0.0,0.0,0.0,0.18937641022692978,0.4522765,0.18793813076735139,32.31578947368421,9.02941176470588,6.78788307595022,0.5294117647058824,0.0,0.014657980456026058,0.2111111111111111,0.0,0.18888888888888888,36.11764705882353,1.0,0.28571428571428553,-0.8454545454545455,-0.8318584070796461,-0.3431989311724428,0.05555555555555555,0.21428571428571427,0.22015342645288583,-0.7638888888888888,-0.7564102564102565,-0.18512335941926888,Oil & Gas Midstream,Energy,MARPS
2016Q4,2016,Q4,2016-06-30,2016-06-30,140000.0,180000.0,140393.0,0.07,180000.0,1.0,820000.0,820188.0,820000.0,0.0,0.0,0.0,0.0,8279999.999999999,7459999.999999999,0.410094,0.0,0.0,0.0,0.1711717313591518,0.410094,0.1706925729223056,45.99999999999999,14.785714285714283,10.095246455690646,1.0,0.0,0.016908212560386476,0.21951219512195122,0.0,0.17073170731707318,59.14285714285714,1.0,-0.22222222222222213,-0.8478260869565217,-0.8144329896907218,-0.3970943669177708,-0.25,-0.2222222222222222,-0.21698949798939202,-0.8082191780821918,-0.7692307692307693,-0.251329498341436,Oil & Gas Midstream,Energy,MARPS
2016Q3,2016,Q3,2016-05-16,2016-03-31,180000.0,240000.0,179299.0,0.09,240000.0,1.0,830000.0,826292.0,830000.0,0.0,0.0,0.0,0.0,10895000.0,10075000.0,0.413146,0.0,0.0,0.0,0.21699229812221346,0.413146,0.2178406664956214,45.395833333333336,15.131944444444445,13.185411452609973,1.0000000000000002,0.0,0.01652134006424966,0.2891566265060241,0.0,0.21686746987951808,60.5277777777778,1.0,0.5,-0.7750000000000001,-0.7333333333333334,-0.34847193387355835,0.2,0.5,0.4940587294180388,-0.7534246575342467,-0.7037037037037037,-0.28721661561341105,Oil & Gas Midstream,Energy,MARPS
2016Q2,2016,Q2,2016-02-16,2015-12-31,120000.0,200000.0,120008.0,0.06,200000.0,1.0,830000.0,826569.0,830000.0,0.0,0.0,0.0,0.0,8240000.0,7420000.0,0.4132845,0.0,0.0,0.0,0.14518812101591036,0.4132845,0.14517844245308015,41.2,17.166666666666668,9.968919715111504,1.1666666666666667,0.0,0.016990291262135925,0.24096385542168675,0.0,0.14457831325301204,68.66666666666667,1.0,-0.5384615384615385,-0.8285714285714285,-0.736842105263158,-0.3029304835563517,-0.3103448275862069,-0.5555555555555556,-0.5526979831751108,-0.8,-0.7183098591549296,-0.24621703671751952,Oil & Gas Midstream,Energy,MARPS
2016Q1,2016,Q1,2015-11-16,2015-09-30,270000.0,290000.0,268293.0,0.13,290000.0,1.0,840000.0,839456.0,840000.0,0.0,0.0,0.0,0.0,11140000.0,10300000.0,0.419728,0.0,0.0,0.0,0.3196034098273167,0.419728,0.3216368695917356,38.41379310344828,10.314814814814815,13.27049898982198,0.8148148148148148,0.0,0.019748653500897665,0.34523809523809523,0.0,0.32142857142857145,41.25925925925926,1.0,0.08333333333333341,-0.6493506493506493,-0.6419753086419753,-0.28547814614631656,0.03571428571428571,0.125,0.09786518371205147,-0.5909090909090909,-0.5857142857142857,-0.2229985958631184,Oil & Gas Midstream,Energy,MARPS
2015Q4,2015,Q4,2015-09-25,2015-06-30,240000.0,280000.0,244377.0,0.12,280000.0,1.0,800000.0,795072.0,800000.0,0.0,0.0,0.0,0.0,17300200.0,16510200.0,0.397536,0.0,0.0,0.0,0.3073646160347742,0.397536,0.30185945423810673,61.78642857142857,18.02104166666667,21.759287209208725,1.2083333333333335,0.0,0.016762811990612827,0.35,0.0,0.3,69.2008,1.0,-0.2941176470588236,-0.6521739130434783,-0.641025641025641,-0.313341727942129,-0.3170731707317073,-0.3142857142857143,-0.29560547888346994,-0.6883116883116883,-0.6626506024096385,-0.33021243400662653,Oil & Gas Midstream,Energy,MARPS
2015Q3,2015,Q3,2015-05-14,2015-03-31,350000.0,410000.0,346932.0,0.17,410000.0,1.0,840000.0,840473.0,840000.0,0.0,0.0,0.0,0.0,25499800.0,24659800.0,0.4202365,0.0,0.0,0.0,0.41278185022005465,0.4202365,0.4164321756915451,62.194634146341464,18.214142857142857,30.339820553426463,1.7714285714285711,0.0,0.024313916187577937,0.4880952380952381,0.0,0.4166666666666667,74.99941176470591,1.0,-0.4516129032258064,-0.5270270270270271,-0.48750000000000004,-0.309373592818898,-0.4057971014492754,-0.43548387096774194,-0.4369047387180336,-0.6391752577319588,-0.6132075471698114,-0.3411759818204194,Oil & Gas Midstream,Energy,MARPS
2015Q2,2015,Q2,2014-12-31,2014-12-31,620000.0,690000.0,616116.0,0.31,690000.0,1.0,1110000.0,1113719.0,1110000.0,0.0,0.0,0.0,0.0,19820000.0,18710000.0,0.5568595,0.0,0.0,0.0,0.5532059702671859,0.5568595,0.5566933849561694,28.72463768115942,7.991935483870968,17.796230467469805,0.9516129032258066,0.0,0.029767911200807268,0.6216216216216216,0.0,0.5585585585585585,31.967741935483872,1.0,-0.08823529411764713,0.06896551724137938,0.045454545454545324,-0.006112965823612846,-0.0547945205479452,-0.08823529411764706,-0.09552058697882948,-0.36082474226804123,-0.36697247706422026,-0.14800591497340487,Oil & Gas Midstream,Energy,MARPS
2015Q1,2015,Q1,2014-11-14,2014-09-30,680000.0,730000.0,681183.0,0.34,730000.0,1.0,1080000.0,1081481.0,1080000.0,0.0,0.0,0.0,0.0,32186799.999999996,31106799.999999996,0.5407405,0.0,0.0,0.0,0.6298612735683752,0.5407405,0.6287674032183644,44.09150684931506,11.833382352941175,29.76178037339537,1.0735294117647058,0.0,0.022680104887717947,0.6759259259259259,0.0,0.6296296296296297,47.3335294117647,1.0,-0.042253521126760445,0.07936507936507943,0.0428571428571429,-0.0915443681061371,-0.0875,-0.04225352112676056,-0.0408642575031153,-0.38181818181818183,-0.3539823008849557,-0.21473050587782555,Oil & Gas Midstream,Energy,MARPS
2014Q4,2014,Q4,2014-09-29,2014-06-30,710000.0,800000.0,710205.0,0.355,800000.0,1.0,1130000.0,1134744.0,1130000.0,0.0,0.0,0.0,0.0,32740000.000000004,31610000.000000004,0.567372,0.0,0.0,0.0,0.6258724434762378,0.567372,0.625691785988734,40.925000000000004,11.528169014084508,28.852322638410076,0.8450704225352108,0.0,0.01832620647525961,0.7079646017699115,0.0,0.6283185840707964,46.11267605633803,1.0,0.47916666666666663,0.2033898305084746,0.23076923076923078,0.07734111092755779,0.40350877192982454,0.4489795918367347,0.4583534397966287,-0.22826086956521746,-0.17525773195876282,-0.1658698375174215,Oil & Gas Midstream,Energy,MARPS
2014Q3,2014,Q3,2014-05-15,2014-03-31,490000.0,570000.0,486991.0,0.24,570000.0,1.0,1020000.0,1018008.0,1020000.0,0.0,0.0,0.0,0.0,31600200.0,30580200.0,0.509004,0.0,0.0,0.0,0.4783763978279149,0.509004,0.48133217027764025,55.438947368421054,16.122551020408164,31.04120989226018,1.4693877551020413,0.0,0.022784665919835956,0.5588235294117647,0.0,0.4803921568627451,64.49020408163268,1.0,-0.4666666666666667,-0.16949152542372878,-0.17391304347826086,0.036352475162857736,-0.41237113402061853,-0.45555555555555555,-0.45949764538616666,-0.38750000000000007,-0.36666666666666675,-0.19730460473870423,Oil & Gas Midstream,Energy,MARPS
2014Q2,2014,Q2,2013-12-31,2013-12-31,900000.0,970000.0,900997.0,0.45,970000.0,1.0,1250000.0,1254092.0,1250000.0,0.0,0.0,0.0,0.0,27500000.0,26250000.0,0.627046,0.0,0.0,0.0,0.7184456961690211,0.627046,0.7176506986728246,28.350515463917525,7.638888888888888,21.928215792780755,0.8444444444444444,0.0,0.027636363636363636,0.776,0.0,0.72,30.55555555555555,1.0,0.25000000000000006,-0.09090909090909088,-0.09345794392523372,0.2602166529332556,0.24358974358974358,0.25,0.25616162573787543,0.2857142857142858,0.2763157894736842,0.057612013051357804,Oil & Gas Midstream,Energy,MARPS
2014Q1,2014,Q1,2013-11-12,2013-09-30,720000.0,780000.0,717262.0,0.36,780000.0,1.0,1110000.0,1110049.0,1110000.0,0.0,0.0,0.0,0.0,33460000.0,32350000.0,0.5550245,0.0,0.0,0.0,0.6461534580905888,0.5550245,0.6486200158731732,42.8974358974359,11.618055555555557,30.142813515439407,0.9722222222222222,0.0,0.02092050209205021,0.7027027027027027,0.0,0.6486486486486487,46.47222222222222,1.0,-0.013698630136986314,-0.5636363636363636,-0.559322033898305,-0.37680165145886535,0.0,-0.0136986301369863,-0.011324947138300541,-0.06493506493506498,-0.03703703703703707,-0.05515682853130177,Oil & Gas Midstream,Energy,MARPS
2013Q4,2013,Q4,2013-09-26,2013-06-30,730000.0,780000.0,725478.0,0.365,780000.0,1.0,1100000.0,1095526.0,1100000.0,0.0,0.0,0.0,0.0,32800199.999999996,31710199.999999996,0.547763,0.0,0.0,0.0,0.6622188793328502,0.547763,0.6663465768954822,42.051538461538456,11.232945205479451,29.940138344503,1.082191780821918,0.0,0.02408521899256712,0.7090909090909091,0.0,0.6636363636363637,45.55583333333331,1.0,-0.013513513513513526,-0.525974025974026,-0.515527950310559,-0.3441798012172644,-0.037037037037037035,0.0,-0.01024978478589778,0.05797101449275368,0.0,-0.05385677001017369,Oil & Gas Midstream,Energy,MARPS
2013Q3,2013,Q3,2013-05-10,2013-03-31,730000.0,810000.0,732991.0,0.37,810000.0,1.0,1160000.0,1159247.0,1160000.0,0.0,0.0,0.0,0.0,29440000.0,28280000.0,0.5796235,0.0,0.0,0.0,0.6322992425255359,0.5796235,0.6297191193938824,36.34567901234568,10.082191780821919,25.39579571911767,0.9178082191780821,0.0,0.02275815217391304,0.6982758620689655,0.0,0.6293103448275862,39.78378378378378,1.0,0.23333333333333336,-0.48591549295774644,-0.47058823529411764,-0.6712976694044186,0.14084507042253522,0.21666666666666667,0.2160517483654438,-0.013513513513513526,0.012500000000000011,-0.04743330167004666,Oil & Gas Midstream,Energy,MARPS
2013Q2,2013,Q2,2013-02-14,2012-12-31,600000.0,710000.0,602763.0,0.3,710000.0,1.0,1096561.0,1096561.0,1096561.0,0.0,0.0,0.0,0.0,27600000.0,26506246.0,0.5482805,0.0,0.0,0.0,0.5496848784518144,0.5482805,0.547165182785089,38.87323943661972,11.500000000000002,25.169598408114098,0.9666666666666669,0.0,0.02101449275362319,0.647478799629022,0.0,0.547165182785089,46.0,1.0,-0.09090909090909098,-0.5384615384615385,-0.4892086330935252,-0.6596368171465216,0.014285714285714285,-0.09090909090909091,-0.08788912360557105,0.03448275862068969,0.07575757575757565,-0.021424829707050643,Oil & Gas Midstream,Energy,MARPS
2013Q1,2013,Q1,2012-11-14,2012-09-30,660000.0,700000.0,660844.0,0.33,700000.0,1.0,1080000.0,1080379.0,1080000.0,0.0,0.0,0.0,0.0,45176600.0,44096600.0,0.5401895,0.0,0.0,0.0,0.6116779389454997,0.5401895,0.6108967316099257,64.538,17.112348484848486,41.81551103825602,1.1666666666666667,0.0,0.01704422200873904,0.6481481481481481,0.0,0.6111111111111112,68.44939393939394,1.0,-0.14285714285714285,-0.5900621118012422,-0.5808383233532934,-0.699906725953184,-0.1566265060240964,-0.14285714285714285,-0.1424537581330406,0.04761904761904766,0.0,-0.09247005991796456,Oil & Gas Midstream,Energy,MARPS
2012Q4,2012,Q4,2012-09-24,2012-06-30,770000.0,830000.0,770622.0,0.385,830000.0,1.0,1190000.0,1187051.0,1190000.0,0.0,0.0,0.0,0.0,44520000.0,43340000.0,0.5935255,0.0,0.0,0.0,0.6491903043761389,0.5935255,0.6486663167799867,53.63855421686747,14.454545454545455,37.5047070429156,1.1168831168831173,0.0,0.019317160826594796,0.6974789915966386,0.0,0.6470588235294118,57.076923076923094,1.0,-0.21428571428571425,-0.536144578313253,-0.5174418604651163,-0.6886081381796451,-0.2169811320754717,-0.20618556701030927,-0.20815008754695888,0.30508474576271194,0.2769230769230768,0.12700207541759947,Oil & Gas Midstream,Energy,MARPS
2012Q3,2012,Q3,2012-05-10,2012-03-31,970000.0,1060000.0,973192.0,0.49,1060000.0,1.0,1280000.0,1275717.0,1280000.0,0.0,0.0,0.0,0.0,49972000.0,48712000.0,0.6378585,0.0,0.0,0.0,0.7628588472208178,0.6378585,0.7603567248849079,47.14339622641509,12.87938144329897,39.17169717108105,1.0412371134020617,0.0,0.020211318338269425,0.828125,0.0,0.7578125,51.517525773195864,1.0,0.0,-0.4020768251533743,-0.3735041470588235,-0.6394239431411469,-0.027522935779816515,0.0,-0.002840268698435598,0.6440677966101696,0.5362318840579712,0.2987053840022233,Oil & Gas Midstream,Energy,MARPS
2012Q2,2012,Q2,2012-02-09,2011-12-31,970000.0,1090000.0,975964.0,0.49,1090000.0,1.0,1307191.0,1307191.0,1292759.0,0.0,0.0,0.0,0.0,50000000.0,48707241.0,0.6535955,0.0,0.0,0.0,0.7466116275280353,0.6535955,0.7420491726151726,45.87155963302752,12.88659793814433,38.24995735129755,1.0721649484536082,0.0,0.0208,0.8338490702582867,0.0,0.7420491726151726,51.546391752577335,1.0,-0.10909090909090918,-0.25256687307692305,-0.20879072101449264,-0.5846679902885938,-0.035398230088495575,-0.11818181818181818,-0.11025577443422578,-0.02020202020202022,0.018691588785046745,0.3135749743754647,Oil & Gas Midstream,Energy,MARPS
2012Q1,2012,Q1,2011-11-10,2011-09-30,1100000.0,1130000.0,1096904.0,0.55,1130000.0,1.0,1380000.0,1377210.0,1380000.0,0.0,0.0,0.0,0.0,41443200.0,40083200.0,0.688605,0.0,0.0,0.0,0.7964682219850276,0.688605,0.7987162451623209,36.6753982300885,9.41890909090909,30.092142810464633,0.9818181818181818,0.0,0.0260597637248089,0.8188405797101449,0.0,0.7971014492753623,37.675636363636364,1.0,0.19565217391304351,-0.1928268749999999,-0.1945041178571429,-0.542355191893519,0.16494845360824742,0.1956521739130435,0.1899471582507873,-0.33333333333333326,-0.36158192090395486,-0.22681341310668623,Oil & Gas Midstream,Energy,MARPS
2011Q4,2011,Q4,2011-09-16,2011-06-30,920000.0,970000.0,921809.0,0.46,970000.0,1.0,1360000.0,1360392.0,1360000.0,0.0,0.0,0.0,0.0,40842000.0,39492000.0,0.680196,0.0,0.0,0.0,0.6776054254950044,0.680196,0.6762756617210334,42.10515463917526,11.098369565217391,30.022228886967874,0.9021739130434784,0.0,0.020322217325302386,0.7132352941176471,0.0,0.6764705882352942,44.39347826086957,1.0,0.15,-0.3566433566433566,-0.3445945945945946,-0.5111713666333328,0.07777777777777778,0.15,0.1524686943649857,-0.40259740259740256,-0.3975155279503106,-0.18562174529637515,Oil & Gas Midstream,Energy,MARPS
2011Q3,2011,Q3,2011-05-16,2011-03-31,800000.0,900000.0,799856.0,0.4,900000.0,1.0,1270000.0,1268237.0,1270000.0,0.0,0.0,0.0,0.0,46000000.0,44750000.0,0.6341185,0.0,0.0,0.0,0.6306833817338557,0.6341185,0.6307969251803882,51.111111111111114,14.375,36.27082319787232,0.9000000000000002,0.0,0.015652173913043483,0.7086614173228346,0.0,0.6299212598425197,57.5,1.0,0.142857142857143,-0.18180857142857135,-0.14900372641509438,-0.4337745264536559,0.18421052631578946,0.14285714285714285,0.14342405654106274,-0.4366197183098591,-0.4117647058823529,-0.6403937576309893,Oil & Gas Midstream,Energy,MARPS
2011Q2,2011,Q2,2010-12-31,2010-12-31,700000.0,760000.0,699527.0,0.35,760000.0,1.0,1185777.0,1185777.0,1171345.0,0.0,0.0,0.0,0.0,45900000.0,44728655.0,0.5928885,0.0,0.0,0.0,0.5899313277285695,0.5928885,0.5903302222930619,60.39473684210526,16.392857142857142,38.70879600464505,0.9857142857142858,0.0,0.01503267973856209,0.6409299556324671,0.0,0.5903302222930619,65.57142857142857,1.0,-0.0789473684210527,-0.03526388888888891,-0.020587012987013004,-0.4248168016170582,-0.06172839506172839,-0.09090909090909091,-0.08747508426995607,-0.46153846153846156,-0.4532374100719424,-0.6319449315866157,Oil & Gas Midstream,Energy,MARPS
2011Q1,2011,Q1,2010-11-15,2010-09-30,770000.0,810000.0,766584.0,0.38,810000.0,1.0,1170000.0,1174850.0,1170000.0,0.0,0.0,0.0,0.0,36300000.0,35140000.0,0.587425,0.0,0.0,0.0,0.6524952121547432,0.587425,0.6554028173809422,44.81481481481482,11.785714285714285,30.89756139081585,0.974025974025974,0.0,0.02066115702479339,0.6923076923076923,0.0,0.6581196581196581,47.142857142857146,1.0,0.10144927536231894,-0.2615461666666667,-0.25849470454545453,-0.5933769874392499,0.038461538461538464,0.11594202898550725,0.10629995122134255,-0.5217391304347826,-0.5149700598802395,-0.673665831144532,Oil & Gas Midstream,Energy,MARPS
2010Q4,2010,Q4,2010-09-27,2010-06-30,690000.0,780000.0,692926.0,0.345,780000.0,1.0,1160000.0,1157886.0,1160000.0,0.0,0.0,0.0,0.0,31010000.0,29870000.0,0.578943,0.0,0.0,0.0,0.5984406064154848,0.578943,0.5959135873479773,39.756410256410255,11.235507246376812,26.7815657154504,1.1014492753623188,0.0,0.024508223153821347,0.6724137931034483,0.0,0.5948275862068966,44.94202898550723,1.0,-0.06756756756756763,-0.5337837837837838,-0.4868421052631579,-0.6240656722581852,-0.025,-0.06756756756756757,-0.06699879491305197,-0.5843373493975904,-0.5465116279069767,-0.696258815067151,Oil & Gas Midstream,Energy,MARPS
2010Q3,2010,Q3,2010-05-17,2010-03-31,740000.0,800000.0,742685.0,0.37,800000.0,1.0,1220000.0,1216972.0,1220000.0,0.0,0.0,0.0,0.0,35240000.0,34040000.0,0.608486,0.0,0.0,0.0,0.610272873985597,0.608486,0.6080665783600608,44.05,11.905405405405407,28.957116515416956,0.864864864864865,0.0,0.01816118047673099,0.6557377049180327,0.0,0.6065573770491803,46.986666666666665,1.0,0.2758620689655173,-0.36394628205128204,-0.34591707317073167,-0.5452442569021491,0.21212121212121213,0.27586206896551724,0.2899368305506007,-0.5438524233128835,-0.5271729411764706,-0.6560279708841129,Oil & Gas Midstream,Energy,MARPS
2010Q2,2010,Q2,2010-02-16,2009-12-31,580000.0,660000.0,575753.0,0.29,660000.0,1.0,1120000.0,1120569.0,1120000.0,0.0,0.0,0.0,0.0,29500000.0,28390000.0,0.5602845,0.0,0.0,0.0,0.5138041477142417,0.5602845,0.5175941865248815,44.696969696969695,12.715517241379311,26.32591121117932,1.1206896551724137,0.0,0.022033898305084742,0.5892857142857143,0.0,0.5178571428571429,51.75438596491228,1.0,-0.06451612903225812,-0.41899254,-0.3703367428571429,-0.5696148716231527,-0.05714285714285714,-0.07936507936507936,-0.08492110416030922,-0.5530812230769231,-0.520919152173913,-0.6439631432665152,Oil & Gas Midstream,Energy,MARPS
2010Q1,2010,Q1,2009-11-06,2009-09-30,630000.0,700000.0,629184.0,0.31,700000.0,1.0,1190000.0,1190461.0,1190000.0,0.0,0.0,0.0,0.0,30000000.0,28820000.0,0.5952305,0.0,0.0,0.0,0.5285213039318382,0.5952305,0.5292067526781642,42.857142857142854,11.904761904761905,25.200321556103056,0.7777777777777778,0.0,0.01633333333333333,0.5882352941176471,0.0,0.5294117647058824,47.61904761904762,1.0,0.05084745762711869,-0.42869566818181815,-0.3928166521739131,-0.5640058554693523,0.07692307692307693,0.06779661016949153,0.10099988450756475,-0.5377099375,-0.5010202500000001,-0.6044116032389762,Oil & Gas Midstream,Energy,MARPS
2009Q4,2009,Q4,2009-09-21,2009-06-30,590000.0,650000.0,571466.0,0.295,650000.0,1.0,1050000.0,1053282.0,1050000.0,0.0,0.0,0.0,0.0,35296000.0,34256000.0,0.526641,0.0,0.0,0.0,0.5615945573896556,0.526641,0.5601538809169814,54.30153846153846,14.955932203389832,33.510493865840296,0.8983050847457631,0.0,0.01501586582048958,0.6190476190476191,0.0,0.5619047619047619,59.823728813559335,1.0,-0.016666666666666684,-0.5083333333333333,-0.4758064516129032,-0.6388174489850504,-0.057971014492753624,0.0,-0.03187792973878631,-0.5874125874125874,-0.5608108108108107,-0.6215249717657044,Oil & Gas Midstream,Energy,MARPS
2009Q3,2009,Q3,2009-05-12,2009-03-31,590000.0,690000.0,590283.0,0.3,690000.0,1.0,990000.0,982299.0,990000.0,10000.0,10000.0,0.0,0.0,35979800.0,34989800.0,0.4911495,99.0,0.0,0.0,0.6009198828462616,0.4911495,0.6006317831943228,52.14463768115942,15.245677966101695,36.62815497114422,1.016949152542373,0.0,0.01667602376889255,0.696969696969697,99.0,0.5959595959595959,60.982711864406795,1.0,-0.3877551020408163,-0.05596764516129041,0.0066227352941175864,-0.6502688798235111,-0.35514018691588783,-0.40404040404040403,-0.4003382908691942,-0.3965838214285714,-0.3475695235849058,-0.5614362958665452,Oil & Gas Midstream,Energy,MARPS
2009Q2,2009,Q2,2009-02-17,2008-12-31,990000.0,1070000.0,984360.0,0.49,1070000.0,1.0,1000000.0,995140.0,1000000.0,10000.0,10000.0,0.0,0.0,40980000.0,39980000.0,0.49757,100.0,0.0,0.0,0.9891673533372188,0.49757,0.9948348976023474,38.299065420560744,10.348484848484848,41.18013545832747,1.7878787878787878,0.0,0.04319180087847731,1.07,100.0,0.99,41.393939393939384,1.0,-0.40963855421686746,-0.2845173848920864,-0.26377660616438353,-0.6956895092935331,-0.3954802259887006,-0.4,-0.4048317964785458,0.36441250000000003,0.37891038961038964,-0.5172888257751662,Oil & Gas Midstream,Energy,MARPS
2009Q1,2009,Q1,2008-11-14,2008-09-30,1650000.0,1770000.0,1653919.0,0.83,1770000.0,1.0,1790000.0,1781213.0,1790000.0,10000.0,10000.0,0.0,0.0,46020000.0,44230000.0,0.8906065,179.0,0.0,0.0,0.9285352172929346,0.8906065,0.9263350312399472,26.0,6.9727272727272736,25.836326144037802,0.9330745454545455,0.0,0.03345443285528031,0.9888268156424581,179.0,0.9217877094972067,27.88551789078354,1.0,0.07792207792207785,0.3722754374999999,0.42459092338709686,-0.48049233825312065,0.09937888198757763,0.07142857142857142,-0.08311925466251703,0.5824010714285712,0.6203263863636364,-0.383510919630275,Oil & Gas Midstream,Energy,MARPS
2008Q4,2008,Q4,2008-09-25,2008-06-30,1540000.0,1610000.0,1803854.0,0.77,1610000.0,1.0,1680000.0,1670467.0,1670000.0,10000.0,10000.0,0.0,0.0,66900000.00000001,65230000.00000001,0.8352335,167.0,0.0,0.0,1.0728833507384847,0.8352335,0.921897888434791,41.55279503105591,10.86038961038961,40.0486809975893,0.968477922077922,0.0,0.022293811659192822,0.9583333333333334,167.0,0.9166666666666666,43.4055093205059,1.0,-0.03750000000000003,-0.03144654088050317,-0.02424242424242413,-0.5580025607517042,0.05228758169934641,0.08450704225352113,0.1291122981798789,0.04054054054054058,0.059210526315789526,-0.45764445838373885,Oil & Gas Midstream,Energy,MARPS
2008Q3,2008,Q3,2008-05-14,2008-03-31,1420000.0,1530000.0,1597586.0,0.8,1530000.0,1.0,3530000.0,3526738.0,2930000.0,0.0,0.0,0.0,3530000.0,62800000.0,61180000.0,1.763369,0.0,0.0,0.0,0.4529925387142453,1.763369,0.40263835873263054,41.04575163398693,11.056338028169014,17.806823189020562,0.9088633802816901,0.0,0.020550732484076434,0.43342776203966005,0.0,0.40226628895184136,44.20132153505278,1.0,0.40350877192982476,0.09505281395348841,0.11915168749999994,0.16554834508448082,0.10071942446043165,0.09230769230769231,0.39373060005269284,0.22053551282051273,0.2509335975609756,0.31786463443812063,Oil & Gas Midstream,Energy,MARPS
2008Q2,2008,Q2,2007-12-31,2007-12-31,1300000.0,1390000.0,1146266.0,0.57,1390000.0,1.0,3230000.0,3221738.0,2650000.0,10000.0,10000.0,0.0,3220000.0,71720000.0,70230000.0,1.610869,265.0,0.0,0.0,0.35579119096587,1.610869,0.4035089135118995,51.597122302158276,13.792307692307691,22.261276366979562,1.1712861538461539,0.0,0.02123078639152259,0.43034055727554177,266.0,0.4024767801857585,55.265690655459416,1.0,-0.1492537313432837,0.11686611111111105,0.13593455691056902,0.06926282450773488,-0.16766467065868262,-0.19254658385093168,-0.1429742062201447,0.3022581000000001,0.3261089809523807,0.23739646797882805,Oil & Gas Midstream,Energy,MARPS
2008Q1,2008,Q1,2007-11-14,2007-09-30,1610000.0,1670000.0,1337493.0,0.67,1670000.0,1.0,3610000.0,3600144.0,3020000.0,10000.0,10000.0,0.0,3600000.0,69000000.0,67290000.0,1.800072,302.0,0.0,0.0,0.3692034513236448,1.800072,0.4472043340488603,41.31736526946108,10.714285714285714,19.16590003066544,0.9582173913043478,0.0,0.02235840579710145,0.4626038781163435,302.0,0.44598337950138506,42.59085740951294,1.0,-0.19277108433734932,0.45857659909909926,0.4603097173913043,0.16035698934615378,-0.029069767441860465,-0.030120481927710843,-0.1998764064302157,0.4599999590909092,0.44856598695652167,0.31851585517471287,Oil & Gas Midstream,Energy,MARPS
2007Q4,2007,Q4,2007-09-28,2007-06-30,1660000.0,1720000.0,1671608.0,0.83,1720000.0,1.0,1660000.0,3812081.0,1640000.0,10000.0,10000.0,0.0,0.0,63080000.0,61440000.0,1.9060405,164.0,0.0,0.0,0.43587698458072766,1.9060405,0.4354576935799633,36.674418604651166,9.5,16.547392356038603,0.8433734939759037,0.0,0.02219403931515536,1.036144578313253,164.0,1.0,45.710144927536234,1.0,0.024691358024691242,0.12925170068027209,0.14666666666666664,0.22970354838709675,0.011764705882352941,0.018404907975460124,0.024076965913887523,0.3833333333333333,0.3870967741935484,0.30720656030922394,Oil & Gas Midstream,Energy,MARPS
2007Q3,2007,Q3,2007-05-15,2007-03-31,1630000.0,1700000.0,1632307.0,0.81,1700000.0,1.0,3560000.0,3554829.0,2940000.0,0.0,0.0,0.0,3560000.0,53252147.5,51572147.5,1.7689984896853221,0.0,0.0,0.0,0.45636311806440394,1.7689984896853221,0.45853119798448816,31.324792647058825,8.167507285276074,14.98022760025869,0.754601226993865,0.0,0.023097660052113392,0.47752808988764045,0.0,0.45786516853932585,38.037248214285704,1.0,0.2461538461538462,0.7302405454984084,0.6794778544046994,0.39647039080883734,0.2318840579710145,0.25384615384615383,0.250015890288851,1.595740153317367,1.4683418635839993,0.25964461612638245,Oil & Gas Midstream,Energy,MARPS
2007Q2,2007,Q2,2006-12-31,2006-12-31,1300000.0,1380000.0,1305829.0,0.65,1380000.0,1.0,3160000.0,3152736.0,2610000.0,0.0,0.0,0.0,3150000.0,,,,,,,,,,,,,,,,,,,,,,,,,,,,,,,Oil & Gas Midstream,Energy,MARPS
2007Q1,2007,Q1,2006-11-13,2006-09-30,1360000.0,1400000.0,1361025.0,0.68,1400000.0,1.0,3010000.0,3003202.0,2490000.0,0.0,0.0,0.0,3000000.0,,,,,,,,,,,,,,,,,,,,,,,,,,,,,,,Oil & Gas Midstream,Energy,MARPS
