Quarters,Year,Quarter,FillingDate,Date,NetIncome,Revenue,OperatingIncome,EPSDiluted,GrossProfit,GrossProfitRatio,TotalAssets,CommonStockEquity,CurrentAssets,CurrentLiability,TotalLiability,Inventory,RetainedEarnings,MarketCap,EnterpriseValue,bookValuePerShare,currentRatio,debtToAssets,debtToEquity,roic,shareholdersEquityPerShare,roe,priceToSalesRatio,peRatio,pbRatio,payoutRatio,inventoryTurnover,dividendYield,assetTurnover,quickRatio,returnOnAssets,priceToFreeCashFlowsRatio,grossProfitMargin,epsdilutedGrowth,fiveYNetIncomeGrowthPerShare,fiveYRevenueGrowthPerShare,fiveYShareholdersEquityGrowthPerShare,grossProfitGrowth,netIncomeGrowth,operatingIncomeGrowth,threeYNetIncomeGrowthPerShare,threeYRevenueGrowthPerShare,threeYShareholdersEquityGrowthPerShare,Industry,Sector,Symbol
2023Q1,2023,Q1,2023-03-31,2023-03-31,3205919000.0,18872303000.0,4292437000.0,1.82,3628675000.0,0.1922751558,75746608000.0,48618148000.0,32420076000.0,13031342000.0,26944441000.0,17184069000.0,24085266000.0,43878195039.13913,54682733039.13913,27.819202124125855,2.4878539754386004,0.17672632944831007,0.27533792525375506,0.051554593339169404,27.819202124125855,0.06594078820114661,2.3250047987857725,3.421654994959255,0.9025065092800147,0.10363736576002076,0.8870790730647089,0.007572166532913033,0.24915047020983436,1.1136816914175072,0.04232425826909635,44.69718149568456,0.19227515581961566,1.7575757575757578,5.961743379261691,0.7688916749005934,0.9825211684349185,0.2391885712607491,1.6547547477919269,0.8259543277135228,13.391292949445374,0.9888167145622626,0.6235069246600328,Steel,Basic Materials,GGB
2022Q4,2022,Q4,2022-12-31,2022-12-31,1207614000.0,17964045000.0,2350791000.0,0.66,2928267000.0,0.1630071067,73798652000.0,46116194000.0,31257422000.0,13462581000.0,27500459000.0,17817585000.0,22172561000.0,51969608147.3207,63156668147.3207,25.105465197955223,2.321800106532321,0.1851378396450927,0.29627169579519075,0.023704975026053492,25.105465197955223,0.026186332722947604,2.8929791785380576,10.758737507871038,1.1269275202398685,2.884612964076269,0.8438729491117904,0.06702954138359406,0.2434196901049087,0.9393937165540546,0.01636363222461028,-2495.659246413787,0.16300710669562452,-0.611764705882353,1.8121677968778533,0.7027546357032028,0.8148162651045495,-0.3819423308527447,-0.5989135319279527,-0.47321398959690003,0.05689059429088002,0.21987231081087524,0.5823256989248093,Steel,Basic Materials,GGB
2022Q3,2022,Q3,2022-09-30,2022-09-30,3010857000.0,21149232000.0,4462516000.0,1.7,4737854000.0,0.2240201441,79772325000.0,49188157000.0,37557578000.0,16667208000.0,30393668000.0,18811541000.0,25565620000.0,41099344132.75161,48808050132.75161,27.80140060633074,2.253381490169199,0.17417515410262896,0.28247362469791254,0.05351376575214619,27.80140060633074,0.06121101467574807,1.9433019663669873,3.41259516250287,0.8355536502974,0.39765289417597716,0.872410080598926,0.02913126779183573,0.2651199147072622,1.0771958326793545,0.0377431270807263,19.21872716348646,0.22402014408844728,-0.2857142857142857,20.5813848691308,1.1560334695864432,0.9284658625148107,-0.1975085752187822,-0.2968775067881049,-0.21539118301530635,9.112772882486627,1.0431089270207614,0.7296599785724289,Steel,Basic Materials,GGB
2022Q2,2022,Q2,2022-06-30,2022-06-30,4282123000.0,22968442000.0,5687568000.0,2.38,5903931000.0,0.2570453407,77656812000.0,47333225000.0,36735425000.0,16527565000.0,30138476000.0,18464285000.0,23754447000.0,38978121527.310265,46636099527.310265,26.449675454055935,2.2226761776462536,0.17300132021901699,0.28383299468819206,0.07294085565236616,26.449675454055935,0.09046759438005755,1.697029407885405,2.275630658397147,0.8234833254507856,0.20324778153266498,0.9241901866224443,0.02232873124453154,0.29576854120666196,1.0570966140505271,0.05514162749817749,13.62756071944621,0.2570453407331677,0.4601226993865031,53.498636837734544,1.3926522223655224,0.8017861816241265,0.13953459195730863,0.4563137140204429,0.13444447392025613,9.988706915830235,1.1450387488771365,0.7024740882915836,Steel,Basic Materials,GGB
2022Q1,2022,Q1,2022-03-31,2022-03-31,2940385000.0,20330491000.0,5013527000.0,1.63,5181002000.0,0.2548390002,71539429000.0,42328364000.0,33919220000.0,13945679000.0,29003178000.0,16317038000.0,20443675000.0,51087676809.19929,59898483809.19929,23.619589190051382,2.432238688413809,0.1915862090540309,0.32380103327404763,0.05739226047242864,23.619589190051382,0.06946606771761837,2.5128599604013147,4.343621397299953,1.2069371924981387,0.11582938968876524,0.9284460206564451,0.006666637069287749,0.284185815908595,1.215711260814192,0.04110160007008163,30.208659623689826,0.25483900019925737,-0.22009569377990432,2.4378621916228274,1.2912350288633128,0.6360652564891024,-0.0011784971029175177,-0.17404544514806808,0.2915180168819958,5.198543996588805,0.9194180919134448,0.5271287209505054,Steel,Basic Materials,GGB
2021Q4,2021,Q4,2021-12-31,2021-12-31,3559984000.0,21554924000.0,3881887000.0,2.09,5187115000.0,0.2406464064,73814613000.0,42604282000.0,32640477000.0,14036814000.0,30998964000.0,16861488000.0,17838494000.0,44520480763.00251,55342532763.00251,24.976907974303238,2.325347974262536,0.20297750528069558,0.3516713648642172,0.06058988552878317,24.976907974303238,0.08355930044778129,2.0654436435499615,3.126452307299872,1.044976670725316,0.9212229605526316,0.97072150453151,0.07366360254414342,0.2920143197120061,1.0754969040695417,0.04822871590480329,6.798558202482227,0.2406464063617204,-0.36276505086445954,2.1638891218409273,1.5053726056002277,0.7764278424251126,-0.19193104880413275,-0.36360000936727793,-0.4746230256341892,8.654912892087593,0.9664597388689788,0.6464799910741964,Steel,Basic Materials,GGB
2021Q3,2021,Q3,2021-09-30,2021-09-30,5593941000.0,21317057000.0,7388765000.0,3.279795,6419149000.0,0.3011273554318497,75362167000.0,41083025000.0,35456768000.0,13155055000.0,34063763000.0,15653770000.0,17052600000.0,42872912434.220116,56975175434.220116,24.087473605703526,2.695296066797136,0.23988614870907307,0.44004403278483023,0.09216157855858033,24.087473605703526,0.13616185760420516,2.011202223375399,1.916042394539919,1.0435675667558588,0.16509344664164316,0.9517137405238483,0.021540943863260067,0.28286151856540964,1.459966834042123,0.07422744359248587,24.636942924684067,0.3011273554318497,0.4322248908296943,60.14897251799757,1.4605931057456283,0.4955504627202589,0.18561641849459576,0.42828243523447035,0.3282709780548777,6.111966823753119,0.6573035631216315,0.5441757908883518,Steel,Basic Materials,GGB
2021Q2,2021,Q2,2021-06-30,2021-06-30,3916551000.0,19130116000.0,5562694000.0,2.29,5414187000.0,0.28301903658085503,66892047000.0,35913583000.0,28314439000.0,10975779000.0,30751672000.0,13801156000.0,13043914000.0,48348065764.352295,61992372764.352295,21.05758753236935,2.5797202184920085,0.24921550090999608,0.4641846790948149,0.07289702251746089,21.05758753236935,0.10905486651109136,2.527327370328141,3.0861378904776355,1.3462334227234387,0.17749698650675044,0.9938246477324073,0.014378569008081455,0.2859849093869111,1.2641565578169895,0.058550323628158665,-797.5596463931424,0.28301903658085503,0.5807188198035766,52.733791372158734,0.8714398338474918,0.30917993005608513,0.42594594708485245,0.5853041607165409,0.5634824827207834,4.596945598492614,0.5861388359974116,0.4116554420625207,Steel,Basic Materials,GGB
2021Q1,2021,Q1,2021-03-31,2021-03-31,2470536000.0,16342984000.0,3557887000.0,1.448708,3796909000.0,0.2323265445282208,68020243000.0,34443273000.0,26217721000.0,11375088000.0,33325982000.0,11956742000.0,9804918000.0,49499350379.91353,63897567379.91353,20.197330098080123,2.304836762581529,0.2740373773730858,0.5411822796283036,0.049556824074350435,20.197330098080123,0.07172767814487317,3.028782894232383,5.00896873997318,1.4371267904741085,0.17857987092679484,1.0492887611023136,0.008913005859952272,0.24026647479045318,1.2042559143278715,0.03632059944272766,45.142470027663606,0.2323265445282208,1.3320369595312451,280.0634189935414,0.6030949132479624,0.13517528600753767,0.4273031556297689,1.356650847780984,0.22910387950392097,4.497939325985815,0.5698240700570361,0.43935236843424585,Steel,Basic Materials,GGB
2020Q4,2020,Q4,2020-12-31,2020-12-31,1048325000.0,13620179000.0,2894700000.0,0.62122,2660198000.0,0.1953129984561877,63123009000.0,30860271000.0,23409453000.0,11482143000.0,32037799000.0,9169417000.0,7292332000.0,39282359748.57045,53059835748.57045,18.140706942620128,2.03877037587844,0.2914100625336159,0.5960634629553317,0.03526082043440937,18.140706942620128,0.033970051656383705,2.8841294779290676,9.367886807185378,1.272910395004971,0.19467054587079388,1.1952756647450977,0.005195156332415258,0.21577201745880017,1.1886729681036023,0.016607652528097955,19.89348899521149,0.1953129984561877,0.35047826086956513,1.3292173836484789,0.2923747702399442,-0.03434767188942733,0.5677411180226716,0.3345261418563767,1.2069671146880305,1.7612954343884673,0.3940245064162076,0.31134992960191993,Steel,Basic Materials,GGB
2020Q3,2020,Q3,2020-09-30,2020-09-30,785541000.0,12222108000.0,1311619000.0,0.46,1696835000.0,0.13883325200530056,63426195000.0,31270595000.0,22132456000.0,9171361000.0,31932892000.0,8886566000.0,6958493000.0,33821734330.70436,50035248330.70436,18.381980518994887,2.413213916669511,0.3213915323156308,0.6518789297101638,0.0184425774264655,18.381980518994887,0.025120756416691144,2.767258670165929,10.763834838252988,1.0815826923249898,0.00032334403933085605,1.1844027265425137,7.5099637859023505e-06,0.19269811156100408,1.346430480710551,0.012385119428967795,16.067332223612524,0.13883325200530056,1.5555555555555558,1.400795795032928,0.015994395622687792,-0.13187054512130278,1.3630660177003475,1.4916294501256058,0.628646427671191,4.85609440318114,0.2958569001239037,0.2750804327542303,Steel,Basic Materials,GGB
2020Q2,2020,Q2,2020-06-30,2020-06-30,315272000.0,8744833000.0,805343000.0,0.18,718065000.0,0.08211306036375995,62600429000.0,30051622000.0,21763185000.0,10164082000.0,32339056000.0,9515481000.0,6173084000.0,25491363283.315536,43258015283.31554,17.668173889074033,2.141185500077626,0.3487246549061189,0.7264271126530208,0.010800446350211403,17.668173889074033,0.010491014428439171,2.915020021916432,20.213786257038,0.8482524931038842,0.0,0.8435483187870376,0.0,0.13969286057129096,1.0892482961078038,0.005036259416049689,-197.9727193062824,0.08211306036375995,0.3846153846153845,0.22328043207775727,-0.19385553023414995,-0.13234294982802258,-0.16061047785930627,0.4553814195037507,0.701156927730567,3.221641972984067,-0.04155089488300663,0.20357891056784813,Steel,Basic Materials,GGB
2020Q1,2020,Q1,2020-03-31,2020-03-31,216625000.0,9227541000.0,473409000.0,0.13,855461000.0,0.09270736374945394,60648518000.0,29120586000.0,20605966000.0,10136472000.0,31323785000.0,9512743000.0,5857812000.0,16224421161.054611,33341035161.05461,17.135253137248725,2.032853837114136,0.34514393245355146,0.7188202874763578,0.008492744107476528,17.135253137248725,0.007438895632113997,1.7582605334459755,18.72408674097474,0.5571461082910423,0.32536872475476053,0.8800910526017575,0.004344253597730109,0.15214783978728055,1.0220075584483437,0.00357181027902446,24.88385254285177,0.09270736374945394,1.1609760962797966,-0.2629294408535726,-0.11927817989003446,-0.17771702238103612,-0.6784220573055089,-0.795017202941722,-0.8154673179889048,-0.7329193657753412,0.0966229092128268,0.18691278215823812,Steel,Basic Materials,GGB
2019Q4,2019,Q4,2019-12-31,2019-12-31,1056796000.0,13620179000.0,2565448000.0,0.060158,2660198000.0,0.1953129984561877,54002970000.0,26955701000.0,18235713000.0,7424537000.0,26829843000.0,7659737000.0,5644706000.0,31856420362.513054,46068904362.513054,15.866180530983218,2.456141440200244,0.3120964643240918,0.6252531143597415,0.03510076858775954,15.866180530983218,0.039204916243877314,2.338913487298005,7.536085574347616,1.1818064149959615,0.06430190878845113,1.4308560463629496,0.0021331335795645345,0.25221166539544027,1.3407382844209679,0.01956921998919689,-43.095456966681894,0.1953129984561877,-0.6461294117647058,1.670921581420645,0.2601763598969736,-0.16012710717148976,1.7002371159553864,2.699890417289561,2.6572767811320324,1.3468894261147426,0.5894430868999604,0.1284473193070691,Steel,Basic Materials,GGB
2019Q3,2019,Q3,2019-09-30,2019-09-30,285629000.0,9930829000.0,701464000.0,0.17,985172000.0,0.0992033998370126,53046092000.0,27282379000.0,17503982000.0,8219780000.0,25547772000.0,9005860000.0,5667442000.0,21149558796.2454,34964199796.2454,16.073332880880187,2.1294951933020103,0.303623818320113,0.5903465016742125,0.03316759026982726,16.073332880880187,0.010469358262342151,2.129687138530469,18.511389596509282,0.7752094784785961,0.41520643912207794,0.9933151303706698,0.005607445580427603,0.1872113218067035,0.9469574611485952,0.005384543690796298,19.78974598067526,0.0992033998370126,-0.2272727272727272,0.13717870870980525,-0.06852783516030111,-0.12865853790684778,-0.22583271319084333,-0.22705833006345813,-0.24177284013070496,2.137389547263201,0.15184203511460534,-0.0020339691512857258,Steel,Basic Materials,GGB
2019Q2,2019,Q2,2019-06-30,2019-06-30,369535000.0,10154053000.0,925137000.0,0.22,1272557000.0,0.12532503031055678,51125256000.0,26365051000.0,16895857000.0,7715230000.0,24556811000.0,9531907000.0,5502202000.0,24077259619.68936,37742900619.68936,15.536022331240254,2.1899356208434484,0.30154368322380626,0.5847323413104719,0.012979316532431711,15.536022331240254,0.014016092743382138,2.371196961419185,16.288889834311608,0.9132263624177841,0.3550516189264887,0.9317648609034898,0.00544929124295802,0.19861128910532985,0.8804568366723999,0.007228032266479017,142.964715639373,0.12532503031055678,-0.15384615384615388,0.041222835691636955,-0.02340529002545348,-0.11720090114000657,0.00279430201944664,-0.17698768159678221,-0.06552101357268614,4.095192762598846,-0.0017046832048059118,-0.03410356966592436,Steel,Basic Materials,GGB
2019Q1,2019,Q1,2019-03-31,2019-03-31,449003000.0,10025661000.0,990003000.0,0.26,1269011000.0,0.1265762925756217,52145303000.0,26235574000.0,17569685000.0,9296751000.0,25698952000.0,9377329000.0,5251678000.0,25802918237.290684,39771875237.29068,15.466665557406472,1.8898736773739557,0.3051228027191634,0.6064559898708525,0.016914117934672818,15.466665557406472,0.017114281547642145,2.5736874842756685,14.366784986565058,0.9835088127780502,0.3706434032734748,0.9338106831913437,0.00644965807625154,0.19226393218963556,0.7930711492649422,0.008610612541651163,-36.754094822376274,0.1265762925756217,0.13320374131573673,0.13570988753996716,-0.04553768054081112,-0.12019237440731985,-0.026501334425728985,0.22460596043649136,0.5662646599554803,50.35455326892646,-0.0113160799349747,-0.13070804841770856,Steel,Basic Materials,GGB
2018Q4,2018,Q4,2018-12-31,2018-12-31,366651000.0,10899702000.0,632079000.0,0.229438,1303557000.0,0.11959565500047616,51281029000.0,25730604000.0,17503082000.0,8504253000.0,25342458000.0,9167689000.0,4806089000.0,23566973373.636,35584893373.636,15.16988248245143,2.058156313082407,0.29071304321916003,0.5793903633198817,0.025217915962876616,15.16988248245143,0.014249607199271342,2.1621667614065045,16.06907752442786,0.9159121711109462,0.6020875437405053,1.0467354422690385,0.009367176535573136,0.21254842604659901,0.8847642467833448,0.007149837028426243,17.693533991140836,0.11959565500047616,-0.5012217391304348,-0.183188297759068,0.058925175276931634,-0.1496065840864885,-0.2999239536374973,-0.5328751067001313,-0.502869156100024,1.1154828394710634,0.03728487126969352,-0.19248834223065658,Steel,Basic Materials,GGB
2018Q3,2018,Q3,2018-09-30,2018-09-30,784910000.0,12835621000.0,1271454000.0,0.46,1862022000.0,0.14506676381298575,56118974000.0,26549563000.0,22169620000.0,9151102000.0,29356741000.0,9124052000.0,4813798000.0,27076666071.416756,42475547071.416756,15.598919337963586,2.4226175164477457,0.3242054460938648,0.6852872493607521,0.02706660952963193,15.598919337963586,0.029563951768245677,2.109494045626367,8.62413081481213,1.0198535498085883,0.26324037150756135,1.2027111419356225,0.007630924703027475,0.22872159066913803,0.9345979314840989,0.013986535106646818,-86.27180900426873,0.14506676381298575,0.12112814738448112,0.31806341288067075,0.2222273318478542,-0.09154070362388111,0.13213542417183935,0.12404749322988047,0.07734635290449189,1.4002719343466632,0.06645628738893111,-0.2633067297851996,Steel,Basic Materials,GGB
2018Q2,2018,Q2,2018-06-30,2018-06-30,698289000.0,12035355000.0,1180172000.0,0.410301,1644699000.0,0.1366556283549592,54463125000.0,25387067000.0,20653820000.0,8740848000.0,28784919000.0,8479855000.0,4268182000.0,22144911499.58768,37623917499.58768,14.916945668840295,2.362908038213226,0.33264152580300893,0.7136191431645097,0.04060632127604559,14.916945668840295,0.027505698078474368,1.8399882263205098,7.928275935747119,0.8722910566859764,0.1669409084204391,1.2253341596053235,0.005264098707378916,0.2209817192825421,0.9040853930877187,0.012821317175611939,153.31882758287475,0.1366556283549592,0.5571195445920304,0.7874255616819482,0.2169699580307208,-0.11133976072387296,0.228212232096184,0.5572521637515583,0.22485342820758447,1.7078179258657185,0.10882726201538366,-0.2674515681212859,Steel,Basic Materials,GGB
2018Q1,2018,Q1,2018-03-31,2018-03-31,448411000.0,10388800000.0,963521000.0,0.2635,1339100000.0,0.12889842907746804,50976376000.0,23879339000.0,19557528000.0,8175084000.0,26841845000.0,6980484000.0,3709745000.0,24949787957.44207,39294988957.44207,14.032234594542789,2.3923335833613453,0.3280077814868597,0.7002140218370366,0.017137600735213122,14.032234594542789,0.01877819984883166,2.401604416048251,13.91011145881907,1.0448274115729113,0.12298984636862165,1.2964287290107677,0.002210439627546003,0.20379636245620913,0.9298206599467357,0.008796447201346758,-58.68094454178394,0.12889842907746804,1.3255244526309418,2.023712178527917,0.1326492094826379,-0.11676265368185626,0.28815848456922544,1.32409450548974,1.8254815061046603,0.5236698285498539,-0.009778664477669445,-0.32662403335226586,Steel,Basic Materials,GGB
2017Q4,2017,Q4,2017-12-31,2017-12-31,-1383581000.0,9816898000.0,-1167223000.0,-0.809463,1039546000.0,0.1058935317449565,50301761000.0,23645201000.0,17982113000.0,7714120000.0,26407820000.0,6701404000.0,3315374000.0,20049906796.89997,34004152796.89997,13.833612625523237,2.3310647228718246,0.32821085528198507,0.6982213430962164,-0.025054016577675968,13.833612625523237,-0.05851424143106248,2.042387197758393,-3.6228285147201307,0.8479482494946848,-0.03640047095182718,1.3097780703864443,0.002511882000757575,0.1951601257061358,0.9158968229687897,-0.027505617546868786,9.991820521600358,0.1058935317449565,-11.1182875,-11.505590809906323,0.08663986515197612,-0.13661065207453618,0.06676996962482555,-11.265934082241381,-3.011066505858029,-4.475724977453829,-0.09719567579276989,-0.26772065706810577,Steel,Basic Materials,GGB
2017Q3,2017,Q3,2017-09-30,2017-09-30,134774000.0,9476204000.0,580400000.0,0.08,974480000.0,0.10283442610564314,52575446000.0,24640181000.0,17476445000.0,9231348000.0,27672830000.0,6811831000.0,4751242000.0,17760224123.63978,33171202123.63978,14.416330175570959,1.8931628403565763,0.35518428127076657,0.7578666731384806,0.005948069793818423,14.416330175570959,0.00546968384688408,1.8741918307836956,32.944455391321355,0.7207830219932142,0.25035244186564176,1.2480820501859191,0.0018998071063241247,0.18024010676010244,1.0971051031766974,0.0025634399753831855,-43.30842997617525,0.10283442610564314,1.0,-0.6551232518644828,-0.03890366955495017,-0.10190029030626115,0.0403208673753164,0.7964357597003585,0.2089399904184632,-0.46713197147830454,-0.1173146789690684,-0.21848528203244988,Steel,Basic Materials,GGB
2017Q2,2017,Q2,2017-06-30,2017-06-30,75023000.0,9165853000.0,480090000.0,0.04,936711000.0,0.10219572580969824,54175125000.0,25083248000.0,17895994000.0,8608157000.0,28829348000.0,6995222000.0,4650781000.0,16392758423.650942,32051605423.65094,14.679697138211067,2.0789576677098247,0.3685137966917474,0.7959208871195628,-0.03279338338691502,14.679697138211067,0.0029909603413401644,1.7884596691274606,54.62577617414307,0.6535341206071456,0.0033722991615904455,1.1763946876882534,1.5433644140999467e-05,0.1691893281279923,1.1879884393372473,0.0013848237544444983,-73.42748038598234,0.10219572580969824,-0.9166666666666667,-0.8605057616301605,-0.08453214606196165,-0.07133278554729755,0.43252733270427457,-0.9079857384824264,-0.6021809654418071,-0.7900554355230608,-0.12447221737359271,-0.165859630679624,Steel,Basic Materials,GGB
2017Q1,2017,Q1,2017-03-31,2017-03-31,815341000.0,8458664000.0,1206805000.0,0.48,653887000.0,0.07730381535429236,53557572000.0,24663483000.0,17760717000.0,8634633000.0,28641227000.0,6836354000.0,4575811000.0,17668672958.89144,32893510958.89144,14.436825851761927,2.056916258050574,0.36784641768301224,0.7987907060815377,0.01777210129552456,14.436825851761927,0.033058631662040594,2.0888254881493626,5.417571592404724,0.71639001510417,0.002488529339258053,1.1416578193580964,0.00011483601539972713,0.1579359124046923,1.192878724550308,0.015223636351550813,-84.76866998134393,0.07730381535429236,1.2668080749463884,1.1990709741494008,-0.08344339826972656,-0.025219103953184604,0.2543704331778847,1.266065425373266,1.4220129107160342,1.0477108484544368,-0.20042587471766143,-0.1787738975417817,Steel,Basic Materials,GGB
2016Q4,2016,Q4,2016-12-31,2016-12-31,-3064438000.0,8619629000.0,-2859640000.0,-1.799046,521287000.0,0.06047673281529866,54635141000.0,24028136000.0,17796740000.0,8621509000.0,30360488000.0,6332730000.0,3763207000.0,16621238640.077824,32141088640.077824,14.060187178898131,2.0642256477375365,0.3767398165953301,0.8566304519002224,-0.05929416768564536,14.060187178898131,-0.1275354026629448,1.928300932682581,-1.3559777225120744,0.6917406593702409,-0.011196180180509444,1.2788074021788391,0.002064226423972417,0.15776712281203778,1.2518177502337469,-0.05608913867358739,11.497669951590131,0.06047673281529866,-36.98092,-9.052641792387076,-0.05122769765988507,-0.04081219431044571,-0.5018553079581866,-34.36205282295817,-5.819344520339015,-7.775770721097801,-0.1688526812330236,-0.21181389392580463,Steel,Basic Materials,GGB
2016Q3,2016,Q3,2016-09-30,2016-09-30,91854000.0,8698749000.0,593367000.0,0.05,1046457000.0,0.12029971206204479,58712707000.0,27582314000.0,17839249000.0,6168286000.0,30871761000.0,6911010000.0,6862570000.0,14459339377.455864,31608889377.455864,16.106092175512945,2.8920917415307916,0.3593459759911939,0.7649167868946746,0.012044956772613226,16.106092175512945,0.0033301774463157805,1.6622320493965126,39.35413639432105,0.524225029758412,0.5623271713806693,1.1072610226291093,0.003572224058903597,0.14815785959247288,1.6993043124135294,0.0015644654231323383,197.51307084644725,0.12029971206204479,0.25000000000000006,-0.8717770069740866,-0.034033310821910745,0.09383141479518017,-0.034013536366523156,0.2569309504912559,0.3835042796820608,-0.8467018679463315,-0.17678314741019333,-0.062003665245854635,Steel,Basic Materials,GGB
2016Q2,2016,Q2,2016-06-30,2016-06-30,73078000.0,10248778000.0,428887000.0,0.04,1083304000.0,0.10570079671937474,58233705000.0,27503613000.0,17297171000.0,6079653000.0,30472707000.0,6763727000.0,6821987000.0,9568597234.891382,26433222234.89138,16.084563358275165,2.8450918169178405,0.35501860992701734,0.7516848422787217,0.001735949628858581,16.084563358275165,0.0026570327323904683,0.9336329887223025,32.734192352320065,0.3479032821939206,0.0,1.3550922442611892,0.0,0.1759939196724646,1.6516952530021038,0.0012549089912791912,46.638545730954995,0.10570079671937474,3.0,-0.8491678556469818,0.10110845336157345,0.15540129300862324,0.33300520009154916,7.404600345025877,1.1334901952981207,-0.8138206261903113,0.03144289106329334,-0.04178025180619393,Steel,Basic Materials,GGB
2016Q1,2016,Q1,2016-03-31,2016-03-31,8695000.0,10084511000.0,201026000.0,0.01,812678000.0,0.08058675328927699,65004810000.0,30014023000.0,19868585000.0,7437304000.0,34718628000.0,8117680000.0,6915923000.0,10153645187.451199,29107529187.4512,17.792256708754678,2.6714767878252657,0.3643408695448844,0.7890947841280724,0.00022162783938773872,17.792256708754678,0.00028969791886945644,1.0068554823779952,291.9391945788154,0.3382967084236325,0.0,1.1421776911629924,0.0,0.1551348430985338,1.519128033491706,0.00013375933257861995,24.499615596553426,0.08058675328927699,1.0053215492945755,-0.9801705187690118,0.07461111264459891,0.3885623344527699,0.03322505387485777,1.0027540426146522,1.0673470632102773,-0.9408525443961354,0.10914205845396105,0.11990613430616646,Steel,Basic Materials,GGB
2015Q4,2015,Q4,2015-12-31,2015-12-31,-3157177000.0,10449129000.0,-2984926000.0,-1.879152,786545000.0,0.07527373812688119,70094709000.0,31685801000.0,22177498000.0,7863031000.0,38124326000.0,8781113000.0,6908059000.0,7621548544.138262,28435221544.13826,18.785960966008165,2.8204769890898307,0.3775142714409443,0.8351296847442803,-0.04817916358704436,18.785960966008165,-0.09964011956017776,0.7293955835111483,-0.6035097607877434,0.24053513888250014,-0.02366576216664444,1.1003826052574428,0.009803388322897306,0.1490715797108167,1.6411310091490166,-0.045041587946388364,5.68428253060145,0.07527373812688119,-0.6340452173913044,-8.156655089867051,0.1206240610095404,0.3613025205894238,-0.3504475585575393,-0.6249390746344092,-1.3433662250142686,-25.29354802137307,0.17210784097047752,0.1724774307088509,Steel,Basic Materials,GGB
2015Q3,2015,Q3,2015-09-30,2015-09-30,-1942951000.0,11925345000.0,-1273777000.0,-1.15,1210903000.0,0.10154029086789523,76489683000.0,35708187000.0,24084165000.0,8427000000.0,40477302000.0,10040178000.0,9785525000.0,8801646661.8528,31194409661.8528,21.174238952142662,2.857976148095408,0.36061452889012496,0.7724640570522384,-0.014843800318854005,21.174238952142662,-0.05441191959703807,0.738062224770252,-1.1325101175805257,0.2464881978424948,-0.03843637847789265,1.0671565782997074,0.008484775959442957,0.155907888910979,1.6040884063130414,-0.02540147800063441,3.6093445925946828,0.10154029086789523,-8.666666666666666,-4.0319236519375945,0.2182108392300732,0.5677628875176387,0.02496076735166504,-8.600697106733222,-3.282954954825782,-6.039051855266568,0.2258367928571768,0.3190997725710753,Steel,Basic Materials,GGB
2015Q2,2015,Q2,2015-06-30,2015-06-30,255628000.0,10759391000.0,557951000.0,0.15,1181414000.0,0.10980305483832682,68778447000.0,34353332000.0,21896575000.0,8119741000.0,33316512000.0,9532157000.0,11813348000.0,12180057345.871338,30955191345.871338,20.363084568461748,2.6967085526496475,0.328091938452754,0.6568694413688896,0.007384641339809277,20.363084568461748,0.007441141371672477,1.1320396615265063,11.91189672675855,0.35455243019429206,0.34401943449074435,1.0048068868357918,0.007220080948946375,0.1564355036978372,1.455930552464666,0.003716687583829859,19.52623821236582,0.10980305483832682,-0.11764705882352951,-0.7046544672364321,0.0984777792007091,0.49721486431527373,0.06256312660036893,-0.12773406309927593,0.1498454373093727,-0.5185938430394788,0.08842692380578179,0.2882097529542563,Steel,Basic Materials,GGB
2015Q1,2015,Q1,2015-03-31,2015-03-31,293062000.0,10447376000.0,485240000.0,0.17,1111853000.0,0.10642413942027165,70843389000.0,35313341000.0,22907024000.0,8059842000.0,34403812000.0,10190200000.0,11658949000.0,16337351709.77169,36023415709.77169,20.838632932504893,2.8421182449978546,0.3286436226251119,0.6593040290353722,-0.005356710806369931,20.838632932504893,0.008298903238863748,1.563775603536399,13.93677081110114,0.462639649694196,0.4124997440814572,0.9161275539243587,0.0073994856784343165,0.14747143166739243,1.5215876440257763,0.004136758618365928,53.04162757628548,0.10642413942027165,-0.27004478489937345,-0.5133053362466131,0.2309516734963649,0.553543819850845,-0.13456357790074341,-0.2617564966798666,-0.487294900526293,-0.20315733250691326,0.14124226753253075,0.4070337545741542,Steel,Basic Materials,GGB
2014Q4,2014,Q4,2014-12-31,2014-12-31,396972000.0,10843796000.0,946431000.0,0.232891,1284731000.0,0.11847613142113703,63042330000.0,32200819000.0,20682739000.0,7772796000.0,29787796000.0,8866888000.0,11366957000.0,15295741785.040936,31767255785.040936,18.891168730960413,2.660913653207932,0.30965678140385994,0.6062418785062579,0.02637613244834989,18.891168730960413,0.012328009421126836,1.4105523365656212,9.632758598239256,0.4750109550021363,0.2925143335046301,1.0780631265445104,0.00759165535296654,0.17200817292127368,1.4721533924214658,0.006296911932030431,-105.95480624989392,0.11847613142113703,0.5526066666666667,-0.5576457628970409,0.4177730121256162,0.44742667385849616,0.00695295722101171,0.5738991840521446,0.41510119496178277,0.04584736201164203,0.1966734379305003,0.2887579981265287,Steel,Basic Materials,GGB
2014Q3,2014,Q3,2014-09-30,2014-09-30,252222000.0,10705945000.0,668808000.0,0.15,1275860000.0,0.1191730389050196,61472407000.0,31441499000.0,20283500000.0,7560429000.0,28264201000.0,9311613000.0,11397960000.0,19337560630.601994,34930780630.60199,18.44665217958128,2.6828504043884283,0.3003837965869793,0.5872911784517653,0.03738011081863222,18.44665217958128,0.008021945773005289,1.8062450937868626,19.167202534475575,0.6150330374070904,0.40611445472639185,1.012723037351316,0.005296996966509899,0.17415854563820804,1.38933412376467,0.004103011616252475,91.3476212166827,0.1191730389050196,-0.2857142857142857,-0.6205691193212513,0.3083103282913288,0.4491367366959279,0.009648103774092563,-0.29241559243102216,0.06233351599914227,-0.6462425167151442,0.19449735495562234,0.25278853690550024,Steel,Basic Materials,GGB
2014Q2,2014,Q2,2014-06-30,2014-06-30,356455000.0,10442822000.0,629565000.0,0.21,1263668000.0,0.12100828684047281,57893657000.0,29995738000.0,18822207000.0,6674808000.0,26187610000.0,9006486000.0,11248053000.0,21035273802.399662,35121026802.39966,17.598593328088764,2.8198874035028423,0.2886985356616874,0.5572062937741356,0.012661173564177829,17.598593328088764,0.011883521585633265,2.0143284834692827,14.753106144113326,0.7012754212748378,0.3148223478419436,1.0191715170600388,0.005334848552681932,0.18037938076705018,1.4138958004484923,0.006157064840453938,32.141125440282096,0.12100828684047281,-0.0869565217391305,2.1007013874756892,0.3402305018866314,0.35648071925684677,-0.03958496737987098,-0.1026347854107506,-0.03763020076981635,-0.261907418920302,0.12557584128538643,0.2641584998914856,Steel,Basic Materials,GGB
2014Q1,2014,Q1,2014-03-31,2014-03-31,397224000.0,10553776000.0,654182000.0,0.23,1315752000.0,0.12467120772697848,57553675000.0,29961013000.0,18202140000.0,6903515000.0,25910364000.0,8688879000.0,10870215000.0,23496360413.331783,38384858413.33179,17.579599343649008,2.6366481422869366,0.2911959488251619,0.5593735098342636,0.01114899032001233,17.579599343649008,0.01325802969345529,2.2263463250813533,14.787852957859913,0.7842311744710295,0.31309286447948764,1.0632009031314626,0.00529307508959702,0.1833727559534643,1.332269430862394,0.006901800797255779,-41.98822791761846,0.12467120772697848,-0.13091015001310832,2.884514169164293,0.30985676513649346,0.2985806115951913,-0.02511903050707811,-0.11746435189093833,-0.19064227061896166,-0.10335010609289966,0.11314056692871786,0.3719659008376676,Steel,Basic Materials,GGB
2013Q4,2013,Q4,2013-12-31,2013-12-31,450094000.0,10320997000.0,808273000.0,0.26464467396952,1349654000.0,0.1307677930727041,58215040000.0,30339079000.0,18177222000.0,7236630000.0,26194283000.0,8499691000.0,10472752000.0,29954349103.57292,44561943103.57292,17.83866408014884,2.5118352050609194,0.28698456618770685,0.5506699132165482,0.018648397066788742,17.83866408014884,0.014835453640501085,2.9022728234077504,16.637829599801886,0.9873189988256705,0.42073655725248504,1.0554904878306752,0.006321986812172528,0.17729090283198293,1.2970079995799149,0.0077315758951638615,175.84519125053816,0.1307677930727041,-0.24387236008708563,9.178491812464715,0.823061503691661,0.2564187019576306,-0.12039588422224366,-0.24361576983833563,-0.08736128737957916,0.011825428829500838,0.09772287221522344,0.29265776822353873,Steel,Basic Materials,GGB
2013Q3,2013,Q3,2013-09-30,2013-09-30,595060000.0,10494025000.0,885644000.0,0.35,1534388000.0,0.14621539399801314,56208439000.0,29203110000.0,17399603000.0,6949552000.0,25072702000.0,8196754000.0,10156760000.0,26738318073.804665,40564237073.804665,17.1707410559706,2.5037013896723126,0.28094304486911653,0.5407427496591972,0.01858619635968799,17.1707410559706,0.02037659687615463,2.5479563917376473,11.233454640626434,0.9155983069544532,0.2620307195913017,1.093071354831437,0.005831481231153339,0.18669838883090134,1.2802961975102856,0.010586666532404502,25.536884279124685,0.14621539399801314,0.5217391304347825,-0.6166868294338166,-0.3921363198547189,0.3205488310211173,0.1430900026521326,0.5242901238520947,0.2309689507122614,-0.07925981929798732,0.06295169074486179,0.27133969913011124,Steel,Basic Materials,GGB
2013Q2,2013,Q2,2013-06-30,2013-06-30,390385000.0,9882457000.0,719469000.0,0.23,1342316000.0,0.13582816499985784,55056360000.0,28547144000.0,16807180000.0,6730811000.0,24591874000.0,8551238000.0,9682004000.0,21208094902.183224,35627457902.18323,16.785881723470762,2.497051246870548,0.28440957593273514,0.5485156763842995,0.03806986696645604,16.785881723470762,0.013675098286539627,2.14603462501109,13.581525226496423,0.7429147694138237,0.11596500890146906,0.9987022931650364,0.002134609459680401,0.17949710078908232,1.1864375630217519,0.007090643115527434,82.46208931350549,0.13582816499985784,1.5555555555555558,-0.8279786865023818,-0.2688853202533703,0.39091738512095525,0.47796511634308464,1.6343189915784928,1.109650858997704,-0.5525732958697304,0.0008645655204530978,0.23419767484258983,Steel,Basic Materials,GGB
2013Q1,2013,Q1,2013-03-31,2013-03-31,148192000.0,9165558000.0,341037000.0,0.09,908219000.0,0.09909042089963317,51806980000.0,27016795000.0,15909495000.0,7883030000.0,23331729000.0,8536526000.0,9325974000.0,24933637772.748543,38816997772.74854,15.887274981110629,2.018195414707289,0.28843171325562694,0.5530921043743345,0.008711953105158854,15.887274981110629,0.005485180607100139,2.720362227018643,42.063063074843015,0.9228939914134354,0.24577575037788815,0.9672950097030103,0.0014607575650195646,0.17691743467772103,0.904467064060393,0.0028604639760897083,-187.71654474838166,0.09909042089963317,0.16805752034366853,-0.8551998742957276,-0.20109860800396065,0.6285357693972318,-0.10823057874447933,0.1310466944482606,-0.19841062778087254,-0.7547511366514129,0.07616250458496673,0.18441444508944263,Steel,Basic Materials,GGB
2012Q4,2012,Q4,2012-12-31,2012-12-31,131022000.0,8987704000.0,425451000.0,0.077051,1018446000.0,0.11331548079465012,53093158000.0,27245604000.0,16410397000.0,7823182000.0,24295241000.0,9021542000.0,9180210000.0,29782310166.42952,43013645166.42952,16.022449962768697,2.097662690194348,0.276279855118055,0.5383829993271575,0.007130786586012855,16.022449962768697,0.004808922569673992,3.313672787447108,56.82692632998565,1.093105154373877,0.8146265512661995,0.8833587428845313,0.0035838052657281797,0.16928177449907952,0.9112620670208107,0.0024677756030259115,67.95161655816742,0.11331548079465012,-0.6630029741077678,-0.9134176816443257,-0.5383210461407358,-0.14861655928603926,-0.14966732153129783,-0.6633348407918268,-0.25064200340288223,-0.853649195118899,0.17791703317667326,0.22762767020690577,Steel,Basic Materials,GGB
2012Q3,2012,Q3,2012-09-30,2012-09-30,389176000.0,9819092000.0,567754000.0,0.22864,1197703000.0,0.1219769608024856,53598526000.0,27322673000.0,17546335000.0,8069589000.0,24712474000.0,9125445000.0,7259070000.0,31617084786.69508,44919197786.69508,16.052037451929557,2.174377778099975,0.27925532877527265,0.5478114824270671,0.012639130538317719,16.052037451929557,0.014243701558775015,3.219960133451757,20.31027400629476,1.1571739260904332,0.4152876847493165,0.9447636800177964,0.005111793231108138,0.18319705284432636,1.0142826357079648,0.007260945944670195,84.20063219332,0.1219769608024856,-0.2624516129032258,-0.7982625717681048,-0.47385030159414276,-0.1134217575505577,-0.15942998308617629,-0.2737167021868223,-0.2765170098540811,-0.4137424849874555,0.20157187740083837,0.26101999126749015,Steel,Basic Materials,GGB
2012Q2,2012,Q2,2012-06-30,2012-06-30,535846000.0,9975430000.0,784751000.0,0.31,1424870000.0,0.14283795285015283,53346280000.0,26910731000.0,18171094000.0,8250579000.0,24924418000.0,9365626000.0,7022910000.0,29497161511.377922,42724662511.37792,15.80727402642544,2.202402279888478,0.2791492115289014,0.5533692860294281,0.022901215509363963,15.80727402642544,0.019911982324077336,2.956981454571675,13.7619584317966,1.0961114921544837,0.19387100025007184,0.9129726085581465,0.0035218642973470007,0.18699391972598653,1.034739016498115,0.01004467415534879,175.70070532083608,0.14283795285015283,0.40909090909090906,-0.7455782316390253,-0.46743358196776946,-0.10759226700827074,0.2876723718016496,0.44984293363709416,0.3761549779131572,2.6566008468397806,0.28175886731299604,0.2184077466368908,Steel,Basic Materials,GGB
2012Q1,2012,Q1,2012-03-31,2012-03-31,369589000.0,9199442000.0,570249000.0,0.22,1106547000.0,0.12028414332086663,49628184000.0,25221238000.0,16871465000.0,6666106000.0,22885835000.0,8372318000.0,6601055000.0,28438034168.87876,40540457168.87876,14.810329080421962,2.5309326014317803,0.2712404306391707,0.533723602306913,0.012363564021445955,14.810329080421962,0.014653880194144316,3.0912781632710726,19.236255792839316,1.1275431510887277,0.408120912689501,0.9666253718504242,0.005304058610530431,0.18536729048961373,1.2353315413826302,0.007447159460841847,363.10517459210104,0.12028414332086663,-0.01204036392842565,-0.8354218365738793,-0.5014065546334423,-0.12654098468496472,-0.07882784260904167,-0.02674426259726922,0.12594627040133316,2.617146467157313,0.14267637727121568,0.0940184596487121,Steel,Basic Materials,GGB
2011Q4,2011,Q4,2011-12-31,2011-12-31,379745000.0,9065801000.0,506462000.0,0.22268116223329365,1201238000.0,0.13250213632529548,49981794000.0,24997469000.0,17319149000.0,6777001000.0,23461991000.0,8059427000.0,6242932000.0,23658979318.28607,35865908318.28607,14.65842986691261,2.5555771645894696,0.27377024522169013,0.5473965384255502,0.012675432705369716,14.65842986691261,0.01519133797105619,2.6096954166858586,15.57556999979333,0.9464549918348163,0.5518940341544984,0.9758216061762207,0.008858328044524558,0.18138206483744862,1.3275959380852975,0.007597666462312257,37.2625188695489,0.13250213632529548,-0.4568752140651374,-0.8187489952768663,-0.42331693840504436,-0.07593327186329815,-0.10290434120221355,-0.46765664908753957,-0.34848461459298136,7.564534296438376,0.5970456525800193,0.032427391612704214,Steel,Basic Materials,GGB
2011Q3,2011,Q3,2011-09-30,2011-09-30,713346000.0,8967321000.0,777360000.0,0.41,1339030000.0,0.14932330402803692,49427346000.0,25110096000.0,17263451000.0,6452461000.0,22796951000.0,7852885000.0,6513708000.0,21164852704.80861,33409924704.80861,14.72447395244066,2.675483199356029,0.2736069826609748,0.5385748823899359,0.0199617833636716,14.72447395244066,0.02840873248752215,2.360220260299437,7.417456852918714,0.8428821898892226,0.1978156462642252,0.9713998103881567,0.006667232792408703,0.18142428687148204,1.4132892860569013,0.01443221329342668,-65.89470691925268,0.14932330402803692,0.4642857142857141,-0.5219352375695938,-0.47300494041060576,-0.03318229476080422,-0.04596982938275845,0.5210065757490469,-0.11457876542647402,-0.5417265526824058,-0.48196596096017247,0.13241395941587594,Steel,Basic Materials,GGB
2011Q2,2011,Q2,2011-06-30,2011-06-30,468996000.0,9009867000.0,877955000.0,0.28,1403551000.0,0.15577932504442074,45036096000.0,23042696000.0,15812927000.0,5705141000.0,20530293000.0,7080608000.0,5922256000.0,25799250659.402466,36524365659.402466,13.921192104945238,2.771697842349558,0.2643994275169855,0.5167588896715906,0.019115612038162637,13.921192104945238,0.020353347542318833,2.863444117366268,13.752383101029894,1.1196281311614955,0.2334177690214842,1.0742461664309053,0.004243224016279838,0.20005879284030303,1.4872731453964065,0.010413780093194578,-20.818926292729437,0.15577932504442074,0.07692307692307698,-0.7906351902343562,-0.44373303397394326,-0.05406547660650603,0.20504512208419298,0.20008290622129307,0.3412718903583885,-0.7876658150934401,-0.3151419038928665,0.15354250907787553,Steel,Basic Materials,GGB
2011Q1,2011,Q1,2011-03-31,2011-03-31,390803000.0,8363791000.0,654569000.0,0.26,1164729000.0,0.13925850131836148,42931609000.0,19264533000.0,13403304000.0,5611643000.0,22545414000.0,6614218000.0,5486264000.0,28927442317.46206,42083798317.46206,12.813437515404432,2.3884812344619926,0.331569729892956,0.738913421882586,0.016556094732186086,12.813437515404432,0.020286139300651616,3.458651981794148,18.505130665234184,1.5015906338068026,0.2316870648382945,1.0884222443227605,0.0031300382179085045,0.19481662101227093,1.1609582077833533,0.00910291994879577,54.328018340308006,0.13925850131836148,-0.0059327189559485296,-0.8179125983817376,-0.3965778113451897,-0.05682146936379861,0.22763679213961005,0.059017841657995146,-0.029839840403615224,-0.568089608257458,-0.1754271624461825,0.3134499999265296,Steel,Basic Materials,GGB
2010Q4,2010,Q4,2010-12-31,2010-12-31,369024000.0,7799844000.0,674702000.0,0.26155171280451617,948757000.0,0.12163794557942441,42891260000.0,19470442000.0,12945944000.0,5021900000.0,22743645000.0,6797785000.0,5534468000.0,31243247419.457535,44852208419.457535,13.799989849334976,2.57789760847488,0.3420276065566738,0.753449510802066,0.01689043617493053,13.799989849334976,0.018953036608003043,4.005624653449163,21.166135142604233,1.6046501368308708,0.15853169441553938,1.0078410835294143,0.0018724686078428062,0.18185159400773024,1.061256098289492,0.008603710872564714,95.07264334562963,0.12163794557942441,-0.3117060189354838,-0.6271735381087252,-0.16098377701247993,0.1052523590084606,-0.2970519744265876,-0.3117060187300776,-0.13575641904225136,-0.7060929048049933,-0.5171105630714421,-0.2667112166337956,Steel,Basic Materials,GGB
2010Q3,2010,Q3,2010-09-30,2010-09-30,536143000.0,8190031000.0,780685000.0,0.38,1349683000.0,0.16479583532711903,42808317000.0,19055681000.0,13384354000.0,6110813000.0,22532221000.0,7205281000.0,6583579000.0,30727462022.976086,44434334022.97609,13.506021299987198,2.1902738637232066,0.334190643374277,0.7507545387645815,0.01824553142712864,13.506021299987198,0.028135599037368435,3.75181266383193,14.32801604374956,1.6125092576316788,0.4452562096306396,0.9493520100048839,0.007768978766339351,0.19131868697384202,0.8465088033294424,0.012524271860535886,27.36847442041029,0.16479583532711903,-0.2692307692307693,-0.6414498262630349,-0.2465196469673957,0.1467364096278118,-0.25595732271362626,-0.26861931421337526,-0.374293190989713,-0.6647127438848972,-0.47055662444750573,-0.2540420702053611,Steel,Basic Materials,GGB
2010Q2,2010,Q2,2010-06-30,2010-06-30,733056000.0,8295748000.0,1247685000.0,0.52,1813986000.0,0.21866454959817969,46327751000.0,19433180000.0,16019780000.0,5283109000.0,23099878000.0,7181048000.0,6637685000.0,32095408787.58665,44973342787.586655,13.600642802711196,3.0322637674142254,0.31845282107478085,0.7591759557622582,0.03147722126470111,13.600642802711196,0.037721875678607415,3.8688987162564064,10.945756118081926,1.6515778059785713,0.5985913763750654,0.9026206202771517,0.013671768535620347,0.17906649515535517,1.4838215528015795,0.015823258936096422,41.80788131061922,0.21866454959817969,0.4857142857142859,-0.5491978718212277,-0.24783618391662401,0.2004222870662151,0.2889767477885067,0.4537118380216751,0.3252379232697455,-0.5852986005655771,-0.4723064598331107,-0.23216876037528675,Steel,Basic Materials,GGB
2010Q1,2010,Q1,2010-03-31,2010-03-31,504265000.0,7107586000.0,941480000.0,0.35,1407307000.0,0.19800069953427227,45635560000.0,19035803000.0,14999325000.0,5013887000.0,22981221000.0,6220345000.0,6049772000.0,38861727688.714645,51648600688.714645,13.413611297108826,2.991556251666621,0.3205959343985261,0.7685819715616935,0.023056211923250115,13.413611297108826,0.026490345587207434,5.46764086832219,19.266520425130953,2.0415071372988387,0.5601499211723995,0.9163927402740524,0.007268436500367607,0.15574665896507023,1.5551200096851006,0.011049826056697892,72.40758045103603,0.19800069953427227,-0.33520697951813844,-0.6809725098812992,-0.4356042379420809,0.24662373392535816,0.05491165261923823,-0.3245513104721236,0.014570686851466497,-0.7305437833564686,-0.5377430922606665,-0.20891428868523831,Steel,Basic Materials,GGB
2009Q4,2009,Q4,2009-12-31,2009-12-31,746563000.0,6362846000.0,927959000.0,0.5264796548951577,1334052000.0,0.20966278297478833,44583316000.0,18507473000.0,14164686000.0,4818521000.0,22578523000.0,5751593000.0,5795720000.0,40087256053.36799,52516227053.36799,13.05155492305599,2.939633551456972,0.32570289298355465,0.7845973893896806,0.026268368962213465,13.05155492305599,0.04033846219848598,6.300208437131433,13.423936108998166,2.1660037571508544,0.2517617401344562,0.8743306419630179,0.004688672124372269,0.14271809660815718,1.678032533219218,0.01674534482809668,39.14889616127831,0.20966278297478833,0.34994783306450683,-0.40965705478988046,-0.29680393908491015,0.29226214223976377,-0.11430409522121285,0.3499478329424571,0.11729866664740204,-0.5714726586703218,-0.513249796679034,-0.17723059261155213,Steel,Basic Materials,GGB
2009Q3,2009,Q3,2009-09-30,2009-09-30,553031000.0,6807904000.0,830538000.0,0.39,1506219000.0,0.2212456286105092,45932004000.0,18050659000.0,14951525000.0,5327761000.0,23886384000.0,5698547000.0,5418942000.0,32288388785.593597,45718076785.5936,12.72940759313035,2.8063430397872575,0.3500277279432441,0.8906863178790314,0.019762440541904028,12.72940759313035,0.030637717991348682,4.742779684553954,14.596102562782917,1.7887650963653792,0.06166381269766071,0.9303573349487159,0.0010561691457089861,0.1482170035515977,1.562953931304351,0.012040210568648388,24.214372600166634,0.2212456286105092,3.0526315789473686,-0.8040334360637489,-0.40418739660337033,0.33475305202376615,0.877175075337805,3.078595053747275,1.8957088825882376,-0.554282490391866,-0.5188494723753041,-0.1641795368720302,Steel,Basic Materials,GGB
2009Q2,2009,Q2,2009-06-30,2009-06-30,-266060000.0,6401515000.0,-927241000.0,-0.19,802386000.0,0.12534314142824005,49271651000.0,18167297000.0,16428912000.0,6007673000.0,26947897000.0,6212755000.0,4877262000.0,27406790067.33543,43343494067.335434,12.973714316949689,2.7346548322453637,0.3840075706007903,1.041469570294359,-0.020055435361526815,12.973714316949689,-0.014644996446086614,4.281297484632221,-25.752452517604514,1.5085783023933297,-0.0009246034729008494,0.9012312573085531,8.975877853466436e-06,0.12992288405355037,1.6354938093334974,-0.005399859647487761,17.47665790542205,0.12534314142824005,-4.166666666666667,-1.1421876772142854,-0.419110633319011,0.7109203329913112,0.015618058166159734,-4.0086394065496656,-5.891775828141239,-1.1403928573049036,-0.5328261389494842,-0.11844587902154885,Steel,Basic Materials,GGB
2009Q1,2009,Q1,2009-03-31,2009-03-31,88432000.0,6967785000.0,189551000.0,0.06,790047000.0,0.11338567421354132,56104181000.0,19952543000.0,0.0,6948674000.0,31591444000.0,0.0,5142488000.0,17713396082.806107,39862693082.80611,13.537549526520365,0.0,0.3947887056759638,1.1100989482894486,-0.0029578873998405532,13.537549526520365,0.004432116748226028,2.54218465162259,50.07631876132539,0.8877763642863021,1.2086009589288944,0.0,0.00603379495949647,0.12419368531553825,0.0,0.0015762105145069314,16.914781585049575,0.11338567421354132,1.3076584145359387,-0.8949471461406464,-0.24236151676965142,1.06281902143834,0.47339372600180224,1.3945674901828473,-0.30768565022653444,-0.9579693515758343,-0.48720063517281637,-0.003520635622713811,Steel,Basic Materials,GGB
2008Q4,2008,Q4,2008-12-31,2008-12-31,36930260.0,4728059188.0,273793256.0,0.026000381868503605,536209016.0,0.11340996266732861,59050514000.0,20166502000.0,20775540000.0,8475437000.0,34006936000.0,10398263000.0,5110818000.0,20748772642.023365,41955999642.02336,14.198024951677613,2.4512647548439097,0.39345696465910523,1.1521004485557287,0.0004231498925344306,14.198024951677613,0.001831267514812435,4.3884333543633645,140.4591562720068,1.0288731601555574,17.205434784374656,0.4031298469754035,0.030623554991059815,0.08006804458975582,1.073358105310676,0.0006254011607756708,20.342690631084224,0.11340996266732861,-0.9856237106490779,-0.9782763085566996,-0.3275751939626065,1.3391440952754214,-0.8880494235420593,-0.971515226148291,-0.9287145670425595,-0.9629379969417319,-0.49480185047624087,0.13713131258997896,Steel,Basic Materials,GGB
2008Q3,2008,Q3,2008-09-30,2008-09-30,1296491248.0,14417782600.0,3840802316.0,1.80856,4789694104.0,0.3322074022672529,54322179444.0,18468737664.0,22185982624.0,9872059392.0,29428640124.0,10241240360.0,3870601228.0,28859481756.034428,45560151924.034424,13.002730874172434,2.2473510078331587,0.34925414875075533,1.0272627661489535,0.07760165647591206,13.002730874172434,0.07019923459778046,2.001658823461135,5.564920280131815,1.5626125770516779,0.27233574429805946,0.9401291403729929,0.012234485427867113,0.26541244750430343,1.093070796225615,0.023866701617458765,49.755837071720855,0.3322074022672529,0.7706209058503445,1.6181273866954156,0.9534964148946092,1.2856203931843406,0.6083629305374834,-0.30377944536461926,0.7038472261058892,-0.13874195538420664,0.31758688890183673,0.10400425016502295,Steel,Basic Materials,GGB
2008Q2,2008,Q2,2008-06-30,2008-06-30,1862184676.06,11091526346.7,2254194071.6,1.021427,2977993345.3200006,0.26849265396245725,47517886590.3,16841207086.66,18269160716.28,8402319198.46,26462955551.86,7484014650.18,4733359079.98,50769637981.10155,65198653764.10155,12.068209013011257,2.1742997718568486,0.346615419726646,0.9779840673098966,0.05183626654666194,12.068209013011257,0.11057311191993152,4.577335561773854,6.815870444240749,3.014608021851143,0.22803287528842173,1.0841150613173718,0.00836404084973124,0.23341792202021364,1.199092555915586,0.03918913086593658,-27.05157366744238,0.26849265396245725,0.7196319741405437,3.54529434733812,0.7767360176613496,1.2422928340902348,0.35238830121978365,1.3353442278125847,0.45797053844110575,0.17253441637470285,0.029679928250632863,0.0651663509098415,Steel,Basic Materials,GGB
2008Q1,2008,Q1,2008-03-31,2008-03-31,797391945.0,8938852189.0,1546117711.0,0.59398,2202025367.0,0.2463431904277123,41067579789.0,12925654684.0,15138852116.0,6619507037.0,23095137348.0,6442457322.0,5021045712.0,33550787675.764263,46854501894.76427,9.75555789418796,2.2870059705927916,0.374245405304276,1.1890579950294455,0.04187296675191201,9.75555789418796,0.061690642717467166,3.753366424052888,10.518913529959304,2.5956741454106034,0.29698642742121,1.0456921148697056,0.0070583912153891195,0.21766201551020745,1.1599911957310909,0.01941657991770877,28.64934389740714,0.2463431904277123,-0.3325414139634886,0.6215688424166808,0.3436086047517357,0.8566579235801705,0.22262830688331203,0.35231660635706086,0.40646940235263357,-0.4596611781376688,-0.23972900415674545,-0.09334557717511202,Steel,Basic Materials,GGB
2007Q4,2007,Q4,2007-12-31,2007-12-31,589648859.78,7585551003.46,1099289972.76,0.8899128911160759,1801058714.7399998,0.23743281324171206,40898747302.4,12469518680.32,15454689253.12,6731361029.12,23435073026.56,6083196870.4,4574507142.4,16176520996.750668,30143026310.030666,18.819311248680673,2.295923392945752,0.39101187037534446,1.2824789864551216,0.03208820599201233,18.819311248680673,0.04728721892935711,2.1325439627750264,6.8585399295040546,1.2972851167287827,0.3867043476774889,0.9508967754876626,0.014095724150192845,0.18547147538220243,1.2369672997510477,0.014417284114357177,13.419353770918045,0.23743281324171206,-0.18849474647911227,1.5797831420963049,-0.13651654796794646,3.100241042008955,-0.028726877562710137,-0.21479881175576032,-0.01318005175848805,-0.0021384639705882853,0.7941182089645838,0.8633399325267997,Steel,Basic Materials,GGB
2007Q3,2007,Q3,2007-09-30,2007-09-30,750952582.1,7264654230.4,1113972183.8,1.09662,1854327761.2999992,0.2552534095208958,40093759593.3,11996624361.4,15364309655.1,8637774169.5,23900880420.2,5921373321.5,4411164916.2,15682653008.862305,30765802089.862305,18.10560724745615,1.7787348168179034,0.4068789836442799,1.3598248692598263,0.03262451106766219,18.10560724745615,0.06259699057646949,2.15876110706494,5.220919863211129,1.3072554859117174,0.18289688067376578,0.9136945393149876,0.008757885845104459,0.18119164438782095,0.9773425292025979,0.018729911829607777,31.484803428061554,0.2552534095208958,-0.11154788447578565,1.4571320075833711,5.877382926196191,2.883980972461674,-0.020704429282674654,-0.08665115758839026,-0.12470181061700555,-0.4305128611694594,0.3606615581296696,0.8984791205309194,Steel,Basic Materials,GGB
2007Q2,2007,Q2,2007-06-30,2007-06-30,822196894.8,7312198184.4,1272677354.2,1.234304,1893532266.1999998,0.2589552715132506,31626694822.4,11772054826.8,14461377596.6,6127698350.8,15808161405.8,5168306637.8,4084472009.8,15690129594.218485,23984602330.618484,17.713062585677907,2.3600015484952843,0.29231057619882056,0.7853189203429,0.04743061089826631,17.713062585677907,0.06984310784283851,2.1457473113477894,4.7707944695032936,1.3328284505181442,0.2688129249791956,1.0484412589935976,0.014086381560636733,0.23120336239565079,1.3728723139744146,0.025996927577069125,17.56978839148349,0.2589552715132506,-0.047585096294444386,3.5736568566185145,7.160298090214385,0.0,0.08503123786657694,-0.05889702896013401,0.03523570543199364,-0.0741821032028608,0.39806054505323285,1.3359261809696825,Steel,Basic Materials,GGB
2007Q1,2007,Q1,2007-03-31,2007-03-31,873652427.1,7178055025.5,1229359987.8,1.295973,1745140785.0,0.24312167833771087,31323764093.7,11233516592.1,14631428200.8,5973429608.1,16014167621.7,4947658750.2,3716723023.8,11754042142.877811,20395645648.577812,16.955951934482282,2.4494183677932204,0.30169656863495176,0.8412567931261995,0.04549559139406923,16.955951934482282,0.07777194433614834,1.6374968011699051,3.363477791132039,1.0463368301911684,0.42450100188132356,1.098077800996357,0.0315522376125494,0.22915684730698402,1.471928785998813,0.02789104222872479,12.426956023049845,0.24312167833771087,0.05485531864596074,7.163285536825225,8.253414687869148,0.0,0.185460692731185,0.07282115468551677,0.2687108408745893,1.3088820004528277,0.7363557530573608,1.5837069041574634,Steel,Basic Materials,GGB
