Quarters,Year,Quarter,FillingDate,Date,NetIncome,Revenue,OperatingIncome,EPSDiluted,GrossProfit,GrossProfitRatio,TotalAssets,CommonStockEquity,CurrentAssets,CurrentLiability,TotalLiability,Inventory,RetainedEarnings,MarketCap,EnterpriseValue,bookValuePerShare,currentRatio,debtToAssets,debtToEquity,roic,shareholdersEquityPerShare,roe,priceToSalesRatio,peRatio,pbRatio,payoutRatio,inventoryTurnover,dividendYield,assetTurnover,quickRatio,returnOnAssets,priceToFreeCashFlowsRatio,grossProfitMargin,epsdilutedGrowth,fiveYNetIncomeGrowthPerShare,fiveYRevenueGrowthPerShare,fiveYShareholdersEquityGrowthPerShare,grossProfitGrowth,netIncomeGrowth,operatingIncomeGrowth,threeYNetIncomeGrowthPerShare,threeYRevenueGrowthPerShare,threeYShareholdersEquityGrowthPerShare,Industry,Sector,Symbol
2023Q3,2023,Q3,2023-03-31,2023-03-31,2546000.0,1240194000.0,-90505000.0,0.03,420156000.0,0.3387824808,14117632000.0,5239436000.0,3406644000.0,1107456000.0,6666554000.0,1394103000.0,1159322000.0,14844051720.0,18556175720.0,61.76540764841798,3.0760987343966715,0.32676528188296733,0.880467286936991,0.0048343578609940496,61.76540764841798,0.00048593016500249266,11.969136860845964,1457.5855970149255,2.833139238650878,2.7101335428122546,0.5882190914157706,0.0004648326568886409,0.08784716870364662,1.6482794801779934,0.0001803418590313163,268.52481403762664,0.3387824808054224,1.0566037735849056,-0.9376840804187968,2.0997020651880853,2.802096678550322,0.021809974999270405,1.056487397941072,0.4526756934911314,-0.9995812228107038,-0.9980737468289969,-0.9974712664394969,Scientific & Technical Instruments,Technology,IIVI
2023Q2,2023,Q2,2022-12-31,2022-12-31,-45072000.0,1370285000.0,-165359000.0,-0.53,411188000.0,0.300074802,14108894000.0,5178790000.0,3416400000.0,1132916000.0,6747633000.0,1367375000.0,1192847000.0,13563997200.0,17334093200.0,61.05047861555147,3.015581031603402,0.3319453672272256,0.9043390444486067,-0.011178824660511585,61.05047861555147,-0.008703191285995377,9.898668671115862,-75.23516373801917,2.6191440857806554,-0.3061767838125666,0.7014147545479477,0.0010173992073663949,0.09712207065982635,1.65057250493417,-0.003194580666634819,119.37301169616376,0.30007480195725705,-0.15217391304347827,-4.461921141636619,2.588222550065966,2.96001153072787,-0.07301149300905824,-0.1647113545919686,-16.211020145340814,0.5757031916177427,0.9013094096555646,1.317894123320347,Scientific & Technical Instruments,Technology,IIVI
2023Q1,2023,Q1,2022-09-30,2022-09-30,-38698000.0,1344570000.0,10871000.0,-0.46,443574000.0,0.3299002655,13830559000.0,7162518000.0,3394630000.0,1183084000.0,6668041000.0,1346940000.0,1273850000.0,13272188880.0,17177377880.0,84.43577592304428,2.8693059833452232,0.34732435615942925,0.6706705658540754,0.0006788591528384979,84.43577592304428,-0.00540284855130556,9.870954193533992,-85.74208537908936,1.8530060071053227,0.0,0.6689206646175776,0.0,0.09721732867051867,1.6035573129211451,-0.0027980069352222135,-223.38863346405668,0.3299002655123943,-2.4838709677419355,-2.3539292425457448,2.803117258150704,4.613532145303042,0.36052289345831084,-1.8868365569713081,-0.551526402640264,-0.15757530695428798,2.071730121103548,1.6136258369098764,Scientific & Technical Instruments,Technology,IIVI
2022Q4,2022,Q4,2022-08-29,2022-06-30,43636000.0,886962000.0,24240000.0,0.31,326032000.0,0.3675828277,7844846000.0,3616475000.0,4305192000.0,1266959000.0,3461568000.0,902559000.0,1348125000.0,4321986600.0,4177829600.0,42.63303390389966,3.398051554943767,0.31080457156201663,0.6741962822914579,0.0034871270124561316,42.63303390389966,0.01206589289294133,4.872797932718651,24.76158790906591,1.1950826702797614,0.15812631771931432,0.6214884567103093,0.0015964880594493281,0.11306302252459768,2.5910088645331064,0.005562378152483809,227.66469658659923,0.3675828276746918,-0.46551724137931033,-0.014015188952153049,1.390406787587809,1.9623743475697146,0.013551028528971968,-0.10950573445981797,-0.2809895292617091,0.16697470358323596,0.8328737450970746,1.3921261018448987,Scientific & Technical Instruments,Technology,IIVI
2022Q3,2022,Q3,2022-05-10,2022-03-31,49002000.0,827724000.0,33713000.0,0.58,321673000.0,0.3886235025,7767196000.0,3627765000.0,4233799000.0,2123881000.0,4139431000.0,879510000.0,1321779000.0,6149181720.0,6004850720.0,42.76612675060122,1.9934257145292038,0.31619956545450895,0.676996442713351,0.004209106373337262,42.76612675060122,0.013507490148893327,7.429024312451976,31.372095628749847,1.6950330906219118,0.14081057916003428,0.5753783356641766,0.0011221005190915061,0.1065666425824712,1.5318231106168378,0.006308840410361731,-105.33027954779034,0.3886235025201637,-0.2750000000000001,0.6071291316276278,1.4854712806731778,2.1290269946368228,0.03376322039290799,-0.2757290450359904,-0.6503381181546631,0.48973665196303323,0.8102193038840447,1.4402114012978677,Scientific & Technical Instruments,Technology,IIVI
2022Q2,2022,Q2,2022-02-09,2021-12-31,67657000.0,806819000.0,96416000.0,0.8,311167000.0,0.3856713835,7649283000.0,4283576000.0,4165795000.0,2083240000.0,3365707000.0,819091000.0,1289925000.0,5796297240.0,5615742240.0,50.49719432262932,1.9996711852691,0.32279639804148963,0.5764251643953556,0.01191155188952301,50.49719432262932,0.01579451374272337,7.184135772707386,21.41795098807219,1.353144484888327,0.1019850126372733,0.6051244611404594,0.0011904151416499821,0.1054764217770476,1.5619525354735893,0.008844881278415245,43.3773413657624,0.38567138354451247,-0.09090909090909087,1.0756130469124376,1.5521578709129027,2.8351667340285607,-0.01588601790062937,-0.09141330038676407,-0.060565905370644636,0.7646656435204989,0.7617640804101309,1.9881238423481142,Scientific & Technical Instruments,Technology,IIVI
2022Q1,2022,Q1,2021-11-09,2021-09-30,74464000.0,795111000.0,102632000.0,0.88,316190000.0,0.397667747,6515862000.0,4194372000.0,3050951000.0,1028657000.0,2321490000.0,747413000.0,1239075000.0,5035390080.0,5003853080.0,49.44560758240204,2.9659556100818834,0.23460257445599678,0.36444979129175953,0.014382621061425392,49.44560758240204,0.01775331324927784,6.332939778219645,16.905451224752902,1.200511084853704,0.18543188654920498,0.6407715680621022,0.0027421907301370383,0.12202698583855827,2.1621541485645848,0.011428111890644707,1055.4160721022847,0.3976677470189697,-0.09278350515463915,2.3412670185529514,1.624262975501098,2.8306036700204666,0.02783565811843564,-0.09514666925899823,-0.04365571158343971,1.12901286873676,0.8905434034574821,2.004864403266363,Scientific & Technical Instruments,Technology,IIVI
2021Q4,2021,Q4,2021-08-20,2021-06-30,82294000.0,808006000.0,107317000.0,0.97,307627000.0,0.380723658,6512650000.0,4132348000.0,3027394000.0,729589000.0,2380302000.0,695828000.0,1136777000.0,6157664520.0,6091812520.0,48.7144339133305,4.149451266397931,0.2343193630856871,0.36929126007780566,0.016302731104298765,48.7144339133305,0.019914586090038884,7.620815340480145,18.70629851508008,1.490112768818115,0.08384572386808273,0.7191130566749254,0.0011205547131690767,0.12406716160088443,3.0850985966071307,0.012636023738416774,71.19098814960402,0.3807236579926387,0.010416666666666676,3.150656197313835,1.4206945456751123,2.8211232888156266,0.02694320928307228,0.014822670547033,0.0075483743768366305,1.2318259882162235,0.8541374903790089,1.9723427798288244,Scientific & Technical Instruments,Technology,IIVI
2021Q3,2021,Q3,2021-05-07,2021-03-31,81092000.0,783232000.0,106513000.0,0.96,299556000.0,0.3824613908,6361720000.0,3325148000.0,2888766000.0,678837000.0,3036572000.0,673744000.0,1071362000.0,5799690360.0,5783319360.0,39.19870797378224,4.2554633881182085,0.23876231585168792,0.4568034264940989,0.018563029105355656,39.19870797378224,0.02438748591040158,7.404817933894427,17.879970773935778,1.7441901413110035,0.08508854140975682,0.717892849509606,0.0011897186869817649,0.12311638990713203,3.1678782977356863,0.01274686719943663,89.01920707280011,0.3824613907501226,-0.07692307692307698,2.9198243167687217,1.7573711122159252,2.085351912456306,-0.07104624983719214,-0.07745164960182024,-0.12599698033938359,0.9848085430789183,0.9575855454238565,1.4129570752440237,Scientific & Technical Instruments,Technology,IIVI
2021Q2,2021,Q2,2021-02-09,2020-12-31,87900000.0,786569000.0,121868000.0,1.04,322466000.0,0.409965305,5646563000.0,3236813000.0,2137723000.0,664474000.0,2409750000.0,656993000.0,997283000.0,6443534879.999999,7213426879.999999,38.157365492526054,3.2171657581786497,0.2841431150241306,0.49568263597557227,0.020259834751395454,38.157365492526054,0.027156341747268067,8.191951221062613,18.32632218430034,1.990703472829601,0.0,0.7064047866567833,0.0,0.1393004912900113,2.115244539289724,0.01556699181431253,36.64534865072368,0.40996530501456324,0.8909090909090909,2.3389556901516864,1.964062566227288,2.1049482650196127,0.12528440418196285,0.8998832836208015,0.5870088942714641,5.751483589586857,1.0597062822572216,1.475060159382765,Scientific & Technical Instruments,Technology,IIVI
2021Q1,2021,Q1,2020-11-09,2020-09-30,46266000.0,728084000.0,76791000.0,0.55,286564000.0,0.3935864543,5470619000.0,3046677000.0,1991742000.0,644893000.0,2423942000.0,639833000.0,916283000.0,3440623680.0,4410492680.0,35.915935775923046,3.088484446256976,0.30231569773000094,0.5428386402628175,0.0123613194774508,35.915935775923046,0.015185725300056421,4.725586168628895,18.59153417196213,1.1293037233681156,0.0,0.690055061242543,0.0,0.1330898752042502,1.9555368099824313,0.008457178246191153,34.22314298503009,0.39358645431021694,-0.08333333333333323,0.939793652611761,1.7772799994340904,1.9926484067735453,-0.051542843147313964,-0.09744250014631006,0.15942444739702863,0.6187113115825479,1.0593861426206128,1.3877942471984628,Scientific & Technical Instruments,Technology,IIVI
2020Q4,2020,Q4,2020-08-26,2020-06-30,51261000.0,746290000.0,66232000.0,0.6,302137000.0,0.4048520012,5234714000.0,2076803000.0,1788969000.0,672893000.0,3157911000.0,619810000.0,876552000.0,4005578160.0,5887209160.0,24.482517564954968,2.6586232878035587,0.45364025618209514,1.1434291071420832,0.018245237859675658,24.482517564954968,0.024682649245017462,5.36732122901285,19.535212734827645,1.9287232154421965,0.0,0.7165954082702763,0.0,0.1425655728278565,1.6216099736510856,0.009792512064651478,27.787955157199544,0.40485200123276477,-0.991628296358309,1.1673347746414429,1.7383427204505104,1.0557321378680533,0.22853378765761406,7.657490288802567,0.07053727290360122,0.15827682187009992,1.0112887378590132,0.7011780621062846,Scientific & Technical Instruments,Technology,IIVI
2020Q3,2020,Q3,2020-05-11,2020-03-31,5921000.0,627041000.0,61868000.0,71.67,245933000.0,0.3922119925,5106823000.0,2017907000.0,1591088000.0,569171000.0,3088916000.0,628028000.0,825291000.0,2354527.5,2010876527.5,24425.43121709133,2.7954481166468423,0.469299405912443,1.187680601732389,0.002426298376495154,24425.43121709133,0.0029342283861446537,0.0037549817316571005,0.09941426701570681,0.0011668166570610041,0.0,0.6068328163712446,0.0,0.12278494868531767,1.5540742588782632,0.0011594292576813411,0.0644281707483924,0.3922119925172357,58.336,301.9170164769027,2546.2534234875243,2105.9392045162394,0.6579007685047863,1.060287334670563,1.7824954151647379,198.39412087971832,1932.30093381453,1786.1114230107187,Scientific & Technical Instruments,Technology,IIVI
2020Q2,2020,Q2,2020-02-10,2019-12-31,-98213000.0,666331000.0,-79065000.0,-1.25,148340000.0,0.2226220902,5208209000.0,2065697000.0,1589189000.0,571599000.0,3142512000.0,662982000.0,819370000.0,2640670760.0,4683879760.0,26.338769317080633,2.7802515399782015,0.46466050037546497,1.1715411311533104,-0.01568130850149219,26.338769317080633,-0.0475447270340229,3.96300151126092,-6.721795383503203,1.27834370674886,0.0,0.7813047714719253,0.0,0.12793860615040603,1.5145967715128963,-0.018857346162567592,97.00146052969914,0.222622090222427,-2.205128205128205,-4.47519548582488,1.9477382750715002,1.3062468792048951,0.20464511937631963,-2.7777136702823295,-2.356754691347542,-4.258897641227197,1.2797620743864047,1.000379887538674,Scientific & Technical Instruments,Technology,IIVI
2020Q1,2020,Q1,2019-11-12,2019-09-30,-25998000.0,340409000.0,-23554000.0,-0.39,123140000.0,0.3617413171,5370686000.0,2131194000.0,1756199000.0,545777000.0,3239492000.0,744443000.0,917583000.0,2322768490.0,4388955490.0,32.305992208461554,3.217795912982775,0.4665582757956805,1.1757437380172804,-0.004210430759018864,32.305992208461554,-0.012198795604717356,6.823463803835974,-22.33603056004308,1.0898906856907442,0.0,0.2918544468817626,0.0,0.06338277828940288,1.7473345340679436,-0.004840722395612031,-45.321427679459916,0.36174131706270984,-1.9069767441860468,-2.970406908853912,0.70792934570752,1.914282022873446,-0.11187721778265008,-1.9275724275724275,-1.583959340523119,-2.50004431207495,0.444707582346548,1.5027794857440329,Scientific & Technical Instruments,Technology,IIVI
2019Q4,2019,Q4,2019-08-16,2019-06-30,28028000.0,362728000.0,40335000.0,0.43,138652000.0,0.3822478551,1953773000.0,1133209000.0,812911000.0,270563000.0,820564000.0,296282000.0,943581000.0,2378677440.0,2640802440.0,17.822235153497736,3.004516508170001,0.23902316185145356,0.41210138641680394,0.02034257835049368,17.822235153497736,0.024733301623972276,6.55774420502415,21.21697445411731,2.0990633148871916,0.0,0.7562929911368224,0.0,0.18565514008024472,1.7538022567756864,0.014345576482017102,67.708788249694,0.3822478551421451,0.16216216216216217,1.1682408193757248,0.8896584912632887,0.6434486304352864,0.08931208950064423,0.13759233704034418,0.23492131528993937,0.8859582773631337,0.4497658632938343,0.3979626228427382,Scientific & Technical Instruments,Technology,IIVI
2019Q3,2019,Q3,2019-05-09,2019-03-31,24638000.0,342496000.0,32662000.0,0.37,127284000.0,0.3716364571,1941977000.0,1113558000.0,816871000.0,239775000.0,828419000.0,301861000.0,915553000.0,2472302490.0,2759740490.0,17.52558271297943,3.4068230632884995,0.2619227725148135,0.4567772850628346,0.018362730066493502,17.52558271297943,0.022125475278342036,7.218485734139961,25.086274149687473,2.2201829540984845,0.0,0.7129506627222464,0.0,0.17636460164049317,1.9750641226149515,0.012687070959130823,-324.6195496323529,0.37163645706811177,-0.15909090909090912,1.8374658380293365,0.93884685445947,0.6445950060811853,-0.032104999011451946,-0.1415929203539823,-0.1896692882129655,0.5899845130396444,0.6097526715203873,0.37944827611584275,Scientific & Technical Instruments,Technology,IIVI
2019Q2,2019,Q2,2019-02-08,2018-12-31,28702000.0,342839000.0,40307000.0,0.44,131506000.0,0.3835794644,1877134000.0,1073173000.0,792225000.0,250025000.0,803961000.0,291099000.0,890915000.0,2061339840.0,2311540840.0,16.899297682035776,3.1685831416858314,0.2559524253462992,0.4476976219118446,0.021442616074428423,16.899297682035776,0.026744988925364317,6.01255936459971,17.954670754651243,1.9207898819668405,0.0,0.72598325655533,0.0,0.1826395984516822,1.828865113488651,0.015290330898060554,67.06815812591508,0.3835794644133252,0.09999999999999995,2.7303624534520923,0.9635091178572339,0.5816823461556833,0.061328254255207534,0.09763279666526445,0.06278015082001794,0.4563712162179858,0.725754069964738,0.37513280439040303,Scientific & Technical Instruments,Technology,IIVI
2019Q1,2019,Q1,2018-11-08,2018-09-30,26149000.0,314433000.0,37926000.0,0.4,123907000.0,0.3940648723,1880643000.0,1043588000.0,817359000.0,225300000.0,837055000.0,265101000.0,862213000.0,2956006200.0,3221807200.0,16.455187637969097,3.6278695073235685,0.2856172064554517,0.5147088697838611,0.01939844902158804,16.455187637969097,0.025056823190761104,9.401068590128899,28.261178247734136,2.832541386064232,0.0,0.7186921211161029,0.0,0.16719441169855204,2.221380381713271,0.013904286991204605,-174.942664378292,0.3940648723257419,-0.04761904761904753,1.6531648822951086,1.0458271184631935,0.5690088621185835,-0.028142280089415272,-0.03747193285971951,-0.033880171184022825,0.46643107611872847,0.604276746617995,0.3711070031743411,Scientific & Technical Instruments,Technology,IIVI
2018Q4,2018,Q4,2018-08-28,2018-06-30,27167000.0,321075000.0,39256000.0,0.42,127495000.0,0.3970879078,1761661000.0,1024311000.0,761837000.0,236467000.0,737350000.0,248268000.0,836064000.0,2715581550.0,2907556550.0,16.389238227811646,3.2217476434343904,0.24920401825322805,0.4285934642896542,0.021305525207190746,16.389238227811646,0.026522218349700432,8.457779490773184,24.989707641624033,2.65112993026532,0.0,0.779721913416147,0.0,0.18225697225516146,1.954057014297978,0.01542124165773097,268.65666303917686,0.39708790780970177,-0.0869565217391305,1.705839642127671,1.0679345942578393,0.6080111349581401,0.07695231659416311,-0.09738188583959068,0.08340232930396865,0.5590023397841116,0.5990160755553894,0.37616091362743115,Scientific & Technical Instruments,Technology,IIVI
2018Q3,2018,Q3,2018-05-09,2018-03-31,30098000.0,294746000.0,36234000.0,0.46,118385000.0,0.401650913,1737234000.0,1015172000.0,746145000.0,202586000.0,722062000.0,249548000.0,808897000.0,2555881900.0,2766203900.0,16.245091293146213,3.6831024848706226,0.27259770416650836,0.4664884374273522,0.023113562491518583,16.245091293146213,0.029648177845724665,8.671472725668881,21.229665592398163,2.5176836043547297,0.0,0.7067217529292962,0.0,0.16966396006525317,2.2509452775611347,0.01732524231047746,165.7296005706134,0.40165091298948924,2.0666666666666673,0.8963806959353449,1.0300582108098553,0.6208540233338948,0.0818034779271335,2.13651521467278,0.04989568845618915,1.0356714239748235,0.5829440640268797,0.4013025777217415,Scientific & Technical Instruments,Technology,IIVI
2018Q2,2018,Q2,2018-02-08,2017-12-31,9596000.0,281470000.0,34512000.0,0.15,109433000.0,0.3887909902,1687874000.0,963901000.0,723415000.0,180183000.0,723973000.0,235468000.0,778799000.0,2935454850.0,3166627850.0,15.416742638708955,4.014890416964975,0.2877163816730396,0.5038162632884498,0.007530625841327343,15.416742638708955,0.009955379235004424,10.429014992716809,76.47600171946644,3.045390397976556,0.0,0.7306173237977135,0.0,0.166760078062699,2.500241421221758,0.005685258496783528,414.0858865848498,0.38879099015880914,-0.53125,-0.21142977679295974,1.2415802661891666,0.5693340806035148,0.03263033734371314,-0.5460952651246394,0.12991094814038764,-0.574076273602567,0.5619328069526434,0.34990417243870053,Scientific & Technical Instruments,Technology,IIVI
2018Q1,2018,Q1,2017-11-08,2017-09-30,21141000.0,261503000.0,30544000.0,0.32,105975000.0,0.405253477,1583805000.0,943762000.0,693688000.0,178475000.0,640043000.0,224461000.0,769203000.0,2581915600.0,2768516600.0,15.041470100726762,3.88675164588878,0.27016330924577203,0.4533833741981559,0.017210990091619097,15.041470100726762,0.022400774771605552,9.87336894796618,30.532089305141668,2.735769823324101,0.0,0.6928954250404302,0.0,0.16511060389378743,2.4323462669841716,0.013348234157614101,-103.09929321566905,0.40525347701556,-0.37254901960784315,0.6634023828059703,0.9780337936832244,0.5663639875609415,-0.025768078104028386,-0.35243667105706494,-0.15437430786267994,0.684648141621295,0.3794731163449631,0.35687167969585537,Scientific & Technical Instruments,Technology,IIVI
2017Q4,2017,Q4,2017-08-21,2017-06-30,32647000.0,273717000.0,36120000.0,0.51,108778000.0,0.3974104641,1477297000.0,900563000.0,702296000.0,184952000.0,576734000.0,203695000.0,748062000.0,2146356799.9999998,2239905800.0,14.391507926361545,3.79717980881526,0.24736867400394097,0.40578726863084535,0.027010772315303525,14.391507926361545,0.036251766950230024,7.841518064278067,16.43609520017153,2.3833499710736503,0.0,0.8097351432288471,0.0,0.18528230951528366,2.5156094554262727,0.022099144586362796,2489.9730858468674,0.3974104640924751,0.45714285714285724,1.2688539557717007,1.0071391118135211,0.532514577262091,0.1132739740047078,0.45550601872492197,0.15758100182674742,1.5662486471764439,0.4489188425252509,0.3270896600663268,Scientific & Technical Instruments,Technology,IIVI
2017Q3,2017,Q3,2017-05-02,2017-03-31,22430000.0,244987000.0,31203000.0,0.35,97710000.0,0.3988374893,1347648000.0,852896000.0,638821000.0,166042000.0,494752000.0,191802000.0,715415000.0,2249628150.0,2303837150.0,13.667548034549622,3.8473458522542487,0.22393829842807617,0.35384150001875964,0.02029382434706626,13.667548034549622,0.02629863430007879,9.182642956565042,25.073875947391883,2.637634776104003,0.0,0.7678595635082012,0.0,0.18178856793465356,2.536376338516761,0.016643812034002944,-103.99057689640827,0.39883748933616886,-0.054054054054054106,-0.9983882061019872,-0.9981419629394694,-0.9985229717838634,0.03656790044874447,-0.06162406392503033,-0.05961242879961424,1.630203618625414,0.41210161248244087,0.2825582812917343,Scientific & Technical Instruments,Technology,IIVI
2017Q2,2017,Q2,2017-02-01,2016-12-31,23903000.0,231822000.0,33181000.0,0.37,94263000.0,0.4066180086,1293001000.0,819046000.0,610147000.0,160698000.0,473955000.0,183062000.0,692985000.0,1844378250.0,1885039250.0,13.166883691021622,3.796854970192535,0.22185288333110337,0.350231855109481,0.022063243801139745,13.166883691021622,0.029183953038046703,7.95601043041644,19.290238150023008,2.2518616170520334,0.0,0.7514339404136303,0.0,0.17928988453991915,2.4866893178508755,0.018486451286580597,162.48597039908378,0.4066180086445635,0.423076923076923,0.8135521866869335,0.8436873551799122,0.4676523086745249,0.07603707677906897,0.46698171105928565,0.322320966006456,2.1715171906815685,0.35541765453611723,0.23234869755044735,Scientific & Technical Instruments,Technology,IIVI
2017Q1,2017,Q1,2016-11-08,2016-09-30,16294000.0,221520000.0,25093000.0,0.26,87602000.0,0.3954586493,1228487000.0,800557000.0,584564000.0,154226000.0,427930000.0,182647000.0,669082000.0,1508946600.0,1537056600.0,12.908045791680102,3.7903077302141015,0.20204202405072255,0.3100416335126668,0.016348171675757972,12.908045791680102,0.020353328994687447,6.811784940411701,23.151874923284645,1.8848709086298665,0.0,0.7332066773612488,0.0,0.1803193684589255,2.4383048253861217,0.01326346961750511,-143.96971663009253,0.3954586493318888,0.13043478260869565,-0.11340086579392311,0.6183912122348814,0.4803740589706069,-0.05408644761421429,0.13602454158823118,-0.1448386327233071,0.6905629349351025,0.4738328435573362,0.23078743830587994,Scientific & Technical Instruments,Technology,IIVI
2016Q4,2016,Q4,2016-08-26,2016-06-30,14343000.0,241470000.0,29343000.0,0.23,92611000.0,0.3835300451,1212591000.0,782338000.0,582963000.0,171242000.0,430253000.0,175133000.0,652788000.0,1151226160.0,1168698160.0,12.748720790014014,3.4043225376951916,0.19455611991182517,0.3015538041102439,0.01461687822769943,12.748720790014014,0.018333508023386312,4.767574274236965,20.065993167398734,1.4715201869268784,0.0,0.8499768747180714,0.0,0.19913557003144505,2.2381308323892504,0.011828390611508744,70.59705402587846,0.383530045140183,-0.04166666666666659,-0.9993402377233639,-0.9981424386813235,-0.9984817187129,0.19238048642315467,-0.039831302717900655,0.61820989356422,0.4549418082746616,0.5839400579125225,0.25082598116289145,Scientific & Technical Instruments,Technology,IIVI
2016Q3,2016,Q3,2016-05-09,2016-03-31,14938000.0,205105000.0,18133000.0,0.24,77669000.0,0.3786792131,1222395000.0,778193000.0,540386000.0,147896000.0,444202000.0,181788000.0,638445000.0,1329780920.0,1405278920.0,12.704776986873897,3.6538243089738733,0.21504587306067188,0.3377966648376431,0.014984246562816472,12.704776986873897,0.01919575221056987,6.483415421369543,22.255002677734637,1.7088060673894525,0.0,0.701014368385152,0.0,0.1677894624896208,2.272008708822416,0.01222027249784235,248.6036492802393,0.37867921308598035,-0.2,-0.9993437484855251,-0.9983975303012494,-0.9983877525969683,0.08865496748149809,-0.21341688168079617,-0.2038199780461032,-0.03976497361871475,0.4412324087404853,0.2676191548041607,Scientific & Technical Instruments,Technology,IIVI
2016Q2,2016,Q2,2016-02-08,2015-12-31,18991000.0,191434000.0,22775000.0,0.3,71344000.0,0.3726819687,1043445000.0,752026000.0,495626000.0,130893000.0,291419000.0,167928000.0,623507000.0,1135760640.0,1105167640.0,12.289211360590908,3.786497368079271,0.1403916833182391,0.19479512676423422,0.02170488763589631,12.289211360590908,0.02525311624864034,5.932909723455603,14.951301142646516,1.5102677832947264,0.0,0.7151279119622695,0.0,0.18346343123020378,2.332775625892905,0.018200288467528237,37.37407088091086,0.37268196872029,0.111111111111111,-0.9989921899734768,-0.9983901040264189,-0.9983430411485998,0.002177302673165798,0.10322992912745439,-0.00043888523151195964,0.5945161946660367,0.557658400689645,0.25096971934210477,Scientific & Technical Instruments,Technology,IIVI
2016Q1,2016,Q1,2015-11-06,2015-09-30,17214000.0,189207000.0,22785000.0,0.27,71189000.0,0.3762492931,1034026000.0,734761000.0,497153000.0,124798000.0,299265000.0,167266000.0,604516000.0,984465839.9999999,983179839.9999999,12.001388367116933,3.98366159714098,0.15714595184260358,0.22115082319284773,0.01974768914838729,12.001388367116933,0.023428026256156764,5.20311531814362,14.297459044963402,1.3398449836069142,0.0,0.705570767519998,0.0,0.18298089216325314,2.380518918572413,0.016647550448441337,77.18273931791454,0.3762492931022637,0.0,-0.9990476509601093,-0.9983996173379168,-0.9982848976116265,-0.0507627073443917,0.008494932333470033,-0.02252252252252252,0.38806942126863964,0.46673557767907886,0.24978093318660935,Scientific & Technical Instruments,Technology,IIVI
2015Q4,2015,Q4,2015-08-28,2015-06-30,17069000.0,196683000.0,23310000.0,0.27,74996000.0,0.3813039256,1058164000.0,729081000.0,512968000.0,139156000.0,329083000.0,164388000.0,587302000.0,1161936620.0,1164259620.0,11.909390875381826,3.6862801460231682,0.16628518830729452,0.241340811240452,0.0195103257618979,11.909390875381826,0.0234116648218785,5.907661668776661,17.01822924600152,1.593700315877111,0.0,0.7402425967832202,0.0,0.1858719442354871,2.25937796429906,0.016130769899561883,36.871659949861964,0.3813039256061785,0.1739130434782609,-0.9989143401065239,-0.9982349402151031,-0.9981944932393613,0.14105743628756182,0.17652329749103943,0.44558139534883723,0.2125311603572694,0.47422609330753285,0.26820033148875677,Scientific & Technical Instruments,Technology,IIVI
2015Q3,2015,Q3,2015-05-08,2015-03-31,14508000.0,182709000.0,16125000.0,0.23,65725000.0,0.3597250272,1038268000.0,710862000.0,488847000.0,130299000.0,327406000.0,164401000.0,570233000.0,1131948740.0,1165247740.0,11.592850503106705,3.7517325535882855,0.18107270955090593,0.2644704598079515,0.017031837601364,11.592850503106705,0.02040902453640791,6.195363884647171,19.5055958781362,1.5923607394965549,0.0,0.7115771801874684,0.0,0.17597479648799733,2.223232718593389,0.013973270870334056,40.85720050532395,0.35972502722909105,-0.3428571428571428,-0.998572767758832,-0.9980994058761163,-0.9981468894673515,0.04295598083087372,-0.3434105720492397,-0.3756292108727639,-0.998939042015297,-0.9985897968568562,-0.9987471807484959,Scientific & Technical Instruments,Technology,IIVI
2015Q2,2015,Q2,2015-02-06,2014-12-31,22096000.0,176736000.0,25826000.0,0.35,63018000.0,0.3565657251,1046117000.0,700301000.0,489725000.0,125876000.0,345816000.0,166157000.0,555725000.0,837004350.0,894567350.0,11.420620036204113,3.8905351298102895,0.20314362542621905,0.30345808445225697,0.02522014062956779,11.420620036204113,0.031552146862563385,4.735901853612167,9.47008904326575,1.1952065611786933,0.0,0.6844008979459186,0.0,0.16894477386372653,2.30665098986304,0.021121920397049278,21.735291749980522,0.35656572514937535,0.7499999999999998,-0.9962518930259263,-0.9973932258923401,-0.9979092342665504,-0.07133910019304734,0.7961307104535847,0.4579428700462911,0.7006758231425414,0.4258960997013851,0.2730042852933391,Scientific & Technical Instruments,Technology,IIVI
2015Q1,2015,Q1,2014-11-07,2014-09-30,12302000.0,185833000.0,17714000.0,0.2,67859000.0,0.3651611931,1062085000.0,681841000.0,502930000.0,135216000.0,380244000.0,163421000.0,533629000.0,723949160.0,815267160.0,11.085403524744748,3.7194562773636255,0.22289458941610135,0.3471967804810799,0.014369152074056505,11.085403524744748,0.018042329516705508,3.8956975348834706,14.712021622500407,1.061756567880195,0.0,0.7219023258944689,0.0,0.17496998827777438,2.2760324221985564,0.011582877076693485,-35.01737254522589,0.3651611931142477,0.0,-0.9980268625798028,-0.9971320918994401,-0.9979273276930399,0.0888625022063189,-0.027894112998814696,0.13755458515283842,-0.3250439884369062,0.3689688401894528,0.2713422369349583,Scientific & Technical Instruments,Technology,IIVI
2014Q4,2014,Q4,2014-08-28,2014-06-30,12655000.0,187921000.0,15572000.0,0.2,62321000.0,0.3316340377,1071926000.0,675043000.0,505731000.0,135065000.0,396883000.0,165873000.0,521327000.0,900106080.0,967406080.0,10.844412671893073,3.744352719061193,0.22572453695497638,0.3584364255314106,0.015179747794878526,10.844412671893073,0.0187469538977517,4.789811037616871,17.78162939549585,1.3334055460170686,0.0,0.7572058140866808,0.0,0.17531154202808777,2.3054307185429237,0.011805852269652943,48.90817648337318,0.33163403770733446,0.5384615384615385,-0.9979324051150995,-0.997157290320505,-0.997907282934427,0.1395319071128177,0.48341343336068454,0.4919996167481077,-0.9994261319519517,-0.9985748594250002,-0.9987085081632486,Scientific & Technical Instruments,Technology,IIVI
2014Q3,2014,Q3,2014-05-12,2014-03-31,8531000.0,173555000.0,10437000.0,0.13,54690000.0,0.3151162456,1090064000.0,665241000.0,515709000.0,135089000.0,424823000.0,174607000.0,508672000.0,963233180.0,1040449180.0,10.656473264344985,3.8175499115397997,0.24118492125233013,0.3952056472767012,0.010629459503169071,10.656473264344985,0.012823923961391436,5.550016882256346,28.227440511077248,1.4479462029550192,0.0,0.6807573579524303,0.0,0.15921542221374158,2.3089888888066388,0.007826145987758517,154.04336798336797,0.3151162455705684,0.08333333333333341,-0.9987378832285645,-0.9973022217235813,-0.9978819967021564,0.024272390156197327,0.1270973708548025,-0.02394089591321425,-0.9996322670283149,-0.9986695288115919,-0.9986476841456039,Scientific & Technical Instruments,Technology,IIVI
2014Q2,2014,Q2,2014-02-07,2013-12-31,7569000.0,171765000.0,10693000.0,0.12,53394000.0,0.3108549472,1116161000.0,667464000.0,533539000.0,126325000.0,448697000.0,177136000.0,500141000.0,1098240180.0,1168415180.0,10.68438155304061,4.223542450029686,0.25342042949001087,0.4237801589299198,0.008787504709792032,10.68438155304061,0.011339937434827946,6.393853113265217,36.27428260007927,1.6453923807126676,0.0,0.6682492548098636,0.0,0.15388908947723492,2.579576489214328,0.006781279761611452,46.2008405199613,0.31085494716618634,-0.2,-0.9990982775040996,-0.9976971630106033,-0.9978494344065478,-0.052390586731977426,-0.2192077573756963,-0.20320417287630402,-0.999606540776571,-0.9985850411880648,-0.9985594209370652,Scientific & Technical Instruments,Technology,IIVI
2014Q1,2014,Q1,2013-11-08,2013-09-30,9694000.0,151172000.0,13420000.0,0.15,56346000.0,0.3727277538,999518000.0,654208000.0,492777000.0,106548000.0,345310000.0,167563000.0,492572000.0,1172725200.0,1188590200.0,10.487632055659757,4.624929609190224,0.2111737857647386,0.32263744864018784,0.011621582979738405,10.487632055659757,0.014817917237331247,7.757555631995343,30.243583659995878,1.79258767853649,0.0,0.5659125224542411,0.0,0.15124490004182015,2.796758268573788,0.009698674761234915,65.83166049174807,0.37272775381684436,-0.06250000000000006,-0.9994473911413045,-0.9982821951388493,-0.9978976884654447,0.10786472670074715,-0.03311390384999002,-0.1404048168075839,-0.9994736270494432,-0.9987450275405485,-0.9985012265050661,Scientific & Technical Instruments,Technology,IIVI
2013Q4,2013,Q4,2013-08-28,2013-06-30,10026000.0,155045000.0,15612000.0,0.16,50860000.0,0.3280337966,863802000.0,636108000.0,461144000.0,94434000.0,227694000.0,141859000.0,482878000.0,1048504800.0,977107800.0,10.192241752255212,4.883241205498019,0.13201636486139184,0.1792714444716935,0.01405496688171491,10.192241752255212,0.01576147446660001,6.762583766003418,26.14464392579294,1.6483125506989378,0.0,0.7344264375189449,0.0,0.17949136491927548,3.098523836753712,0.011606826564421012,33.06230252577807,0.32803379663968524,-0.36,-0.9993264677821557,-0.9983166340066503,-0.9978145028310128,-0.0027646516734965982,-0.36820215514525173,-0.19542362399505256,-0.9993744838800543,-0.9986351797691263,-0.9984548192613444,Scientific & Technical Instruments,Technology,IIVI
2013Q3,2013,Q3,2013-05-09,2013-03-31,15869000.0,145170000.0,19404000.0,0.25,51001000.0,0.3513191431,848789000.0,626229000.0,440908000.0,81057000.0,220863000.0,152873000.0,479458000.0,1045948679.9999999,1011537679.9999999,10.022550494542429,5.4394808591485,0.14277164289358132,0.19351227745760735,0.022043035894066497,10.022550494542429,0.025340570302557052,7.20499194048357,16.47786060873401,1.6702335407654385,0.0,0.6159949762220929,0.0,0.1710319054558907,3.1981691895826394,0.0186960481344598,370.77230769230766,0.3513191430736378,0.3157894736842105,-0.998789073253097,-0.9982145812349409,-0.9977052687970265,0.08813740132280777,0.3007377049180328,-0.004208149440624038,-0.9984679363721912,-0.9985180059515013,-0.9983979010269769,Scientific & Technical Instruments,Technology,IIVI
2013Q2,2013,Q2,2013-02-08,2012-12-31,12200000.0,125889000.0,19486000.0,0.19,46870000.0,0.3723121162,846860000.0,615782000.0,436920000.0,82460000.0,229401000.0,151942000.0,463589000.0,1142711090.0,1104383090.0,9.823748065663736,5.298569003153044,0.14699241905391683,0.2021527098875901,0.017036253880451126,9.823748065663736,0.019812206267802567,9.077132156105776,23.416210860655738,1.8557071983266806,0.0,0.5200602861618249,0.0,0.1486538506955105,3.111423720591802,0.014406159223484401,37.41196601623887,0.37231211622937666,-0.050000000000000044,-0.9995475286030664,-0.9983174280619083,-0.9976454388194046,-0.04023753455513464,-0.040729674477119046,0.12278882166522616,-0.9979755668647478,-0.9981836001768563,-0.9982015726147424,Scientific & Technical Instruments,Technology,IIVI
2013Q1,2013,Q1,2012-11-08,2012-09-30,12718000.0,132292000.0,17355000.0,0.2,48835000.0,0.3691455266,711125000.0,602921000.0,417821000.0,70756000.0,106851000.0,135261000.0,451389000.0,1207374780.0,1072628780.0,9.602793616411303,5.905096387585505,0.025122165582703464,0.02963074764355529,0.02119779880045446,9.602793616411303,0.02109397416908683,9.126589514105161,23.733581931121247,2.00254225677991,0.0,0.6170071195688336,0.0,0.18603199156266478,3.5517270620159422,0.0178843381965196,69.9684040333797,0.36914552656245275,-0.09090909090909087,-0.998690478293805,-0.9981962480546855,-0.9973938296709758,0.011872694873813766,-0.11961788730444414,-0.10601143563591407,-0.9980016607391825,-0.9979999319842237,-0.9982045358697355,Scientific & Technical Instruments,Technology,IIVI
2012Q4,2012,Q4,2012-08-28,2012-06-30,14446000.0,136910000.0,19413000.0,0.22,48262000.0,0.3525089475,706486000.0,589957000.0,410373000.0,83728000.0,115100000.0,137607000.0,438671000.0,1047259410.0000001,925084410.0000001,9.390780446651704,4.901263615516912,0.018073960418182385,0.021643950321803114,0.024542388192256778,9.390780446651704,0.024486530374247615,7.649254327660508,18.123691852415895,1.7751453241507436,0.0,0.6442114136635491,0.0,0.1937901104905122,2.8629012994458245,0.020447680491899344,51.594216671593266,0.35250894748374845,-0.9989889241233513,-0.9987350542001905,-0.9981162375123779,-0.9973377240140054,0.04915110541075194,0.03229955695297985,0.006637282862328234,-0.9976613908697,-0.997947897286139,-0.9981877998288748,Scientific & Technical Instruments,Technology,IIVI
2012Q3,2012,Q3,2012-05-09,2012-03-31,13994000.0,132590000.0,19285000.0,217.59,46001000.0,0.3469417,687520000.0,580670000.0,392261000.0,74309000.0,105745000.0,140086000.0,424225000.0,1484084.7999999998,-104135915.2,9253.410249872513,5.278781843383708,0.019848149872003725,0.023500439147880896,0.024070707138175208,9253.410249872513,0.024099746844162776,0.011193037182291272,0.02651287694726311,0.002555814490157921,0.0,0.6181131590594349,0.0,0.19285257156155458,2.9813885262888746,0.020354316965324644,0.29179803381832475,0.34694169997737384,1035.142857142857,0.3805706417696581,0.9594083610238665,1.8130153733810535,0.058272752369559214,0.05320990441785203,0.22491107723577236,1.0595834885901567,1.050301974688994,0.8391406743453627,Scientific & Technical Instruments,Technology,IIVI
2012Q2,2012,Q2,2012-02-08,2011-12-31,13287000.0,126757000.0,15744000.0,0.21,43468000.0,0.3429238622,678497000.0,562587000.0,378739000.0,81809000.0,115016000.0,142578000.0,410231000.0,1151337240.0,1048392240.0,8.971391666268,4.629551760808713,0.030785692493850377,0.037128479684031095,0.023285398599624668,8.971391666268,0.02361768046542135,9.083026893978241,21.66285165951682,2.046505233857163,0.0,0.5841644573496613,0.0,0.18682028070868406,2.5918297497830314,0.019582990050066543,63.028260798160616,0.34292386219301496,-0.27586206896551724,-0.9985530755174457,-0.9980147395660584,-0.9970798513713384,-0.20981639701872387,-0.2848377200064589,-0.36168660044597606,-0.9984230790721293,-0.998307030797723,-0.9981942271392051,Scientific & Technical Instruments,Technology,IIVI
2012Q1,2012,Q1,2011-11-08,2011-09-30,18579000.0,138373000.0,24665000.0,0.29,55010000.0,0.3975486547,665928000.0,546692000.0,365795000.0,78198000.0,118576000.0,140399000.0,396944000.0,1097215000.0,1012331000.0,8.719448786245175,4.677805058952915,0.03889609687533788,0.047379511681166,0.03276120990839281,8.719448786245175,0.033984400722893326,7.929400966951645,14.76418267936918,2.0070076020867327,0.0,0.5937577902976517,0.0,0.20778973102197235,2.599427095322131,0.027899412549104406,695.3200253485425,0.3975486547231035,-0.9991629625353575,-0.9975413857552248,-0.9977416944496875,-0.9969919112930195,0.004216944449515325,-0.15699441898452743,-0.042359061966143814,-0.9989462881047542,-0.9984356333598164,-0.9982521318767666,Scientific & Technical Instruments,Technology,IIVI
2011Q4,2011,Q4,2011-08-26,2011-06-30,22039000.0,131783000.0,25756000.0,346.46,54779000.0,0.41567577,647202000.0,522374000.0,395540000.0,90967000.0,124101000.0,126430000.0,378365000.0,1592601.6,-129138398.4,8396.810853386058,4.34817021557268,0.028938414899830348,0.0358536221174867,0.04089619764573292,8396.810853386058,0.0421900783729665,0.012085030694399127,0.018065719860247745,0.0030487765470716384,0.0,0.6090643043581428,0.0,0.20361958090364368,2.6390449283806214,0.03405273778511191,0.8774664462809918,0.4156757700158594,-0.06770356816102477,3.5671520093185793,1.0291789849716677,2.0621427859617447,0.03653875264910687,-0.046714823305506296,0.0033502142578885857,0.48530799299096916,0.4354039364332472,0.8005073657652195,Scientific & Technical Instruments,Technology,IIVI
2011Q3,2011,Q3,2011-05-09,2011-03-31,23119000.0,129997000.0,25670000.0,371.62,52848000.0,0.4065324584,601870000.0,490233000.0,357925000.0,90011000.0,111036000.0,111143000.0,356326000.0,3094997.25,-121760002.75,7880.165887061774,3.976458432858206,0.006017910844534534,0.007388323511473116,0.04454504384020933,7880.165887061774,0.04715920796845582,0.023808220574320946,0.033468113348328214,0.006313318870822649,0.0,0.6941417813087644,0.0,0.21598850250054,2.438613058403973,0.03841194942429428,0.24807608608528375,0.40653245844134867,0.2067935312073781,2.103221476510067,1.18986574128666,1.7189397846957624,0.05619953633383964,0.20681735135981624,0.0595179131583292,0.7718424279583078,0.6057735065961756,0.804217654527722,Scientific & Technical Instruments,Technology,IIVI
2011Q2,2011,Q2,2011-02-08,2010-12-31,19157000.0,120887000.0,24228000.0,307.94,50036000.0,0.4139072026,566835000.0,461402000.0,328964000.0,77926000.0,104844000.0,100953000.0,333207000.0,2884101.96,-112695898.04,7416.726945395509,4.221492184893361,0.006516887630439193,0.0080060337839888,0.04144281839306134,7416.726945395509,0.041519109149938664,0.023857833844830294,0.03763770371143708,0.006250735714192829,0.0,0.7018216397729636,0.0,0.2132666472606667,2.6269281112850655,0.03379643106018506,0.22953457699960206,0.4139072025941582,0.043015851510635375,2.698262548262548,1.2458431642112695,1.67005775262433,0.016248273620927775,0.043011923558556105,-0.09546387903677431,-0.2841180866965621,0.6279761904761902,0.7776450735481086,Scientific & Technical Instruments,Technology,IIVI
2011Q1,2011,Q1,2010-11-08,2010-09-30,18367000.0,120134000.0,26785000.0,295.24,49236000.0,0.4098423427,537087000.0,435320000.0,314784000.0,74761000.0,101276000.0,93609000.0,314050000.0,2322336.63,-107266663.37,6997.476330552475,4.21053757975415,0.006708410369269783,0.008276670035835708,0.045474808694295224,6997.476330552475,0.04219195074887439,0.019331218722426623,0.03161017898949202,0.0053347804603510055,0.0,0.757384439530387,0.0,0.22367698343098977,2.624349594039673,0.034197439148592315,0.40185786987368055,0.409842342717299,0.14959894089245393,1.721440213364943,1.2087109999816144,1.5936606291706388,0.024853253403272137,0.14959003567628465,0.26756897449245187,0.9086563441754132,0.6531216028401975,0.8990947758752319,Scientific & Technical Instruments,Technology,IIVI
2010Q4,2010,Q4,2010-08-27,2010-06-30,15977000.0,113237000.0,21131000.0,256.82,48042000.0,0.4242606215,508981000.0,410353000.0,288270000.0,73185000.0,98121000.0,81397000.0,295683000.0,1843311.93,-102798688.07,6596.148591085178,3.9389219102275055,0.006648578237694531,0.008246558450894717,0.039269056312568905,6596.148591085178,0.03893477079490098,0.01627835362999726,0.028843211022094258,0.004492015240536806,0.0,0.80095089499613,0.0,0.22247785280786514,2.550386008061761,0.031390169770580824,0.12764434111211134,0.4242606215282991,0.5492549918561861,1.3392386530014642,0.9863700949006262,1.5830133571689349,0.23711180923932637,0.5492097352855619,0.454401541744098,0.4127685913873907,0.5733698295146656,0.8700009114108641,Scientific & Technical Instruments,Technology,IIVI
2010Q3,2010,Q3,2010-05-07,2010-03-31,10313000.0,97531000.0,14529000.0,165.77,38834000.0,0.398170838,483440000.0,389185000.0,260487000.0,68750000.0,93984000.0,79702000.0,279706000.0,2105220.24,-91873779.76,6255.887222516918,3.7889018181818184,0.006668873076286613,0.00828397805670825,0.02624002708478935,6255.887222516918,0.026498965787478963,0.02158513949410957,0.051033167846407455,0.005409304675154491,0.0,0.73645579784698,0.0,0.20174375310276352,2.3501090909090907,0.021332533509846104,0.10750243782872901,0.39817083798997244,0.7242562929061785,0.6471809615077463,0.8294037101645002,1.5530205128541534,0.4105553739421016,0.7242935963885638,1.0184773548207835,0.026271270773211137,0.4538421405679363,0.9017752867188226,Scientific & Technical Instruments,Technology,IIVI
2010Q2,2010,Q2,2010-02-08,2009-12-31,5981000.0,68785000.0,7198000.0,96.14,27531000.0,0.4002471469,386250000.0,339822000.0,242125000.0,32242000.0,46010000.0,72588000.0,269393000.0,1978309.8,-111253690.2,5462.410184694025,7.509614788164506,0.008354692556634305,0.009496147983355992,0.017004175609859132,5462.410184694025,0.017600390792826832,0.028760773424438467,0.08269143119879618,0.005821606017267864,0.0,0.5683308535846145,0.0,0.178084142394822,4.827864276409652,0.015484789644012944,0.1727630599947603,0.40024714690702917,-0.05149960536700867,0.0324529604695322,0.5917663666026428,1.3228386285339309,0.014070499834248039,-0.051538217570567715,-0.1527777777777778,-0.34346871569703624,0.08593034637365404,0.7779905507856033,Scientific & Technical Instruments,Technology,IIVI
2010Q1,2010,Q1,2009-11-05,2009-09-30,6306000.0,65538000.0,8496000.0,101.36,27149000.0,0.4142482224,376199000.0,332727000.0,232059000.0,27922000.0,43039000.0,75216000.0,263412000.0,1582647.84,-100533352.16,5348.362829724647,8.310973425972351,0.008894228852282967,0.010056292395868085,0.018959413915284825,5348.362829724647,0.01895247455120865,0.024148552595440815,0.0627437297811608,0.004756595767701449,0.0,0.5103834290576473,0.0,0.17421098939656937,5.160840913974644,0.016762405003734725,0.12073907842538908,0.4142482224053221,0.030814603884877466,0.05823124685349896,0.6179425778260548,1.3922565337743107,0.0991497975708502,0.03089749877390878,0.00425531914893617,-0.15897572686049613,0.0779808214221095,0.8451108806681122,Scientific & Technical Instruments,Technology,IIVI
2009Q4,2009,Q4,2009-08-28,2009-06-30,6117000.0,66067000.0,8460000.0,98.33,24700000.0,0.3738628968,368282000.0,322376000.0,230307000.0,32063000.0,45906000.0,76620000.0,257106000.0,1382950.53,-90882049.47,5181.977463792577,7.182952312634501,0.009951613165997795,0.011368712311090155,0.019279182923915686,5181.977463792577,0.01897473757351664,0.020932546203096855,0.05652078347229034,0.004289868135345063,0.0,0.5398981989036805,0.0,0.17939242211131687,4.336431400679912,0.016609554634763577,0.12961110871602624,0.3738628967563231,-0.09189139268562987,0.015438247011952136,0.5367992556408467,1.444705650390166,0.08872922819235686,-0.09189429928741093,0.12485041882728361,1.7125218404193359,0.017291820645479124,0.889759717687334,Scientific & Technical Instruments,Technology,IIVI
2009Q3,2009,Q3,2009-05-08,2009-03-31,6736000.0,64111000.0,7521000.0,108.28,22687000.0,0.3538706306,365175000.0,313007000.0,225700000.0,33732000.0,52168000.0,80444000.0,250989000.0,1068784.98,-76384215.02,5031.377087653309,6.690975927902288,0.016594783323064285,0.019360589379790228,0.01781442756836623,5031.377087653309,0.021520285488822934,0.016670851803902605,0.039666900979809974,0.0034145721341695234,0.0,0.5149420715031575,0.0,0.1755624015882796,3.6247480137554846,0.01844595057164373,0.05446593181470723,0.35387063062500973,-0.19416536429262485,0.4106806282722514,0.6384522988065118,1.5063618529046723,-0.27679311444054827,-0.1941619810982175,-0.5558114812189936,-0.09583892617449669,0.0799824806697775,0.7360055018496643,Scientific & Technical Instruments,Technology,IIVI
2009Q2,2009,Q2,2009-02-09,2008-12-31,8359000.0,74278000.0,16932000.0,134.37,31370000.0,0.4223323191,366845000.0,309075000.0,225924000.0,35928000.0,57770000.0,80064000.0,246179000.0,1187607.99,-57818392.010000005,4968.172831171336,6.288243152972612,0.025629352996497157,0.030419801019170103,0.03986578491172868,4968.172831171336,0.02704521556256572,0.01598869099868063,0.03551884166766359,0.003842458917738413,0.0,0.5359212629896083,0.0,0.20247788575556433,3.1293420173680695,0.02278619035287383,0.16584387515710097,0.42233231912544766,-0.5221890334969064,1.4412967289719627,1.1445936191713584,1.5811960815426627,-0.16035438023607504,-0.5222063446699057,-0.02801377726750861,0.6137065637065637,0.3799394355992347,0.7885663692232906,Scientific & Technical Instruments,Technology,IIVI
2009Q1,2009,Q1,2008-11-06,2008-09-30,17495000.0,87766000.0,17420000.0,281.22,37361000.0,0.4256887633,365672000.0,310347000.0,224826000.0,38277000.0,55325000.0,72905000.0,237820000.0,2405077.26,-60231922.74,4988.619375994599,5.873657810173211,0.010339867422170688,0.01218313694026364,0.05457960903209892,4988.619375994599,0.05637238317109558,0.02740329125173757,0.03436806601886253,0.007749639145859312,0.0,0.6913791920993073,0.0,0.24001290774245773,3.06714214802623,0.047843422520728957,-0.5868904978038066,0.4256887633024178,0.17907005995555758,4.618175979447656,1.574235935941808,1.6851736489643359,-0.012893339322042854,0.17906725973850923,-0.04238359628387664,1.5922358867980437,0.6136125461933041,0.8490645853193517,Scientific & Technical Instruments,Technology,IIVI
2008Q4,2008,Q4,2008-08-27,2008-06-30,14838000.0,91809000.0,18191000.0,238.51,37849000.0,0.4122580575,360926000.0,290126000.0,226269000.0,46525000.0,70800000.0,69642000.0,220325000.0,2172408.12,-63871591.879999995,4663.5803957499475,4.863385276732939,0.010503538121387764,0.013066736521373473,0.0511768541049202,4663.5803957499475,0.051143296360891474,0.023662256641505737,0.03660210473109584,0.00748780915877929,0.0,0.7748197926538583,0.0,0.25437070202756246,2.766276195593767,0.041110920244038944,0.26632439867598384,0.4122580574889172,0.13716982931248203,3.092112520683949,1.7946243759892857,1.601536930264255,0.13670901282397813,0.13718577559779277,0.2185009042802599,1.1724743777452413,0.6104864314908697,0.8262309115858647,Scientific & Technical Instruments,Technology,IIVI
2008Q3,2008,Q3,2008-05-09,2008-03-31,13048000.0,80956000.0,14929000.0,209.74,33297000.0,0.4112974949,332836000.0,271715000.0,198779000.0,39355000.0,61121000.0,66918000.0,205487000.0,2362773.78,-55745226.22,4367.635948626449,5.0509211027823655,0.012090038337199101,0.014809635095596489,0.0445855797102959,4367.635948626449,0.04802090425629796,0.029185900736202378,0.04527080357142857,0.00869577969563697,0.0,0.7122000059774649,0.0,0.2432309005035513,2.817888451276839,0.03920249011525195,0.7604679047312519,0.41129749493552054,-0.5124026502382889,3.321960914210003,1.5020398071455066,1.5543605990241889,0.07413142359430949,-0.512406576980568,2.1102930239476425,1.0840121386360007,0.5185039296231688,0.7824272997421956,Scientific & Technical Instruments,Technology,IIVI
2008Q2,2008,Q2,2008-02-07,2007-12-31,26760000.0,74256000.0,-13446000.0,430.15,30999000.0,0.4174612153,322708000.0,259558000.0,187796000.0,42326000.0,63150000.0,64314000.0,192440000.0,1900546.05,-62556453.95,4172.220346883992,4.436894580163493,0.011096719015332747,0.013796531025820818,-0.03294768991766507,4172.220346883992,0.10309834410806062,0.02559451155462185,0.01775547505605381,0.007322240308524491,0.0,0.672590726746898,0.0,0.2301027554321554,2.613783490053395,0.08292326189620337,0.16188637563884156,0.4174612152553329,1.7809025084044476,8.664138678223186,1.3625083516273744,1.527710960705069,-0.01305358336782451,1.7808375766393016,-2.2184866334390576,3.6193682030036247,0.7183717862680215,0.7741975173620603,Scientific & Technical Instruments,Technology,IIVI
2008Q1,2008,Q1,2007-11-07,2007-09-30,9623000.0,72671000.0,11035000.0,154.68,31409000.0,0.4322081711,293865000.0,229225000.0,156019000.0,33982000.0,64640000.0,63205000.0,165680000.0,2177385.0,-19296615.0,3684.6377650254776,4.591224766052616,0.048352134483521346,0.061987130548587635,0.03310183616206785,3684.6377650254776,0.04198058675973389,0.02996222702315917,0.056567208770653646,0.00949889846220962,0.0,0.6528280990427973,0.0,0.2472938253960152,2.3722559001824495,0.03274632909669406,0.43056851888471426,0.43220817107236725,-0.1490813070744856,3.3621940163191297,1.301827626619366,1.2983866924688918,-0.027434587397429943,-0.14908479971703953,-0.16641486629400212,0.6148682664876658,0.7940355987853954,0.6480928928353165,Scientific & Technical Instruments,Technology,IIVI
2007Q4,2007,Q4,2007-09-10,2007-06-30,11309000.0,71971000.0,13238000.0,181.78,32295000.0,0.4487224021,287924000.0,219440000.0,151912000.0,43749000.0,68484000.0,59857000.0,158287000.0,1690272.87,-15932727.129999999,3527.350468566652,3.4723536537978013,0.05207971548047401,0.068333029529712,0.04440223655036528,3527.350468566652,0.051535727305869486,0.02348547150935794,0.03736565721991335,0.00770266528436019,0.0,0.6628464507075196,0.0,0.24996526861255053,1.836430546983931,0.03927772606660091,0.13555801347341406,0.448722402078615,0.12536370952764192,4.609623015873015,1.3904277932775342,1.246979315994266,0.04646641392048216,0.1253856105085083,0.13836099406655775,0.8773240371845948,0.6741335194231216,0.6641009501998227,Scientific & Technical Instruments,Technology,IIVI
2007Q3,2007,Q3,2007-05-09,2007-03-31,10049000.0,67085000.0,11629000.0,161.53,30861000.0,0.4600283223,267520000.0,204643000.0,138890000.0,40738000.0,62877000.0,54877000.0,146978000.0,2105842.35,-9627157.649999999,3289.49864171931,3.4093475379252784,0.05351001794258373,0.06995108554898041,0.04283033815144735,3289.49864171931,0.04910502680277361,0.031390658865618246,0.05238935093044084,0.010290321926476841,0.0,0.6600943929150646,0.0,0.25076629784689,1.7549707889439834,0.037563546650717705,1.4809017932489452,0.4600283222777074,0.10304561595192573,7.633161512027492,1.444699537188878,1.144048529550431,0.04475439249805342,0.1030735455543359,0.03322967569968903,1.1045026178010473,0.7144573078790667,0.6386515594346799,Scientific & Technical Instruments,Technology,IIVI
2007Q2,2007,Q2,2007-02-07,2006-12-31,9110000.0,63342000.0,11255000.0,146.44,29539000.0,0.466341448,255322000.0,191127000.0,131446000.0,35716000.0,64195000.0,53765000.0,136929000.0,,,,,,,,,,,,,,,,,,,,,,,,,,,,,,,Scientific & Technical Instruments,Technology,IIVI
2007Q1,2007,Q1,2006-11-08,2006-09-30,7498000.0,60797000.0,9588000.0,120.53,26746000.0,0.4399230225,251671000.0,180329000.0,129256000.0,42598000.0,71342000.0,50501000.0,127819000.0,,,,,,,,,,,,,,,,,,,,,,,,,,,,,,,Scientific & Technical Instruments,Technology,IIVI
