Quarters,Year,Quarter,FillingDate,Date,NetIncome,Revenue,OperatingIncome,EPSDiluted,GrossProfit,GrossProfitRatio,TotalAssets,CommonStockEquity,CurrentAssets,CurrentLiability,TotalLiability,Inventory,RetainedEarnings,MarketCap,EnterpriseValue,bookValuePerShare,currentRatio,debtToAssets,debtToEquity,roic,shareholdersEquityPerShare,roe,priceToSalesRatio,peRatio,pbRatio,payoutRatio,inventoryTurnover,dividendYield,assetTurnover,quickRatio,returnOnAssets,priceToFreeCashFlowsRatio,grossProfitMargin,epsdilutedGrowth,fiveYNetIncomeGrowthPerShare,fiveYRevenueGrowthPerShare,fiveYShareholdersEquityGrowthPerShare,grossProfitGrowth,netIncomeGrowth,operatingIncomeGrowth,threeYNetIncomeGrowthPerShare,threeYRevenueGrowthPerShare,threeYShareholdersEquityGrowthPerShare,Industry,Sector,Symbol
2023Q1,2023,Q1,2023-04-05,2023-03-31,-17034000.0,0.0,-16452000.0,-0.22,-71000.0,0.0,151235000.0,124007000.0,32235000.0,17729000.0,27228000.0,0.0,-384674000.0,643349798.8103278,625081798.8103278,1.5924945755183986,1.8182074567093462,0.022706384104208683,0.027691985129871702,-0.1278925868519316,1.5924945755183986,-0.13736321336698734,0.0,-9.442142168755545,5.188011957472787,0.0,0.0,0.0,0.0,1.6900558407129562,-0.11263265778424307,-35.803316757211185,0.0,-6.250596658711218,-0.5276365016752761,0.0,0.28905765574772246,0.04054054054054054,-6.782077393075356,0.5399843417962197,-0.26329390657915264,0.0,1.6796557626508957,Other Industrial Metals & Mining,Basic Materials,SKE
2022Q4,2022,Q4,2022-12-31,2022-12-31,2946000.0,0.0,-35764000.0,0.0419,-74000.0,0.0,167980000.0,137227000.0,50124000.0,20885000.0,30753000.0,0.0,-367931000.0,506665293.938048,469625293.938048,1.950673367323336,2.4,0.02120490534587451,0.025956990971164568,0.044481243209747744,1.950673367323336,0.021468078439374174,0.0,42.996036484898845,3.6921691353600097,0.0,0.0,0.0,0.0,2.3355518314579844,0.017537802119299915,-17.70690200384595,0.0,1.1021951219512196,1.2706706217271153,0.0,0.9931102415519151,-0.04225352112676056,1.101909506019095,-0.014639128461189288,1.0908664426002939,0.0,3.929389399074233,Other Industrial Metals & Mining,Basic Materials,SKE
2022Q3,2022,Q3,2022-09-30,2022-09-30,-28908000.0,0.0,-35248000.0,-0.41,-71000.0,0.0,158812000.0,133192000.0,52064000.0,21378000.0,25620000.0,0.0,-351522000.0,449429952.15027,423612952.15027,1.8965899130527897,2.435400879408738,0.008639145656499508,0.010300918974112559,-0.26046983277008917,1.8965899130527897,-0.21704006246621418,0.0,-3.8867264438068183,3.374301400611673,0.0,0.0,0.0,0.0,1.5504256712508186,-0.1820265471123089,-10.767368283427647,0.0,-0.13888888888888887,-1.1657848850981078,0.0,0.5754983496924225,-0.05970149253731343,-0.16672720668361787,-0.3065945064314045,-0.2570090833992468,0.0,2.6623747081422326,Other Industrial Metals & Mining,Basic Materials,SKE
2022Q2,2022,Q2,2022-06-30,2022-06-30,-24777000.0,0.0,-26977000.0,-0.36,-67000.0,0.0,151128000.0,127137000.0,44200000.0,19819000.0,23991000.0,0.0,-322744000.0,467075709.15316325,431773709.15316325,1.840974935216831,2.2301831575760636,0.007834418506166958,0.009312788566664306,-0.20906797825191617,1.840974935216831,-0.19488425871304182,0.0,-4.7127952249380805,3.673798415513684,0.0,0.0,0.0,0.0,2.088551390080226,-0.16394711767508338,-17.86960399239281,0.0,-0.24137931034482762,-2.0829886387501126,0.0,0.13759992341291705,0.12987012987012986,-0.2991296140939597,-0.05676120338451896,-1.846030494331274,0.0,1.7665137765272017,Other Industrial Metals & Mining,Basic Materials,SKE
2022Q1,2022,Q1,2022-03-31,2022-03-31,-19072000.0,0.0,-25528000.0,-0.29,-77000.0,0.0,168237000.0,139131000.0,65446000.0,23483000.0,29106000.0,0.0,-298057000.0,915706219.0536479,860123219.0536479,2.1138608458734254,2.7869522633394372,0.007465658565000565,0.009027463325930239,-0.18075850634347798,2.1138608458734254,-0.13707944311476233,0.0,-12.003279926772858,6.581611711650516,0.0,0.0,0.0,0.0,2.6254311629689564,-0.11336388547109137,-58.21029934865221,0.0,0.42000000000000004,-1.1223543862193754,0.0,0.47939598908484926,-0.06944444444444445,0.41981017279143346,0.21770041676881588,-3.808862498623002,0.0,2.0252803200018947,Other Industrial Metals & Mining,Basic Materials,SKE
2021Q4,2021,Q4,2021-12-31,2021-12-31,-32872000.0,0.0,-32632000.0,-0.5,-72000.0,0.0,154962000.0,123549000.0,54196000.0,25444000.0,31413000.0,0.0,-279041000.0,874885491.1691468,835884491.1691468,1.8771186410420098,2.1300110045590315,0.008466591809604936,0.010619268468380967,-0.2595766156958577,1.8771186410420098,-0.26606447644254505,0.0,-6.653728790225319,7.081283467847953,0.0,0.0,0.0,0.0,1.9024917465807263,-0.21212942527845535,-20.722062794153167,0.0,-0.08695652173913039,-2.5539475479188916,0.0,0.23917332176393877,-0.07462686567164178,-0.136692140115495,-0.1513654646813916,-1.6332705296772327,0.0,1.4731827183256567,Other Industrial Metals & Mining,Basic Materials,SKE
2021Q3,2021,Q3,2021-09-30,2021-09-30,-28919000.0,0.0,-28342000.0,-0.46,-67000.0,0.0,151346000.0,125671000.0,50313000.0,20179000.0,25675000.0,0.0,-246289000.0,782033025.0097729,740614025.0097729,2.0090245682230186,2.493334654839189,0.010512335971879005,0.012660040900446404,-0.21995607397577083,2.0090245682230186,-0.2301167333752417,0.0,-6.760546915607152,6.222859888198335,0.0,0.0,0.0,0.0,2.4408543535358542,-0.19107872028332432,-30.693238549777185,0.0,0.0,0.28854301979789326,0.0,0.11205135095152216,0.1728395061728395,-0.11295412561576355,0.1502668345625712,-2.562091262970214,0.0,1.2527249989872014,Other Industrial Metals & Mining,Basic Materials,SKE
2021Q2,2021,Q2,2021-06-30,2021-06-30,-25984000.0,0.0,-33354000.0,-0.46,-81000.0,0.0,163161000.0,142229000.0,60886000.0,14999000.0,20932000.0,0.0,-217370000.0,729295856.77032,675769856.77032,2.532418406251341,4.0593372891526105,0.01144881436127506,0.013133749094769703,-0.22850683383002773,2.532418406251341,-0.1826912936180385,0.0,-7.01677817859375,5.1276171299124655,0.0,0.0,0.0,0.0,4.000400026668444,-0.15925374323520938,-21.548479546255525,0.0,0.36111111111111105,-0.1913774757909011,0.0,0.6669654663817616,0.18659998794962945,0.13130964765820352,-0.029854415501578375,-1.2153687602146164,0.0,1.4696180686296088,Other Industrial Metals & Mining,Basic Materials,SKE
2021Q1,2021,Q1,2021-03-31,2021-03-31,-29911694.0,0.0,-32387102.0,-0.72,-99582.0,0.0,130720279.0,97306302.0,34096014.0,27138071.0,33413977.0,0.0,-191386137.0,134072224.65918,108703972.65918,2.312816367974963,1.2563904781588935,0.017443452671945414,0.02343335378216305,-0.3179360193055381,2.312816367974963,-0.3073972947815857,0.0,-1.1205669650403283,1.3778370147000347,0.0,0.0,0.0,0.0,1.204534434300802,-0.2288221401363441,-3.908631508667371,0.0,0.16390872670266504,-6.3098880673195605,0.0,0.977372122040864,0.08425292429927168,0.17441577974980613,0.24936176134261634,-3.964926422579218,0.0,0.8721279753849456,Other Industrial Metals & Mining,Basic Materials,SKE
2020Q4,2020,Q4,2020-12-31,2020-12-31,-36230942.0,0.0,-43146086.0,-0.86115,-108744.0,0.0,137836339.0,108950798.0,41700564.0,22419861.0,28885541.0,0.0,-161474443.0,145915943.491608,110729163.491608,2.589587557425971,1.8599831640347815,0.019113152736884575,0.024180520458418304,-0.37774621017453963,2.589587557425971,-0.3325440718662749,0.0,-1.0068461888984834,1.3392829255973693,0.0,0.0,0.0,0.0,1.8119794319866658,-0.2628547904192377,-3.772832248694268,0.0,-1.1528749999999999,-5.049682829592564,0.0,1.032000002093064,-0.335462003242128,-1.0260343396901888,-0.8149890215804314,-4.5660000057482915,0.0,1.645924001711963,Other Industrial Metals & Mining,Basic Materials,SKE
2020Q3,2020,Q3,2020-09-30,2020-09-30,-17882689.0,0.0,-23772092.0,-0.4,-81428.0,0.0,44565828.0,21354462.0,29631111.0,18728796.0,23211366.0,0.0,-125243501.0,115700332.4873956,94014388.4873956,0.4982674532343039,1.5821151023269195,0.06081363505688708,0.12691539594863124,-0.8878504861384636,0.4982674532343039,-0.8374216592298134,0.0,-1.617490698510101,5.418086978140475,0.0,0.0,0.0,0.0,1.4148771229074202,-0.40126459672195475,-5.420344263832724,0.0,-9.0,0.40753632786981697,0.0,-0.5556974818763164,0.08813187305426773,-14.986827154567049,-2.335098989148484,-1.1953748551589838,0.0,-0.5860889352656586,Other Industrial Metals & Mining,Basic Materials,SKE
2020Q2,2020,Q2,2020-06-30,2020-06-30,-1118589.0,0.0,-7127852.0,-0.04,-89298.0,0.0,55375112.0,38267444.0,47988109.0,12718975.0,17107668.0,0.0,-107360812.0,73350911.39249401,30217858.392494008,1.0006397514335834,3.772954109902724,0.02877225783308574,0.041635051455226536,-0.17194615194710625,1.0006397514335834,-0.029230826077644486,0.0,-16.393624332193056,1.916796726546304,0.0,0.0,0.0,0.0,3.605790010594407,-0.02020021196525977,-9.63294299397525,0.0,0.75,0.8280646680750354,0.0,-0.5819974564166798,0.08623177283192632,0.779758448599003,-0.1903317935072131,0.7486573858530956,0.0,-0.38167126405732843,Other Industrial Metals & Mining,Basic Materials,SKE
2020Q1,2020,Q1,2020-03-31,2020-03-31,-5078919.0,0.0,-5988122.0,-0.16,-97725.0,0.0,34144502.0,17431158.0,27932563.0,12271362.0,16713344.0,0.0,-106242223.0,23121831.353830118,2185885.3538301177,0.5942907285758958,2.276239833850554,0.043495348094401844,0.08519956046523128,-0.2935150763094241,0.5942907285758958,-0.29137014305073705,0.0,-1.1381275894452205,1.3264655941865777,0.0,0.0,0.0,0.0,1.9478110090795138,-0.14874778375739672,-3.5468371458552106,0.0,0.6528305161976261,-0.7563045635925132,0.0,-0.6653349153863326,-0.0354637733370065,0.624275253577561,0.1510979434108014,-0.26827426264337295,0.0,-0.5840826883558552,Other Industrial Metals & Mining,Basic Materials,SKE
2019Q4,2019,Q4,2019-12-31,2019-12-31,-13517659.0,0.0,-7053961.0,-0.46087,-94378.0,0.0,24428326.0,11606966.0,18999681.0,8381859.0,12821360.0,0.0,-101163304.0,19728662.4512852,8075231.451285198,0.39572312296725504,2.2667621824704995,0.06001418189686841,0.12630742607499668,-0.4851731797204468,0.39572312296725504,-1.1646160590114591,0.0,-0.3648683261518359,1.6997260482442353,0.0,0.0,0.0,0.0,1.8312036745070515,-0.553360021476707,-3.2240533054482348,0.0,-0.44021875,-0.07315969372692166,0.0,-0.7875423509174141,-0.0025600985797295433,-0.5238477822765877,-0.19172461446971847,-2.279492180741951,0.0,-0.7387647610201541,Other Industrial Metals & Mining,Basic Materials,SKE
2019Q3,2019,Q3,2019-09-30,2019-09-30,-8870741.0,0.0,-5919120.0,-0.32,-94137.0,0.0,23390390.0,14027996.0,6359306.0,4904959.0,9362394.0,0.0,-87645645.0,12029248.202134626,9292810.202134626,0.5178579648980945,1.2965054346020017,0.051577335820394615,0.08600045223850933,-0.36002575053415814,0.5178579648980945,-0.6323598181807295,0.0,-0.33901475091355465,0.8575172249931228,0.0,0.0,0.0,0.0,1.2343607765120972,-0.3792472464118811,-5.1977912120877265,0.0,-1.6666666666666667,0.5248837418791511,0.0,1.3158593593806582,0.003841269841269841,-1.7544932994085942,-0.8962828931455521,0.4960468980291299,0.0,-0.7133511164697693,Other Industrial Metals & Mining,Basic Materials,SKE
2019Q2,2019,Q2,2019-06-30,2019-06-30,-3220462.0,0.0,-3121433.0,-0.12,-94500.0,0.0,25264547.0,16999969.0,4333879.0,3759275.0,8264578.0,0.0,-78774904.0,9393739.91829,9497747.91829,0.6654494009163412,1.152849685112156,0.049645932697704814,0.07378142866025227,-0.16000347130150688,0.6654494009163412,-0.18943928662458148,0.0,-0.7292230057589564,0.5525739440048391,0.0,0.0,0.0,0.0,1.0941035173005433,-0.12746961186361266,-6.2985123716091085,0.0,-0.4999999999999999,0.9108667235043844,0.0,1.700271460851052,-0.010587102983638113,-1.184843836605267,-1.3399276004938578,0.6753755994527543,0.0,-0.5619676558132404,Other Industrial Metals & Mining,Basic Materials,SKE
2019Q1,2019,Q1,2019-03-31,2019-03-31,-1474001.0,0.0,-1333987.0,-0.08,-93510.0,0.0,24816310.0,17092366.0,3662162.0,3170774.0,7723944.0,0.0,-75554442.0,10645918.087248331,11674636.087248331,0.698732223885984,1.1549741482678992,0.05247149959039035,0.07618307494702606,-0.06772654496213165,0.698732223885984,-0.08623738808307756,0.0,-1.8056158183149689,0.6228463682118865,0.0,0.0,0.0,0.0,1.0885238115362368,-0.05939646144007711,-12.252742774725883,0.0,0.5781925550985975,-0.48096299108691964,0.0,0.5057635227292681,-1.0049743776667597,0.6822956002496802,0.7348484487091724,0.38045065789196963,0.0,-0.402609891811905,Other Industrial Metals & Mining,Basic Materials,SKE
2018Q4,2018,Q4,2018-12-31,2018-12-31,-4639536.0,0.0,-5031036.0,-0.18966,-46639.0,0.0,24554386.0,18566367.0,4819634.0,2736998.0,5988019.0,0.0,-74080441.0,7330860.717796,6238569.717796,0.7589890658433914,1.7609198106830914,0.0,0.0,-0.2709757918713984,0.7589890658433914,-0.24988927559171917,0.0,-0.39502122183101934,0.39484626786683685,0.0,0.0,0.0,0.0,1.679170390332766,-0.1889493795528017,-1.0480091547499046,0.0,-0.5805,-0.4757811826206907,0.0,0.5037642713958468,0.03538779731127197,-0.5830006936556609,-0.42003130199652544,-0.33240401829188637,0.0,-0.4044357453912917,Other Industrial Metals & Mining,Basic Materials,SKE
2018Q3,2018,Q3,2018-09-30,2018-09-30,-2930849.0,0.0,-3542905.0,-0.12,-48350.0,0.0,24581048.0,20139195.0,3833905.0,3350455.0,4441853.0,0.0,-69440905.0,10920028.40741547,10484225.40741547,0.8918197157337235,1.1442938347179712,0.0,0.0,-0.17592088462324337,0.8918197157337235,-0.14552960036386758,0.0,-0.9314731335029091,0.5422276514734312,0.0,0.0,0.0,0.0,1.0512273706108572,-0.11923206040686304,-16.85985728973168,0.0,0.4000000000000001,-3.154887473805159,0.0,0.4083331895202582,-0.1361233169631318,0.3785286379258284,0.02026851390962889,0.8157177854681709,0.0,-0.2047689592390146,Other Industrial Metals & Mining,Basic Materials,SKE
2018Q2,2018,Q2,2018-06-30,2018-06-30,-4715984.0,0.0,-3616200.0,-0.2,-42557.0,0.0,26169103.0,23156382.0,4241200.0,1921323.0,3012721.0,0.0,-66510056.0,8970942.348601129,6451348.348601129,1.025429169967395,2.2074372710887236,0.0,0.0,-0.15616429198654608,1.025429169967395,-0.2036580671367401,0.0,-0.47556047415561253,0.3874069078926548,0.0,0.0,0.0,0.0,2.105626175296918,-0.1802119086771908,-1.3472308826470605,0.0,-0.3966968120395267,-0.928106682067043,0.0,0.5431976054735624,-0.10374251108748088,-0.45840756568500085,-0.05749952625705643,-0.22759066133729167,0.0,-0.5716420413072566,Other Industrial Metals & Mining,Basic Materials,SKE
2018Q1,2018,Q1,2018-03-31,2018-03-31,-3233653.0,0.0,-3419576.0,-0.143195,-38557.0,0.0,32714546.0,27897845.0,9488631.0,3725303.0,4816701.0,0.0,-61794072.0,13427478.21780666,5549363.21780666,1.2353943738805588,2.547076304934122,0.0,0.0,-0.1225749157327385,1.2353943738805588,-0.11591049416182504,0.0,-1.038104445483688,0.48130879707040664,0.0,0.0,0.0,0.0,2.4865746490956573,-0.09884450176994662,-14.137044768844502,0.0,0.07448940020682528,-3.546106899921581,0.0,0.5986016911883484,-44.468996617812856,0.07446729648188277,0.2926239664720107,-0.45239319095244196,0.0,-0.30430790388279505,Other Industrial Metals & Mining,Basic Materials,SKE
2017Q4,2017,Q4,2017-12-31,2017-12-31,-3493829.0,0.0,-4834170.0,-0.15472,887.0,0.0,25793029.0,22101323.0,2549540.0,2600308.0,3691706.0,0.0,-58560419.0,15517985.316061968,14500594.316061968,0.9787082152588128,0.9804761589780903,0.0,0.0,-0.218727630015633,0.9787082152588128,-0.1580823464731048,0.0,-1.1103852904694225,0.7021292488265054,0.0,0.0,0.0,0.0,0.8976982726661611,-0.13545632814199526,-2.381956625579022,0.0,0.22640000000000007,0.2325459409746039,0.0,0.21685186755012967,1.0183400876685138,-0.14114692512155083,-2.578926224212704,0.6397311127127121,0.0,-0.474546635049914,Other Industrial Metals & Mining,Basic Materials,SKE
2017Q3,2017,Q3,2017-09-30,2017-09-30,-3061682.0,0.0,3061682.0,-0.2,-48364.0,0.0,22921369.0,19391774.0,2233956.0,3153960.0,3529595.0,0.0,-55066590.0,1161933.41326932,175440.41326932004,1.2038031734041819,0.7083019442225013,0.0,0.0,0.1578856065463634,1.2038031734041819,-0.1578856065463634,0.0,-0.0948770490590891,0.059918881752093436,0.0,0.0,0.0,0.0,0.576625575467032,-0.13357326082922882,-0.49423364438205347,0.0,-0.718611705464326,-1.1654281956343806,0.0,-0.6494197994618762,-1.2149759560338906,-0.8928950329529015,2.8595950982250016,0.7242452580411676,0.0,1.7342409018400855,Other Industrial Metals & Mining,Basic Materials,SKE
2017Q2,2017,Q2,2017-06-30,2017-06-30,-1617460.0,0.0,-1646424.0,-0.116373,-21835.0,0.0,24586156.0,22492574.0,5781535.0,1682268.0,2093582.0,0.0,-52013232.0,31782610.9997088,26801027.9997088,1.6182973445477356,3.4367502680904587,0.0,0.0,-0.07319855877766591,1.6182973445477356,-0.07191084488596103,0.0,-4.9124261186843565,1.4130268505378176,0.0,0.0,0.0,0.0,3.3845677383151793,-0.06578742931591258,-21.11516586115547,0.0,0.14764412477752312,-3.12962732485146,0.0,-0.5423518954442986,0.26459196389478296,0.11570524455796743,0.14236912907250218,0.917717496659661,0.0,2.7029806383435164,Other Industrial Metals & Mining,Basic Materials,SKE
2017Q1,2017,Q1,2017-03-31,2017-03-31,-1829096.0,0.0,-1919735.0,-0.136531,-29691.0,0.0,20769606.0,19142455.0,2076626.0,1218206.0,1627151.0,0.0,-50387448.0,35722945.843,34513354.843,1.4288674982693812,1.7046591463184388,0.0,0.0,-0.10028677094970316,1.4288674982693812,-0.0955517983456145,0.0,-4.882595807300437,1.8661632399292567,0.0,0.0,0.0,0.0,1.5402411414818185,-0.08806599412622464,-25.849628527618904,0.0,0.028456557318721803,-1.5144369642248414,0.0,-0.5997823172779008,-0.6325397261780392,0.028454330189210408,0.1534320720669869,-2.3555882259478156,0.0,2.079200420644315,Other Industrial Metals & Mining,Basic Materials,SKE
2016Q4,2016,Q4,2016-12-31,2016-12-31,-1882666.0,0.0,-2267668.0,-0.14053,-18187.0,0.0,22298494.0,20293892.0,3576858.0,1572301.0,2004602.0,0.0,-48558352.0,36835326.089920804,34218058.089920804,1.5148152466435998,2.274919369764441,0.0,0.0,-0.11174140475370618,1.5148152466435998,-0.09277008077110098,0.0,-4.891378248972575,1.8150942209567686,0.0,0.0,0.0,0.0,2.1345435765798024,-0.08443018618208027,-8.254679329762457,0.0,0.648675,-0.8988738555703729,0.0,-0.5820651201526126,-1.1972937054488342,0.7493488637684409,0.7264622690043976,-0.09346889453191462,0.0,2.0012620051872476,Other Industrial Metals & Mining,Basic Materials,SKE
2016Q3,2016,Q3,2016-09-30,2016-09-30,-7511101.0,0.0,-8290147.0,-0.4,-8277.0,0.0,24039075.0,20882342.0,6664095.0,2922962.0,3156733.0,0.0,-46675686.0,72975142.245456,66884025.245455995,1.8065933434674621,2.279911610209096,0.0036036328352900436,0.00414838527211172,-0.39535308601233154,1.8065933434674621,-0.3596867152161381,0.0,-2.428909631406101,3.4945861075092055,0.0,0.0,0.0,0.0,2.2391645871550843,-0.3124538277783151,-12.505542398539676,0.0,0.0,-3.7124627793864926,0.0,-0.5145162945276003,-0.34476035743298133,-1.2311265745553401,-1.546170247007919,-19.802506379038423,0.0,1.8529144631864838,Other Industrial Metals & Mining,Basic Materials,SKE
2016Q2,2016,Q2,2016-06-30,2016-06-30,-3366506.0,0.0,-3255928.0,-0.4,-6155.0,0.0,14142768.0,13169956.0,5209370.0,972812.0,972812.0,0.0,-39164585.0,33120164.608887997,28162010.608887997,1.5191786856557332,5.3549606707154105,0.0,0.0,-0.2472239087207277,1.5191786856557332,-0.25562014026470553,0.0,-2.4595355398808136,2.514827278761447,0.0,0.0,0.0,0.0,5.215453756738198,-0.23803727813395512,-24.89072006788399,0.0,-3.112729927307499,-1.6068112699466155,0.0,-0.6194854607527073,-2.099194360523666,-3.2549045381354538,-2.8032498881544137,-2.585318168766579,0.0,1.286255334500524,Other Industrial Metals & Mining,Basic Materials,SKE
2016Q1,2016,Q1,2016-03-31,2016-03-31,-791206.0,0.0,-856091.0,-0.097259,-1986.0,0.0,11641988.0,9515067.0,2894408.0,2126921.0,2126921.0,0.0,-35798079.0,24977275.6537556,23726558.6537556,1.169641435820327,1.3608441498297303,0.1288439740704079,0.1576447123283525,-0.07771999934271848,1.169641435820327,-0.08315296150831097,0.0,-7.892153135136614,2.625023623454843,0.0,0.0,0.0,0.0,1.324009213318219,-0.06796141689890077,-33.50405855634554,0.0,0.31676150333684583,0.42674493185778717,0.0,-0.6599295156218259,0.025036818851251842,0.31674430092038475,0.5819576269241455,-2.0877471801790355,0.0,0.51351731634737,Other Industrial Metals & Mining,Basic Materials,SKE
2015Q4,2015,Q4,2015-12-31,2015-12-31,-1157994.0,0.0,-2047857.0,-0.14235,-2037.0,0.0,12768740.0,10367308.0,4019174.0,2401432.0,2401432.0,0.0,-35006873.0,24826806.90336,22769554.90336,1.2744033241922064,1.6736572178600102,0.11747439449781262,0.14468558279545665,-0.1725628929492687,1.2744033241922064,-0.11169669117576135,0.0,-5.359873821315136,2.3947206838419386,0.0,0.0,0.0,0.0,1.6377802910929813,-0.09068976265473336,-7.518829596005514,0.0,0.8220625,0.6058055143483042,0.0,-0.4339077089864326,0.6521516393442623,0.7511188961485558,0.6138558133465879,0.2939052480484183,0.0,0.5844968304933372,Other Industrial Metals & Mining,Basic Materials,SKE
2015Q3,2015,Q3,2015-09-30,2015-09-30,-4652800.0,0.0,-5303348.0,-0.8,-5856.0,0.0,10021721.0,7408890.0,2896680.0,2612831.0,2612831.0,0.0,-33848879.0,18887165.5168224,17766580.5168224,1.1214598902984332,1.1086365708306432,0.14967489116889204,0.20245947773553125,-0.595287179435373,1.1214598902984332,-0.6280023053385865,0.0,-1.0148279270988654,2.5492571109602657,0.0,0.0,0.0,0.0,1.106577884294851,-0.4642715557537473,-3.954775520102216,0.0,-1.0,0.08539787406898088,0.0,-0.5579504507324554,-6.338345864661654,-4.431262913373878,-4.956736466246064,-7.023996803475606,0.0,-0.6734004013924613,Other Industrial Metals & Mining,Basic Materials,SKE
2015Q2,2015,Q2,2015-06-30,2015-06-30,-856670.0,0.0,-890311.0,-0.4,-798.0,0.0,13229600.0,12054763.0,7667443.0,1174837.0,1174837.0,0.0,-29268439.0,12670727.626,5274355.626,2.3938604364835077,6.526388767122588,0.0,0.0,-0.07385553743362686,2.3938604364835077,-0.0710648562729935,0.0,-3.69766877152229,1.0510971991734719,0.0,0.0,0.0,0.0,6.336008314344884,-0.06475403640321703,-13.656361888974873,0.0,-3.057083160062074,0.011325283965713357,0.0,0.1562604902722786,-1.944649446494465,-1.1273684471926295,-1.2095757855524367,-5.036870465540104,0.0,-0.32302571278473385,Other Industrial Metals & Mining,Basic Materials,SKE
2015Q1,2015,Q1,2015-03-31,2015-03-31,-402690.0,0.0,-402933.0,-0.098593,-271.0,0.0,7794471.0,7252959.0,807674.0,541512.0,541512.0,0.0,-28411769.0,10710642.893392,9955906.893392,1.7757775038347265,1.4915163468214925,0.0,0.0,-0.0555542917035654,1.7757775038347265,-0.05552078813626273,0.0,-6.6494343622836425,1.4767273458173416,0.0,0.0,0.0,0.0,1.4420382189129697,-0.05166354458179394,-43.303844121146454,0.0,0.770420305041332,0.4284494728149597,0.0,7.242012803531472,0.23011363636363635,0.7704198564675137,0.7822239229236354,-0.8157418439102755,0.0,-0.5026147921514401,Other Industrial Metals & Mining,Basic Materials,SKE
2014Q4,2014,Q4,2014-12-31,2014-12-31,-1754028.0,0.0,-1850217.0,-0.42945,-352.0,0.0,8091192.0,7607566.0,1204124.0,483626.0,483626.0,0.0,-28009079.0,12181374.384256002,11079301.384256002,1.862597673823599,2.489783427689992,0.0,0.0,-0.2432074858108362,1.862597673823599,-0.23056362573785097,0.0,-1.7362001040257056,1.601218363962403,0.0,0.0,0.0,0.0,2.4178890299528977,-0.21678239745145092,-5.213500151189854,0.0,0.46318750000000003,0.9705998793358689,0.0,16.05696041193455,0.0,-2.9838287298966355,-3.2280043874682938,-4.802810148349627,0.0,-0.48611255614286886,Other Industrial Metals & Mining,Basic Materials,SKE
2014Q3,2014,Q3,2014-09-30,2014-09-30,-440287.0,0.0,-437610.0,-0.8,-352.0,0.0,708800.0,-1047316.0,703555.0,1756116.0,1756116.0,0.0,-26255051.0,1727179.3937632001,1521157.3937632001,-1.6395207218602554,0.4006312794826765,0.48250564334085777,-0.3265490071764396,0.6204453039488683,-1.6395207218602554,0.42039556351664636,0.0,-0.98071223642942,-1.649148293125666,0.0,0.0,0.0,0.0,0.3212669322527669,-0.6211724040632054,7.547640432985925,0.0,0.5,-2.123864456239485,0.0,-1.1143642967578626,0.0,0.5126625151916976,-1.0673674264792725,-3.998482360900455,0.0,-1.4405864762679705,Other Industrial Metals & Mining,Basic Materials,SKE
2014Q2,2014,Q2,2014-06-30,2014-06-30,-903454.0,0.0,-211675.0,-1.6,-352.0,0.0,337451.0,-607029.0,331854.0,944480.0,944480.0,0.0,-25814764.0,2827003.7994432,2849818.7994432,-0.9502734840965945,0.3513615957987464,1.0134804756838771,-0.5633997716748294,0.7986861815122118,-0.9502734840965945,1.4883209863120213,0.0,-0.7822766293146082,-4.657114898041445,0.0,0.0,0.0,0.0,0.34437679993223785,-2.67728944350439,9.094957402851701,0.0,-38.32363350373574,-26.466633597340124,0.0,-1.0642002063305647,0.4276422764227642,-33.7602631680197,-7.144165287984302,-8.494036112179149,0.0,-1.23801866125041,Other Industrial Metals & Mining,Basic Materials,SKE
2014Q1,2014,Q1,2014-03-31,2014-03-31,-25991.0,0.0,-25991.0,-0.040688,-615.0,0.0,722585.0,296425.0,24857.0,426160.0,426160.0,0.0,-24911310.0,958676.4834400001,1292323.48344,0.46403848502020995,0.05832785808147175,0.4733007189465599,1.153748840347474,-0.04071112503426401,0.46403848502020995,-0.08768153833178713,0.0,-9.221235075987844,3.2341283071265923,0.0,0.0,0.0,0.0,0.03904871409799136,-0.035969470719707713,-58.68130522372529,0.0,0.6834111422346716,0.866842044769001,0.0,-0.9722211889929104,0.22053231939163498,0.6834072305593452,-1.3165542104109322,0.7601832034526802,0.0,-0.8650819066953968,Other Industrial Metals & Mining,Basic Materials,SKE
2013Q4,2013,Q4,2013-12-31,2013-12-31,-82096.0,0.0,82106.0,-0.12852,-789.0,0.0,740585.0,322416.0,42242.0,418169.0,418169.0,0.0,-24885319.0,2228019.9525583996,2545329.9525583996,0.504726093231934,0.10101657463848349,0.46179709283876935,1.060741402411791,0.12357619322833888,0.504726093231934,-0.2546275619075976,0.0,-6.784800576637107,6.910388915433476,0.0,0.0,0.0,0.0,0.07751411510657175,-0.11085290682365967,-28.56509080435908,0.0,-3.114351570253225,0.886352877214931,0.0,-0.9659731006170011,0.0,-3.1142628044502354,5.103248375812094,0.644102850167715,0.0,-0.775799744846789,Other Industrial Metals & Mining,Basic Materials,SKE
2013Q3,2013,Q3,2013-09-30,2013-09-30,-19954.0,0.0,-20010.0,-0.031237,-789.0,0.0,727257.0,404513.0,28125.0,322744.0,322744.0,0.0,-24803222.0,2167341.6770512,2406653.6770512,0.6332448332326227,0.08714337059712961,0.3533826418996311,0.6353318681970666,-0.030248838647161883,0.6332448332326227,-0.04932845174320726,0.0,-27.15422568220908,5.35790364475604,0.0,0.0,0.0,0.0,0.07426009468804998,-0.027437343332549567,-334.2084313109021,0.0,0.7116016692517911,-5.526502185967899,0.0,-0.9625403515485574,0.0,0.7116015551605024,0.7098107461387861,0.9594345439570402,0.0,-0.7503917924055304,Other Industrial Metals & Mining,Basic Materials,SKE
2013Q2,2013,Q2,2013-06-30,2013-06-30,-69189.0,0.0,-68955.0,-0.108312,-789.0,0.0,736442.0,424468.0,36521.0,311974.0,311974.0,0.0,-24783267.0,2202185.5900928,2435012.5900928,0.6644833858802681,0.1170642425330316,0.3489752078235625,0.6054637805441164,-0.10118596911373681,0.6644833858802681,-0.1630016868173808,0.0,-7.957137659500788,5.188107442946936,0.0,0.0,0.0,0.0,0.10065582388275945,-0.09395037219495901,-40.608253551406975,0.0,-2.4386945202870027,0.9943137527527722,0.0,-0.9611467927661292,0.0,-2.4386461905471895,-2.420047614323976,0.3705286850607018,0.0,-0.6790473354978329,Other Industrial Metals & Mining,Basic Materials,SKE
2013Q1,2013,Q1,2013-03-31,2013-03-31,-20121.0,0.0,-20162.0,-0.031498,-789.0,0.0,735983.0,493658.0,35273.0,242325.0,242325.0,0.0,-24714077.0,2126924.4141184,2305661.4141184,0.7727968640907711,0.1455607139172599,0.2717454071629372,0.40513878028918804,-0.029066196886650193,0.7727968640907711,-0.04075898699099376,0.0,-26.42667379999006,4.308497814516122,0.0,0.0,0.0,0.0,0.11774682760755184,-0.027338946687627295,-194.18647074942024,0.0,0.8437599206349207,0.8448216973622056,0.0,-0.9775519873992861,0.8055213211732808,0.843755581267132,0.8432863083440209,0.8174006656149791,0.0,3.7164483781142215,Other Industrial Metals & Mining,Basic Materials,SKE
2012Q4,2012,Q4,2012-12-31,2012-12-31,-128779.0,0.0,-128655.0,-0.2016,-4057.0,0.0,750884.0,513779.0,49385.0,237105.0,237105.0,0.0,-24693956.0,2069200.4331023998,2236984.4331024,0.8042952814209275,0.20828325003690348,0.26635272558744094,0.3892724303640281,-0.18024486570773307,0.8042952814209275,-0.25065057154924586,0.0,-4.016960127626398,4.027413407520354,0.0,0.0,0.0,0.0,0.17305834967630374,-0.1715031882421253,-179.7429146197359,0.0,-1.2968693443675536,0.5894861260006703,0.0,-0.9765591499692003,0.0,-1.2968359848755082,-8.125762519506313,0.9861985891751885,0.0,7.501802499839045,Other Industrial Metals & Mining,Basic Materials,SKE
2012Q3,2012,Q3,2012-09-30,2012-09-30,-56068.0,0.0,-14098.0,-0.08777164469296832,0.0,0.0,2406251.0,2193456.0,81626.0,212795.0,212795.0,0.0,-23014279.0,2057844.2088879999,2208228.208888,3.4337454641089304,0.3835898399868418,0.08311684857481617,0.091180310888388,-0.005890227353249861,3.4337454641089304,-0.025561488354450695,0.0,-9.1756626279161,0.9381743736313835,0.0,0.0,0.0,0.0,0.3366855424234592,-0.023300977329463967,-12.472312212566592,0.0,-2.1146724710373337,0.9406459514754087,0.0,-0.9004235270724263,0.0,-2.1768372145730637,0.14355142457930867,0.602193950008891,0.0,-0.7604800720037561,Other Industrial Metals & Mining,Basic Materials,SKE
2012Q2,2012,Q2,2012-06-30,2012-06-30,-17649.0,0.0,-16461.0,-0.028180056012032686,0.0,0.0,2320715.0,2214649.0,38959.0,106066.0,106066.0,0.0,-22958211.0,440104.30932800006,425370.30932800006,3.536117222901704,0.36730903399769954,0.0,0.0,-0.007432780544456481,3.536117222901704,-0.007969208664668758,0.0,-6.234125295030881,0.1987241812711631,0.0,0.0,0.0,0.0,0.329445816755605,-0.007604983808869249,84.42438314367928,0.0,0.4810186138148029,0.9431267995670217,0.0,-0.9117176173274505,0.0,0.4810186138148028,0.5169043845747491,0.4527294612953248,0.0,-0.7611009260821631,Other Industrial Metals & Mining,Basic Materials,SKE
2012Q1,2012,Q1,2012-03-31,2012-03-31,-34007.0,0.0,-34074.0,-0.05429877980628906,0.0,0.0,2315992.0,2236011.0,38400.0,79981.0,79981.0,0.0,-22940562.0,1872118.0248,1858884.0248,3.570225804494375,0.48011402708143186,0.0,0.0,,3.570225804494375,-0.015208780278809004,0.0,-13.762740206428086,0.837257967335581,0.0,0.0,0.0,0.0,0.40987234468186196,-0.014683556765308343,-44.49372622872897,0.0,0.266331849665058,0.9226389118296252,0.0,-0.8635345627263263,0.0,0.26629989212513483,0.19460136620417426,0.8222968906670624,0.0,-0.7862749942575048,Other Industrial Metals & Mining,Basic Materials,SKE
2011Q4,2011,Q4,2011-12-31,2011-12-31,-46350.0,0.0,-42307.0,-0.07401,0.0,0.0,2327953.0,2270018.0,71499.0,57935.0,57935.0,0.0,-22906555.0,1917023.3046000001,1861713.3046000001,3.624524584300664,1.2341244498144472,0.0,0.0,,3.624524584300664,-0.02041834029509898,0.0,-10.339931524271845,0.8444969619624162,0.0,0.0,0.0,0.0,1.109174074393717,-0.01991019578144404,-84.52483706349207,0.0,0.4632728877803754,0.6933378665792354,0.0,-0.8632277734323212,0.0,0.46355408439619455,0.5114157360464714,0.9345561616144351,0.0,-0.7556470034044174,Other Industrial Metals & Mining,Basic Materials,SKE
2011Q3,2011,Q3,2011-09-30,2011-09-30,-86402.0,0.0,-86591.0,-0.13789130139883018,0.0,0.0,2370503.0,2331700.0,123402.0,38803.0,38803.0,0.0,-22860205.0,6239683.1376,6160549.1376,3.7212234377867683,3.1802180243795584,0.0,0.0,,3.7212234377867683,-0.03705536732855856,0.0,-18.054220786555867,2.676023132306901,0.0,0.0,0.0,0.0,2.9514470530629073,-0.03644880432549547,-13.592837120786333,0.0,0.07435910631980655,0.9343096875660487,0.0,-0.8565079281625243,0.0,0.03896335020299205,0.026400116934078413,-20.981609406066745,0.0,-0.779870731708673,Other Industrial Metals & Mining,Basic Materials,SKE
2011Q2,2011,Q2,2011-06-30,2011-06-30,-89905.0,0.0,-88939.0,-0.14896846319159196,0.0,0.0,2502525.0,2409501.0,634650.0,93024.0,93024.0,0.0,-22773803.0,7634224.50252,7096048.50252,3.9924326903798897,6.822432920536635,0.0,0.0,-0.03691179210965258,3.9924326903798897,-0.03731270499576468,0.0,-21.228587126744895,3.1683840357484807,0.0,0.0,0.0,0.0,6.637136652906777,-0.0359257150278219,-13.979868596981799,0.0,0.12196510929608129,0.5604180559484518,0.0,-0.856040992257576,0.0,0.06335298897755923,0.08016340883235082,0.992179331966751,0.0,-0.766557271434081,Other Industrial Metals & Mining,Basic Materials,SKE
2011Q1,2011,Q1,2011-03-31,2011-03-31,-95986.0,0.0,-96690.0,-0.16966121138097856,0.0,0.0,2012103.0,1945849.0,607753.0,66254.0,66254.0,0.0,-22683896.0,13420203.232542,12883490.232542,3.4394088565464314,9.17307634256045,0.0,0.0,,3.4394088565464314,-0.049328596412157366,0.0,-34.953543309810804,6.896836924418082,0.0,0.0,0.0,0.0,8.924804540103239,-0.04770431732371554,-63.21220152489826,0.0,0.53016750746039,0.3362567140200088,0.0,-0.8608950209155846,0.0,0.5301644174902226,0.34973838890607556,0.16415677239865026,0.0,-0.9000929002971566,Other Industrial Metals & Mining,Basic Materials,SKE
2010Q4,2010,Q4,2010-12-31,2010-12-31,-204297.0,0.0,-148694.0,-0.36111,0.0,0.0,1543754.0,1273635.0,252401.0,270119.0,270119.0,0.0,-22587910.0,10744969.2924,10777652.2924,2.2512288975185197,0.9344066874229506,0.11012117215566729,0.1334762314163791,,2.2512288975185197,-0.16040466852748236,0.0,-13.148711547893509,8.43645886961335,0.0,0.0,0.0,0.0,0.8578145187861647,-0.1323377947522727,-26.97159074453852,0.0,0.531049785981666,-4.875608607313905,0.0,-0.9098819299373387,0.0,0.5053365359005525,0.6343305421323792,0.26467339705417176,0.0,-0.9343888740979488,Other Industrial Metals & Mining,Basic Materials,SKE
2010Q3,2010,Q3,2010-09-30,2010-09-30,-413002.0,0.0,-406635.0,-0.7700390984060455,0.0,0.0,1583626.0,1360668.0,564436.0,222958.0,222958.0,0.0,-22383613.0,7002991.195136001,6656146.195136001,2.536955172008748,2.5315799388225586,0.10734857851538179,0.1249386330831621,,2.536955172008748,-0.3035288549447771,0.0,-4.239078258177927,5.146730278904187,0.0,0.0,0.0,0.0,2.407282986033244,-0.2607951624941748,-22.366770771886124,0.0,-3.475200478636649,0.6995687054799737,0.0,-0.885423298416171,0.0,-4.814145338851818,-6.464616796695732,0.4792744493679693,0.0,-0.926429885195479,Other Industrial Metals & Mining,Basic Materials,SKE
2010Q2,2010,Q2,2010-06-30,2010-06-30,-71034.0,0.0,-54475.0,-0.17206806758311632,0.0,0.0,1288799.0,854691.0,853515.0,434108.0,434108.0,0.0,-21970611.0,3760649.9787500002,2930706.9787500002,2.070346999333858,1.9661351553069744,0.0,0.0,-0.06373648488167069,2.070346999333858,-0.08311073826681221,0.0,-13.235387204542896,4.40001120726672,0.0,0.0,0.0,0.0,1.9422424834373013,-0.05511643010275458,-14.112474918097998,0.0,0.002504974130467042,0.8329398871401914,0.0,-0.9177446035257169,0.0,-0.03572261752012131,0.029606142116607587,0.652730935254662,0.0,-0.9483119041200301,Other Industrial Metals & Mining,Basic Materials,SKE
2010Q1,2010,Q1,2010-03-31,2010-03-31,-68584.0,0.0,-56137.0,-0.17250017606165177,0.0,0.0,437427.0,-113109.0,30393.0,550536.0,550536.0,0.0,-21899576.0,2651974.7789039994,2637729.7789039994,-0.2844879624133525,0.05520619904965343,0.0,0.0,,-0.2844879624133525,0.6063531637623885,0.0,-9.666885785693454,-23.446187119539555,0.0,0.0,0.0,0.0,0.04523046630919685,-0.15678959003445148,462.0970167109251,0.0,0.9881905734130267,0.9477998160543961,0.0,-1.012969687413981,0.0,0.9881905735347901,0.6587727562836215,0.7542338634989919,0.0,-1.0108740388747857,Other Industrial Metals & Mining,Basic Materials,SKE
2009Q4,2009,Q4,2009-12-31,2009-12-31,-5807564.0,0.0,-164515.0,-14.60699,0.0,0.0,440598.0,-49183.0,33605.0,489781.0,489781.0,0.0,-21830992.0,9119857.222137906,9233525.222137906,-0.12370343169310945,0.06861229814958114,0.2723571146487274,-2.4398674338694266,-2.1557864721717848,-0.12370343169310945,118.08071894760384,0.0,-0.3925853086654708,-185.42702198194306,0.0,0.0,0.0,0.0,0.05412623192814748,-13.181094784815183,-133.1191116807705,0.0,-65.20303190724132,-16.91250519035432,0.0,-1.0066715146705965,0.0,-65.60508750602105,-0.9471074184538181,-59.52703525464073,0.0,-1.0046679760043602,Other Industrial Metals & Mining,Basic Materials,SKE
2009Q3,2009,Q3,2009-09-30,2009-09-30,-87194.0,0.0,-84492.0,-0.22063929066672064,0.0,0.0,6501117.0,5665395.0,131763.0,387722.0,835722.0,0.0,-16023428.0,3856485.5686799996,3901644.5686799996,14.335948966061723,0.3398388536116083,0.01845836646225564,0.021181223904070238,-0.014604361499949441,14.335948966061723,-0.015390630309095835,0.0,-11.057198800032111,0.6807090359418893,0.0,0.0,0.0,0.0,0.26782849567473604,-0.013412156710915986,-26.152579791809355,0.0,-3.284923472509582,-0.34311821874536597,0.0,1.163551187752121,0.0,-3.3642824966214526,-5.995529061102832,0.8948892077160042,0.0,-0.44719927376357976,Other Industrial Metals & Mining,Basic Materials,SKE
2009Q2,2009,Q2,2009-06-30,2009-06-30,-19979.0,0.0,-12078.0,-0.051492002618543205,0.0,0.0,6478770.0,5743097.0,147645.0,287673.0,735673.0,0.0,-15936234.0,4508971.242,4406668.242,14.801720094226319,0.5132389901033465,0.0,0.0,-0.002436460763520913,14.801720094226319,-0.0034787850527337426,0.0,-56.42138297712597,0.7851114550215675,0.0,0.0,0.0,0.0,0.4177938145046633,-0.0030837643565059416,-25.770262230807916,0.0,0.871269993453642,0.8910279234837697,0.0,1.163988693475188,0.0,0.8037291365811009,0.8815499132072141,0.8480553928716089,0.0,-0.4662800595786214,Other Industrial Metals & Mining,Basic Materials,SKE
2009Q1,2009,Q1,2009-03-31,2009-03-31,-101793.0,0.0,-101967.0,-0.4,0.0,0.0,6490225.0,5564975.0,347540.0,477250.0,925250.0,0.0,-15916255.0,504502672.8,504246860.8,16.70476410605847,0.7282137244630696,0.0,0.0,,16.70476410605847,-0.018291726377926226,0.0,-1239.0406825616694,90.656772546148,0.0,0.0,0.0,0.0,0.695025667888947,-0.015684047933623258,-1721.2235559027931,0.0,0.6462806409394786,-0.3121834473906555,0.0,1.3928826015680398,0.0,0.7297956605065751,0.2682984586239559,-0.19539826439492278,0.0,-0.3243851026432957,Other Industrial Metals & Mining,Basic Materials,SKE
2008Q4,2008,Q4,2008-12-31,2008-12-31,-376726.0,0.0,-139356.0,-1.13084,0.0,0.0,6032585.0,4941471.0,242997.0,643114.0,1091114.0,0.0,-15814462.0,534672786.13043404,534624509.13043404,14.833149725188136,0.37784436351875406,0.0,0.0,,14.833149725188136,-0.07623762235981958,0.0,-354.81542694852095,108.20113810855796,0.0,0.0,0.0,0.0,0.33775971289693585,-0.062448519167156366,-25714.076185756458,0.0,-164.86822773831778,0.7299186329660272,0.0,1.1169435137345498,0.0,-177.04018691588786,-2.784327784891165,-17.400046614711055,0.0,-0.40621994162481545,Other Industrial Metals & Mining,Basic Materials,SKE
2008Q3,2008,Q3,2008-09-30,2008-09-30,2140.0,0.0,78100.0,0.0069009106622294454,0.0,0.0,5832584.0,5242221.0,315051.0,336363.0,590363.0,0.0,-15437736.0,530211601.7856,530142531.7856,16.904719061992107,0.9366398801295029,0.0,0.0,,16.904719061992107,0.0004082239188313503,0.0,61940.60768523365,101.14255041624531,0.0,0.0,0.0,0.0,0.7849941878268418,0.0003669042743319256,-881.3929124155322,0.0,1.0003450455331113,1.02419212773832,0.0,1.7129455159046991,0.0,1.0003622896434596,1.2898012950147497,1.0026923951367044,0.0,-0.23653087264024567,Other Industrial Metals & Mining,Basic Materials,SKE
2008Q2,2008,Q2,2008-06-30,2008-06-30,-5906876.0,0.0,-269495.0,-20.0,0.0,0.0,6128838.0,5303525.0,984282.0,571313.0,825313.0,0.0,-15439875.0,14034352.551858015,13699246.551858015,17.102407579392718,1.7228419447833325,0.0,0.0,,17.102407579392718,-1.1137641474302469,0.0,-0.5939837128736922,2.6462310542248817,0.0,0.0,0.0,0.0,1.6632984021018251,-0.9637839995118161,-7.32888856434785,0.0,-97.53085697053554,-60.0374438634273,0.0,5.40690858548884,0.0,-103.7820055700424,-1.5628601860128954,-17.493664510814284,0.0,-0.3205171323645916,Other Industrial Metals & Mining,Basic Materials,SKE
2008Q1,2008,Q1,2008-03-31,2008-03-31,-56373.0,0.0,-105154.0,-0.20298209733404388,0.0,0.0,10348860.0,9560946.0,1773950.0,533914.0,787914.0,0.0,-9532999.0,14009720.810990417,12395003.810990417,34.42607048724633,3.3225388358424763,0.0,0.0,,34.42607048724633,-0.005896173872334391,0.0,-62.12956916870851,1.4653069697277257,0.0,0.0,0.0,0.0,3.258047176136981,-0.005447266655457703,-30.147427972874127,0.0,0.5866618527856075,-0.2159771495397874,0.0,10.546788272815686,0.0,0.586665786810963,-0.08600995600355277,0.9385756985273184,0.0,0.5694701783638874,Other Industrial Metals & Mining,Basic Materials,SKE
2007Q4,2007,Q4,2007-12-31,2007-12-31,-136386.0,0.0,-96826.0,-0.49108,0.0,0.0,9846510.0,9529181.0,2208318.0,63329.0,317329.0,0.0,-9476626.0,14628633.737662537,12549209.737662537,34.311694344025,34.87056482811982,0.0,0.0,,34.311694344025,-0.014312457702293618,0.0,-26.814764231047427,1.535140715415369,0.0,0.0,0.0,0.0,34.328964613368285,-0.013851202101049,-29.275535409420552,0.0,0.75446,0.6795839737282132,0.0,9.898239327784413,0.0,0.6679125283362511,0.732383660992402,0.39778443874457164,0.0,0.8504819878973202,Other Industrial Metals & Mining,Basic Materials,SKE
2007Q3,2007,Q3,2007-09-30,2007-09-30,-410693.0,0.0,-361809.0,-2.0,0.0,0.0,9641147.0,9576896.0,2746213.0,64251.0,64251.0,0.0,-9340240.0,14600145.0868,12030033.0868,34.4835016059109,42.741949541641375,0.0,0.0,,34.4835016059109,-0.042883727671262174,0.0,-8.887505440073243,1.524517451875848,0.0,0.0,0.0,0.0,40.25624503898772,-0.04259793985093267,-20.630182344695836,0.0,-3.036416550115139,0.2407911585036408,0.0,0.0,0.0,-2.559111550194121,-5.018537235519521,-8.0019226413649,0.0,4.204177347027498,Other Industrial Metals & Mining,Basic Materials,SKE
2007Q2,2007,Q2,2007-06-30,2007-06-30,-115392.0,0.0,90035.0,-0.495489,0.0,0.0,9889929.0,9328120.0,3278375.0,561809.0,561809.0,0.0,-8929546.0,17601331.857499998,14350201.857499998,40.054619232668486,5.835390675478677,0.0,0.0,,40.054619232668486,-0.012370338288958546,0.0,-38.13377846276172,1.8869109592822562,0.0,0.0,0.0,0.0,5.827359476263285,-0.011667626734226302,-46.008975926840805,0.0,0.7522555,-1.2016041145485208,0.0,0.0,0.0,0.2790253045923149,1.5657206049600694,-0.04859945571523373,0.0,4.8559236757056805,Other Industrial Metals & Mining,Basic Materials,SKE
2007Q1,2007,Q1,2007-03-31,2007-03-31,-160050.0,0.0,-159151.0,-2.0,0.0,0.0,6014790.0,5965697.0,360400.0,49093.0,49093.0,0.0,-8814154.0,14476699.622000001,14142978.622000001,26.16212482677566,7.341168802069541,0.0,0.0,,26.16212482677566,-0.026828382333195937,0.0,-22.612776666666672,2.4266568721140214,0.0,0.0,0.0,0.0,7.18220520237101,-0.026609407809748967,-230.25670603766386,0.0,-7.287407284631003,-1.0213287643180957,0.0,0.0,0.0,-1.9084135925858623,-3.0637334993127414,-2.0141649262093493,0.0,2.7476071449184953,Other Industrial Metals & Mining,Basic Materials,SKE
