Quarters,Year,Quarter,FillingDate,Date,NetIncome,Revenue,OperatingIncome,EPSDiluted,GrossProfit,GrossProfitRatio,TotalAssets,CommonStockEquity,CurrentAssets,CurrentLiability,TotalLiability,Inventory,RetainedEarnings,MarketCap,EnterpriseValue,bookValuePerShare,currentRatio,debtToAssets,debtToEquity,roic,shareholdersEquityPerShare,roe,priceToSalesRatio,peRatio,pbRatio,payoutRatio,inventoryTurnover,dividendYield,assetTurnover,quickRatio,returnOnAssets,priceToFreeCashFlowsRatio,grossProfitMargin,epsdilutedGrowth,fiveYNetIncomeGrowthPerShare,fiveYRevenueGrowthPerShare,fiveYShareholdersEquityGrowthPerShare,grossProfitGrowth,netIncomeGrowth,operatingIncomeGrowth,threeYNetIncomeGrowthPerShare,threeYRevenueGrowthPerShare,threeYShareholdersEquityGrowthPerShare,Industry,Sector,Symbol
2023Q1,2023,Q1,2023-05-03,2023-03-31,-1970000.0,182383000.0,18202000.0,-0.0187,67670000.0,0.3710323879,3028257000.0,946219000.0,175073000.0,91959000.0,1585391000.0,0.0,-297687000.0,737184000.0,2169938000.0,8.984911501063506,1.9038158309681488,0.49316554044125055,1.5783153794206204,0.005954614476244997,8.984911501063506,-0.0020819704529289732,4.041955664727524,-93.551269035533,0.7790839118639554,-4.837055837563452,0.0,0.012926216521248425,0.06022705470506631,31.119248795658933,-0.0006505392375878269,23.032681372242706,0.37103238788702897,0.83,-1.1998455974066349,0.27850352077681895,-0.210602112534795,0.019955988303740995,0.8369475252441648,0.07978881176959127,0.8730346053904294,0.6616891027267874,-0.16438544059740615,REIT—Hotel & Motel,Real Estate,INN
2022Q4,2022,Q4,2023-02-27,2022-12-31,-12082000.0,172326000.0,16857000.0,-0.11,66346000.0,0.3850028434,3022270000.0,959813000.0,169777000.0,86821000.0,1564101000.0,89129000.0,-288200000.0,759796700.0,2400821700.0,9.120663277426711,1.9554831204432108,0.5599367362942425,1.7631351106934372,0.005798418039549256,9.120663277426711,-0.012587868678586349,4.409065956384992,-15.721666528720409,0.7916090946882361,-0.7931633835457705,1.1890630434538703,0.01261258439264082,0.057018730953885655,0.8324022989829649,-0.003997657389975085,22.390425531914893,0.38500284344788366,-10.111111111111109,-2.213617040449609,0.28354059713819857,-0.26100916801741436,0.014294231857027105,-10.606147934678194,-0.021648287869994197,-2.291503663336846,0.2725625684018486,-0.19216356331913645,REIT—Hotel & Motel,Real Estate,INN
2022Q3,2022,Q3,2022-11-02,2022-09-30,-1041000.0,178252000.0,17230000.0,-0.0099,65411000.0,0.3669580145,3075881000.0,975603000.0,130448000.0,100524000.0,1594618000.0,19053000.0,-271951000.0,707159040.0,2128636040.0,9.270972707921544,1.297680155982651,0.49411762028505,1.5578539631386947,0.008561052650083606,9.270972707921544,-0.0010670323891992953,3.967187128335166,-169.82685878962536,0.7248430355380211,-9.12391930835735,5.922479399569622,0.013431207780360131,0.057951526733316404,29.627472046476463,-0.0003384396210386553,14.497499692484316,0.36695801449633103,-1.0521052631578947,-1.0456196018166084,0.2805009335967632,-0.20527768413950237,-0.11864018540476447,-1.0446531977866427,-0.3125872730899661,-1.0891424935562788,0.31693920540997017,-0.1843446310399282,REIT—Hotel & Motel,Real Estate,INN
2022Q2,2022,Q2,2022-08-02,2022-06-30,23313000.0,183248000.0,25065000.0,0.19,74216000.0,0.405003056,3124677000.0,964674000.0,183418000.0,94135000.0,1639389000.0,36486000.0,-267159000.0,764796730.0,2200051730.0,9.169992110191162,1.9484570032400277,0.5014847934682529,1.6243601465365503,0.007692440231641388,9.169992110191162,0.024166713314549785,4.173561130271545,8.201397610775103,0.7928032993529419,0.21460129541457557,2.9883242887682946,0.006541607467385484,0.058645421590775626,32.1828225420938,0.007460931161844889,12.456378546532461,0.4050030559678687,3.2222222222222223,-0.35946257239018126,0.325226625206541,-0.25112287891739987,0.48640096134588423,3.598127716482782,9.164233576642335,-0.529704760652451,0.2662022055440762,-0.2026087143400034,REIT—Hotel & Motel,Real Estate,INN
2022Q1,2022,Q1,2022-05-04,2022-03-31,-8973000.0,141869000.0,2466000.0,-0.0855,49930000.0,0.3519443994,3106599000.0,951346000.0,213236000.0,81040000.0,1584984000.0,85637000.0,-275018000.0,1044764160.0000001,2466311160.0,9.069421140939598,2.631243830207305,0.4841126904373561,1.580859119605275,0.000813991596130242,9.069421140939598,-0.009431899645344596,7.364287899400152,-29.108552323637582,1.0981957773512476,-0.47977265128719493,1.0735896867008419,0.0041205471673147745,0.04566698180228604,1.3647458045409675,-0.0028883676329001587,40.96311154675554,0.351944399410724,0.145,-1.239830591455654,0.06330330387749668,-0.17890859452157953,0.286391508218684,0.17716643741403026,12.18716577540107,-1.689204277010252,0.009828671443215406,-0.19968004501850173,REIT—Hotel & Motel,Real Estate,INN
2021Q4,2021,Q4,2022-02-23,2021-12-31,-10905000.0,106862000.0,187000.0,-0.1,38814000.0,0.3632161105,2264902000.0,948073000.0,129578000.0,398458000.0,1157710000.0,0.0,-262639000.0,1020495840.0,2043039840.0,9.06734953471246,0.3251986407601303,0.4799452691551334,1.1465667728117983,9.456719430856824e-05,9.06734953471246,-0.011502278832959066,9.549660683872657,-23.395136176066025,1.0763895185286365,-0.3950481430536451,0.0,0.004221477277163619,0.04718173236634521,5.448338344317343,-0.004814777857938224,64.74405786067759,0.3632161104976512,-1.3212255772646537,-1.8869012150630466,-0.18290367035855143,-0.20820193980926174,-0.06768831667947732,-1.4211811722912966,-0.9627712522396974,-2.8786541217579233,-0.20031331202649835,-0.20988214936680433,REIT—Hotel & Motel,Real Estate,INN
2021Q3,2021,Q3,2021-11-03,2021-09-30,-4504000.0,110686000.0,5023000.0,-0.04308069020928186,41632000.0,0.37612706213974667,2248320000.0,954305000.0,133482000.0,74619000.0,1148813000.0,0.0,-247364000.0,1006797240.0000001,2021341240.0,9.12791253778169,1.7888473445101114,0.4777762951892969,1.1256296467062417,0.002936444069733825,9.12791253778169,-0.004719665096588617,9.095976365574689,-55.883505772646544,1.0550057266806734,-0.8325932504440497,0.0,0.0037246824395346973,0.049230536578423,1.343196772939868,-0.002003273555365784,28.39327787021631,0.37612706213974667,0.7948538561462768,-1.1375820646745636,-0.22618700565351105,-0.19228326845152627,0.508569772076675,0.759041301091376,1.432011696912359,-1.1178333772521942,-0.2289432493301459,-0.2208796087151782,REIT—Hotel & Motel,Real Estate,INN
2021Q2,2021,Q2,2021-08-03,2021-06-30,-18692000.0,86524000.0,-11627000.0,-0.21,27597000.0,0.3189519670842772,2231463000.0,936599000.0,125779000.0,69398000.0,1165741000.0,0.0,-236400000.0,974938350.0,2015212350.0,8.963098712857075,1.812429753018819,0.49131130563222425,1.170557517144477,-0.00574642471544773,8.963098712857075,-0.019957313642231092,11.267837247468911,-13.039513561951637,1.040934647591979,-0.20083458163920392,0.0,0.0038504998803257666,0.03877456180093508,1.3624744228940315,-0.00837656730136238,54.1722703783964,0.3189519670842772,0.3823529411764707,-1.707115516989922,-0.43733406108576456,-0.19843443144608847,1.9770226537216828,0.40404909931452254,0.5387941293137644,-1.493389258432766,-0.43622783466575366,-0.22288179470814995,REIT—Hotel & Motel,Real Estate,INN
2021Q1,2021,Q1,2021-05-04,2021-03-31,-31365000.0,57854000.0,-25210000.0,-0.34,9270000.0,0.16023092612438206,2221105000.0,938783000.0,94838000.0,62158000.0,1220495000.0,0.0,-213999000.0,1059464480.0,2190445480.0,9.002694719883388,1.5257569419865504,0.5215138410836048,1.2338708732475983,-0.011956444950292508,9.002694719883388,-0.03341027692235586,18.312726518477547,-8.444639566395663,1.128550985691049,-0.1182528295871194,0.0,0.0035008252471097475,0.02604739532800115,1.0495672318929181,-0.014121349508465381,-334.5325165772024,0.16023092612438206,0.2444444444444444,-1.535744637340232,-0.5942396265863271,-0.12313360077197462,1.5467032967032968,0.27149626051005715,0.27696675940000576,-4.213355821284998,-0.5904224610720697,-0.20903971146194242,REIT—Hotel & Motel,Real Estate,INN
2020Q4,2020,Q4,2021-02-26,2020-12-31,-43054000.0,48230000.0,-34867000.0,-0.45,3640000.0,0.07547169811320754,2233019000.0,988742000.0,84548000.0,534423000.0,1180956000.0,0.0,-179013000.0,938959130.0,2031423130.0,9.487703069674609,0.15820426890309736,0.4985103127201336,1.1258579083320017,-0.016365911226179426,9.487703069674609,-0.04354422083819642,19.468362637362638,-5.452217738189251,0.949650292998578,-0.08716960096622846,0.0,0.003996979080441978,0.021598562305112496,0.10512833467122486,-0.01928062412366397,-45.44596728135134,0.07547169811320754,-0.21621621621621626,-1.4228887760125073,-0.6376870597211625,-0.04149510368672521,-0.47985138611031725,-0.24628032188965437,-0.32669989726418325,-5.367115197404845,-0.6372441947249167,-0.23127020790085184,REIT—Hotel & Motel,Real Estate,INN
2020Q3,2020,Q3,2020-11-03,2020-09-30,-34546000.0,52412000.0,-26281000.0,-0.37,6998000.0,0.1335190414408914,2275196000.0,1031341000.0,105892000.0,75950000.0,1178794000.0,0.0,-132250000.0,539756000.0,1603525000.0,9.897706333973128,1.3942330480579328,0.48472483249794746,1.0693301245659776,-0.012162170443957183,9.897706333973128,-0.03349619572963743,10.298328627031978,-3.906067272622011,0.5233535755875118,-0.10739304116250796,0.0,0.006873476163303418,0.02303625709609194,1.070125082290981,-0.015183746806868507,-963.85,0.1335190414408914,0.2884615384615385,-3.1056422500191374,-0.6542118151805064,0.09062228106595115,1.7471706171257742,0.314794612928179,0.3877032757094264,-2.528898431144285,-0.6197612916824072,-0.15155309510066506,REIT—Hotel & Motel,Real Estate,INN
2020Q2,2020,Q2,2020-08-05,2020-06-30,-50417000.0,25436000.0,-42922000.0,-0.52,-9366000.0,-0.36821827331341406,2380875000.0,1065249000.0,190566000.0,70871000.0,1249339000.0,0.0,-93994000.0,617633220.0,1671547220.0,10.227634080304165,2.6889136600301957,0.49497264661101487,1.1062840706726784,-0.01887990758617411,10.227634080304165,-0.047328840487059834,24.281853278817422,-3.062623817363191,0.5798017364954109,-0.07445901184124402,0.0,0.006078040944753587,0.010683467212684412,2.317365353952957,-0.021175828214416968,-21.95092653801045,-0.36821827331341406,-1.888888888888889,-3.564029303810788,-0.826302915047909,0.12591825130097728,-1.2856010245776666,-2.290497324109124,-7.037827715355805,-2.3991330180511055,-0.8142044176216757,-0.16474942687984473,REIT—Hotel & Motel,Real Estate,INN
2020Q1,2020,Q1,2020-05-11,2020-03-31,-15322000.0,108385000.0,-5340000.0,-0.18,32794000.0,0.3025695437560548,2423120000.0,1118202000.0,208900000.0,81822000.0,1236225000.0,0.0,-39868000.0,438858900.0,1461994900.0,10.752459252848695,2.553103077411943,0.46841221235432007,1.0150393220545124,-0.0026743271161988238,10.752459252848695,-0.013702354315231058,4.049074133874614,-7.1606007701344465,0.3924683554491943,-1.5031327502936953,0.0,0.05247928206537455,0.04472952226881046,2.0970032509594,-0.006323252665984351,60.06828633999452,0.3025695437560548,-4.6,-2.198700748828373,-0.17024123412935063,0.18839161124383838,-0.3367848403340951,-2.657866262713698,-1.2971454009237104,-1.4130749291431444,-0.18062010025421582,-0.02653634194824507,REIT—Hotel & Motel,Real Estate,INN
2019Q4,2019,Q4,2020-02-25,2019-12-31,9242000.0,133781000.0,17971000.0,0.05,49447000.0,0.36961152929040747,2355683000.0,1173778000.0,123319000.0,60349000.0,1112293000.0,0.0,-2283000.0,1282915760.0,2671840760.0,11.290235081374322,2.0434307113622427,0.6075363281052671,1.21927911410846,0.006496234578815644,11.290235081374322,0.00787372058430129,9.589670880020332,34.70341268123783,1.092979899095059,2.4921012767799176,0.0,0.01795285451945808,0.056790748160936766,1.4325838042055379,0.00392327830187678,44.446915188470065,0.36961152929040747,-0.28571428571428575,35.62863550400583,0.11239557882624193,0.2411552779708148,-0.04330076424494534,-0.19871683717704178,-0.06615048846393681,-0.24404841040602873,0.02878077516587833,-0.014090478997609424,REIT—Hotel & Motel,Real Estate,INN
2019Q3,2019,Q3,2019-11-05,2019-09-30,11534000.0,133685000.0,19244000.0,0.07,51685000.0,0.38661779556419945,2149358000.0,1181355000.0,153268000.0,90190000.0,952301000.0,0.0,11103000.0,1205646000.0,2019666000.0,11.366286621446097,1.6993901762944894,0.39245718954217956,0.7140368475183159,0.009436813878436076,11.366286621446097,0.00976336494957062,9.018558551819575,26.13243454135599,1.0205619817920946,1.9543089994797989,0.0,0.018696201040769845,0.062197642272715854,1.0818494289832576,0.005366253551060363,27.206887213973012,0.38661779556419945,-0.8372093023255813,0.1502244538877549,0.0042454405417594755,0.22457379897800422,-0.13442859056806003,-0.7644054987029434,-0.6759723859235561,-0.6455970758211546,-0.05988731106721209,0.005787450495087032,REIT—Hotel & Motel,Real Estate,INN
2019Q2,2019,Q2,2019-07-31,2019-06-30,48957000.0,142930000.0,59390000.0,0.43,59712000.0,0.41777093682222066,2123221000.0,1194803000.0,137098000.0,78276000.0,926164000.0,0.0,22179000.0,1183375440.0,1982467440.0,11.499990374990375,1.7514691604067658,0.3904449890049128,0.6938390680304619,0.02866488583925391,11.499990374990375,0.04097495570399472,8.279405583152592,6.042932777743735,0.9904356115610691,0.4604448802009927,0.0,0.01904889964591457,0.06731753312537885,1.3018677500127753,0.02305789175973674,26.26221571238349,0.41777093682222066,3.7777777777777777,3.4713911522407344,0.11027447636071176,0.23113249776695297,0.07964633771493662,2.8018948512852373,1.6047103197228192,0.8627135556989205,-0.06516683008486937,0.02843855887372506,REIT—Hotel & Motel,Real Estate,INN
2019Q1,2019,Q1,2019-05-01,2019-03-31,12877000.0,138952000.0,22801000.0,0.09,55307000.0,0.3980295353791237,2229642000.0,1175709000.0,231518000.0,70574000.0,1051673000.0,0.0,-4241000.0,1202450910.0,2140636910.0,11.332244166208831,3.280499900813331,0.43138136077451,0.8180816851789006,0.010292390158958175,11.332244166208831,0.010952540126851117,8.653714304220163,23.34493496155937,1.0227453477008341,1.7603479071212238,0.0,0.018851497230768448,0.06232031868793286,1.3860628560092951,0.005775366628364554,39.76358829365079,0.3980295353791237,3.4999999999999996,2.0543586890461003,0.2727955311143303,0.20550032103490581,0.09373702216860799,1.237143849895761,-0.600480103730441,-0.7789268445996708,-0.02048787556854592,0.10376553314084232,REIT—Hotel & Motel,Real Estate,INN
2018Q4,2018,Q4,2019-02-26,2018-12-31,5756000.0,132509000.0,57071000.0,0.02,50567000.0,0.38161181504652514,2222297000.0,1189849000.0,138158000.0,66399000.0,1030153000.0,0.0,4838000.0,1008825860.0,2238449860.0,11.475945680060184,2.0807241072907723,0.5731511134650319,1.0704820527646786,0.02691564134960321,11.475945680060184,0.004837588635196567,7.613262948177105,43.81627258512856,0.8478604091779713,3.9072272411396805,0.0,0.022293242958700523,0.05962704354998454,1.3368574827934157,0.002590112842702843,30.859437153956748,0.38161181504652514,-0.9393939393939393,3.504479333834032,0.3896943018968264,0.20120207381910207,-0.0993498975866061,-0.8481306561832141,1.5749413463273778,-0.9431733611325973,0.0005308688086427764,0.15936913743866862,REIT—Hotel & Motel,Real Estate,INN
2018Q3,2018,Q3,2018-10-30,2018-09-30,37901000.0,142340000.0,22164000.0,0.33,56145000.0,0.3944428832373191,2262931000.0,1214516000.0,152903000.0,76550000.0,1045696000.0,0.0,21648000.0,1395344360.0,2303957360.0,11.715663766326472,1.9974265186152842,0.4282702389069751,0.7979689028386616,0.010294035169621471,11.715663766326472,0.031206669982116332,9.80289700716594,9.203875623334477,1.1488892365353771,0.5933880372549537,0.0,0.01611788505025383,0.06290072476801105,1.487772697583279,0.01674863263616964,31.323673506038702,0.3944428832373191,0.03125000000000003,38.192039201096755,0.13885034742672142,-0.013562365952696543,-0.11432041898031298,0.008649137747498403,-0.191979584396646,1.3220355468666403,-0.05607441761330095,0.29094191218579146,REIT—Hotel & Motel,Real Estate,INN
2018Q2,2018,Q2,2018-08-01,2018-06-30,37576000.0,152222000.0,27430000.0,0.32,63392000.0,0.41644440356847234,2216268000.0,1195394000.0,176474000.0,67715000.0,1018212000.0,0.0,6310000.0,1483131330.0,2384743330.0,11.533764943122064,2.6061286273351545,0.42887277170450505,0.7951328181336028,0.012731207702593733,11.533764943122064,0.03143398745518214,9.74321274191641,9.867543977538855,1.2407050144136578,0.5983340430061741,0.0,0.015159143054445488,0.06868393172666844,1.4582588791257476,0.016954628230881823,31.780477629210594,0.41644440356847234,2.4334763948497855,2.6817493069895466,0.15735342302115496,0.13973724409122462,-0.33409666270995936,2.878612716763006,0.4799827344340132,0.9204035924611262,0.04461706340140917,0.2697048363007439,REIT—Hotel & Motel,Real Estate,INN
2018Q1,2018,Q1,2018-05-02,2018-03-31,9688000.0,140199000.0,18534000.0,0.0932,95197000.0,0.6790134023780483,2221878000.0,1178035000.0,146031000.0,65689000.0,1041005000.0,0.0,-8710000.0,1408635000.0,2340516000.0,11.381980676328503,2.223066266802661,0.4389601949341953,0.8279176764697144,0.008382164886910135,11.381980676328503,0.008223864316425234,10.04739691438598,36.34999483897605,1.1957497018339862,2.5580099091659787,0.0,0.017592917966684062,0.0630993240853008,1.259465055032045,0.004360275406660492,37.31878874582737,0.6790134023780483,3.66,2.012045511809461,0.3432863670994706,0.07114150617337793,0.16326555550124638,-0.008291534445695567,0.0050976138828633406,-0.2384445013111443,0.07844919996898096,0.2579680645155382,REIT—Hotel & Motel,Real Estate,INN
2017Q4,2017,Q4,2018-02-21,2017-12-31,9769000.0,131745000.0,18440000.0,0.02,81836000.0,0.62116968385897,2209874000.0,1274502000.0,109223000.0,64072000.0,932498000.0,0.0,9201000.0,1572725950.0,2569416950.0,12.34205200213044,1.7046915969534273,0.4675542587495939,0.8106978255036085,0.007208988407555588,12.34205200213044,0.007664954625414475,11.937651903298038,40.2478746545194,1.233992531985042,2.3018732725969904,0.0,0.014298104510833564,0.05961652112292375,1.0283118991134974,0.004420614025958041,48.12061163295903,0.62116968385897,-0.8823529411764707,8.213682331692842,0.5644841073927109,0.7710978407567997,-0.05213292099563339,-0.5636891469405985,-0.17579224958655523,37.979361165634344,0.10288134089892509,0.3567833506589662,REIT—Hotel & Motel,Real Estate,INN
2017Q3,2017,Q3,2017-10-30,2017-09-30,22390000.0,136587000.0,22373000.0,0.17,86337000.0,0.6321026159151311,2043878000.0,1204516000.0,108770000.0,63563000.0,836276000.0,0.0,24783000.0,1651015470.0,2370839470.0,11.665675573591082,1.711215644321382,0.3778478950309167,0.6411496401874279,0.011435530319980314,11.665675573591082,0.01858837906677869,12.087647213863692,18.43474173738276,1.3706878696505485,0.9771326485037963,0.0,0.013251238645268417,0.06682737423662273,1.1539732234161384,0.01095466559158619,36.64281842998868,0.6321026159151311,-0.4333333333333333,3.3453752181338965,-0.19162812455893583,0.4033501952220969,0.03852815935718238,-0.3408696164149666,-0.08737507648378544,1.2475837553591862,0.03282251328691513,0.2568291765441899,REIT—Hotel & Motel,Real Estate,INN
2017Q2,2017,Q2,2017-08-02,2017-06-30,33969000.0,129056000.0,24515000.0,0.3,83134000.0,0.6441699727250186,1996541000.0,1202262000.0,113014000.0,55196000.0,790997000.0,0.0,24318000.0,1831131599.9999998,2536518600.0,12.24498900024444,2.047503442278426,0.36823987085664656,0.6115189534394333,0.012498001023743363,12.24498900024444,0.028254240756174612,14.188659186709643,13.476490329417997,1.5230720092625398,0.6439989402101917,0.0,0.011946710984617382,0.06463979452463035,1.049043408942677,0.017013925584298043,47.46692588848277,0.6441699727250186,-0.03225806451612906,130.1471328593094,-0.1505950185363998,0.44816180530395466,0.12823505462441473,0.02668802514658768,0.3203533150212743,2.282983759444776,0.0608238349483236,0.3108883922011472,REIT—Hotel & Motel,Real Estate,INN
2017Q1,2017,Q1,2017-05-03,2017-03-31,33086000.0,117989000.0,18567000.0,0.31,73685000.0,0.6245073693310393,1796119000.0,1024609000.0,191701000.0,53037000.0,768112000.0,0.0,12268000.0,1482336760.0,2128596760.0,11.045568228369376,3.6144766860870714,0.39769413941949283,0.6971498395973489,0.010543670451713739,11.045568228369376,0.03229134235596213,12.563347091678038,11.200634407302182,1.4467340810006548,0.5861693767756755,0.0,0.013083396784951889,0.06569108171563243,1.785149989629881,0.018420828464038298,48.43288113441809,0.6245073693310393,6.75,6.609406191829471,-0.13272054049612414,0.10764765437246054,0.09898878415463548,2.189934438873891,0.2580973031576094,7.777350125508231,0.20878531602129405,0.17500433718300998,REIT—Hotel & Motel,Real Estate,INN
2016Q4,2016,Q4,2017-02-23,2016-12-31,10372000.0,110322000.0,14758000.0,0.04,67048000.0,0.6077482279146499,1718505000.0,1010042000.0,161411000.0,51503000.0,705035000.0,0.0,-1422000.0,1413862030.0,2231582030.0,11.451593519347853,3.134011610974118,0.49602066912810844,0.8439391629258981,0.00971322362133829,11.451593519347853,0.010268879907964223,12.815775910516487,34.07881869456229,1.3998051863189849,1.8518125723100656,0.0,0.01358477672676449,0.06419649637330122,1.244315865095237,0.006035478511846052,55.32407379871655,0.6077482279146499,-0.84,-0.1933652131388532,0.7095047288578901,0.12294998809659484,-0.09538843465824766,-0.6170291326662481,-0.31124282447379475,6.305044511671323,0.3600844762907953,0.1986531016676868,REIT—Hotel & Motel,Real Estate,INN
2016Q3,2016,Q3,2016-11-02,2016-09-30,27083000.0,118336000.0,21427000.0,0.25,74118000.0,0.6263351811790157,1660228000.0,977436000.0,169498000.0,57991000.0,678796000.0,0.0,9470000.0,1138234720.0,1716635720.0,11.300883318688433,2.9228328533737993,0.3727753055604411,0.6331790521323135,0.014066583902415308,11.300883318688433,0.027708208005434627,9.618668199026501,10.506911346601187,1.164510740345148,0.6360447513200163,0.0,0.015133961121832587,0.07127695714082644,1.26407545998517,0.01631281968500712,26.570678369671786,0.6263351811790157,0.24999999999999994,281.4751789467099,-0.118325604556845,0.3068610072201876,-0.1109431789557019,0.23864623828035675,-0.1641179683233206,32.85345122074961,0.1347938775927155,-0.04848612713071489,REIT—Hotel & Motel,Real Estate,INN
2016Q2,2016,Q2,2016-08-02,2016-06-30,21865000.0,127195000.0,25634000.0,0.2,83367000.0,0.6554267070246472,1647176000.0,966493000.0,211800000.0,51812000.0,676686000.0,0.0,-447000.0,1144372920.0,1690332920.0,11.181990674857982,4.087856095113101,0.37785701102978675,0.6439746588956153,0.016034679135068487,11.181990674857982,0.02262302986157168,8.996996108337592,13.084529156185686,1.1840467752999764,0.7261833981248571,0.0,0.0138748477200946,0.07722004205986488,2.1029105226588434,0.013274234204480881,25.4299442234617,0.6554267070246472,-0.6078431372549019,14.653884118230653,0.040265894209970204,0.27685519196377933,0.11792471806149679,-0.5490357842631742,0.24027482097929165,1.5689374885218539,0.15962883165226316,0.10497580781862235,REIT—Hotel & Motel,Real Estate,INN
2016Q1,2016,Q1,2016-05-03,2016-03-31,48485000.0,118082000.0,20668000.0,0.51,74573000.0,0.6315357124709947,1637437000.0,886649000.0,184463000.0,46894000.0,746635000.0,0.0,-6495000.0,1033729200.0,1697055200.0,10.266894395553496,3.933616240883695,0.4258472234351612,0.7864419854982073,0.012640920872335289,10.266894395553496,0.05468342038393998,8.754333429311835,5.330149530782717,1.165883230004207,0.29704032174899453,0.0,0.01393208201915937,0.07211391949736082,1.4211839467735745,0.029610299510759802,42.12425427872861,0.6315357124709947,-0.4456521739130435,3.0737900652076067,0.1164528036437081,0.1659532694611948,0.11609494731800767,-0.4238881165413087,0.38192029954533296,17.066021206296547,0.35592325017685433,-0.033797628083516135,REIT—Hotel & Motel,Real Estate,INN
2015Q4,2015,Q4,2016-02-24,2015-12-31,84159000.0,110039000.0,14956000.0,0.92,66816000.0,0.6072029007897201,1580954000.0,852711000.0,226383000.0,45121000.0,724028000.0,0.0,-40635000.0,1029444699.9999999,1847214700.0,9.898439857915632,5.017242525653243,0.5358131862154117,0.9934151195422599,0.008907203757662375,9.898439857915632,0.09869580666837885,9.355271312898154,3.0580350883446807,1.2072609594575419,0.1722453926496275,0.0,0.01408137804779606,0.06960291064762163,1.142838146317679,0.05323304789386661,28.720140051333555,0.6072029007897201,7.363636363636364,13.976471196010227,6.704213624839139,28.93621236149472,-0.14981549815498155,5.215583456425406,-0.3180740470545322,75.4947218439652,0.5663964190198196,0.4204368492523984,REIT—Hotel & Motel,Real Estate,INN
2015Q3,2015,Q3,2015-11-02,2015-09-30,13540000.0,125091000.0,21932000.0,0.11,78590000.0,0.628262624809139,1609700000.0,780429000.0,311095000.0,51391000.0,824915000.0,0.0,-110366000.0,1003561650.0,1926647650.0,9.075283446712017,6.053491856550758,0.5933030999565136,1.223737200949734,0.012468883786623192,9.075283446712017,0.017349432171280155,8.022652708827973,18.52957256277696,1.2859102493628505,1.0598966026587888,0.0,0.014300068162229992,0.07771075355656333,0.8624856492381935,0.008411505249425359,24.302844238872474,0.628262624809139,-0.21428571428571436,23.588455799154925,6.191817660477917,21.35643295826202,0.019484225819842257,-0.1644038509010121,-0.1055829696994413,2.1551595973522035,-0.11109086067115324,0.09173281189738004,REIT—Hotel & Motel,Real Estate,INN
2015Q2,2015,Q2,2015-08-03,2015-06-30,16204000.0,120677000.0,24521000.0,0.14,77088000.0,0.6387961251936989,1551114000.0,779673000.0,304766000.0,43320000.0,766517000.0,0.0,-109628000.0,1116661310.0,1960708310.0,9.083815870722699,7.03522622345337,0.5679853318324766,1.129973719751742,0.013990597130634958,9.083815870722699,0.020783071877569188,9.253306843889058,17.228173753394223,1.4322174937441723,0.8880523327573439,0.0,0.012886628981530668,0.07780021326607844,1.1425207756232687,0.010446685414482753,32.24269656108336,0.6387961251936989,1.0,17.924862041129064,6.290778124346281,20.999690491898416,0.14873262103804372,0.5382570723371939,0.3182624590075802,71.47268044149736,-0.09143153870654801,0.07430355308052104,REIT—Hotel & Motel,Real Estate,INN
2015Q1,2015,Q1,2015-05-04,2015-03-31,10534000.0,107648000.0,18601000.0,0.07,67107000.0,0.6233929102259215,1454222000.0,775442000.0,82972000.0,41944000.0,673370000.0,0.0,-111521000.0,1205855280.0,2011087280.0,9.047909082423224,1.9781613580011443,0.5733464354135751,1.0752229051302353,0.011038946855355747,9.047909082423224,0.013584510511424452,11.201836355529132,28.618171634706666,1.555055413557687,1.363679513954813,0.0,0.011912706473367186,0.07402446118955702,0.9757057028418844,0.007243735825754252,58.980449009537786,0.6233929102259215,27.84269230769231,5.832078517295569,6.445100121976868,20.33633342904809,0.1325120243017467,49.64423076923077,1.7059935990689554,2.9330137797026037,-0.1435687264668878,-0.09267725617038097,REIT—Hotel & Motel,Real Estate,INN
2014Q4,2014,Q4,2015-03-02,2014-12-31,208000.0,99141000.0,6874000.0,0.0024269579016148604,59255000.0,0.597684106474617,1459024000.0,779611000.0,101356000.0,45333000.0,673823000.0,0.0,-107779000.0,1066157760.0,1854109760.0,9.096553253057033,2.2358105574305696,0.5664971926438496,1.060186426307479,0.0016415730717333113,9.096553253057033,0.0002667997244779768,10.753954065421976,1281.4396153846153,1.36755094527912,69.05288461538461,0.0,0.01347173986709059,0.0679502187763875,1.2582666049015065,0.000142561054513154,46.10212574591369,0.597684106474617,-0.9514608419677029,1.0612884058437684,6.5732624184230435,19.39281556758966,-0.12234318299637117,-0.974726609963548,-0.5357914640734738,-0.9833524552318419,0.5810073624707093,-0.10798664395641588,REIT—Hotel & Motel,Real Estate,INN
2014Q3,2014,Q3,2014-11-03,2014-09-30,8230000.0,109256000.0,14808000.0,0.05,67515000.0,0.6179523321373654,1472626000.0,791768000.0,96258000.0,47334000.0,673263000.0,0.0,-93736000.0,919566340.0,1712091340.0,9.28183065073913,2.0335910761820255,0.5617875821831205,1.044880571076376,0.008700476118387002,9.28183065073913,0.010394458982934394,8.416620963608406,27.933363912515187,1.1614088217760759,1.745321992709599,0.0,0.0156204064624636,0.07419127463456437,0.9866480753792201,0.005588655911276862,30.42503771836951,0.6179523321373654,-0.1666666666666666,3.35292655379258,6.392034181560232,0.0,0.017926604951301148,-0.083008356545961,-0.08462632132039315,86.0352122042659,-0.1746307693305503,0.0733729577591948,REIT—Hotel & Motel,Real Estate,INN
2014Q2,2014,Q2,2014-08-06,2014-06-30,8975000.0,105525000.0,16177000.0,0.06,66326000.0,0.628533522861881,1428323000.0,795525000.0,123884000.0,42578000.0,624806000.0,0.0,-87724000.0,902749000.0,1596953000.0,9.340985146480362,2.9095777161914604,0.5152420005839016,0.9250897206247447,0.010198476706461923,9.340985146480362,0.011281857892586657,8.554835347074153,25.146211699164343,1.1347839477074886,1.5522005571030641,0.0,0.015431753455279374,0.07388034779248111,1.2886936915778102,0.006283592716773447,34.078859947149866,0.628533522861881,0.4839849624060149,138.1897895912578,6.361025015196366,0.0,0.23209243572596225,1.595430884904569,0.7398365239836524,5.521170068459806,-0.12411292509712561,0.06663345813347095,REIT—Hotel & Motel,Real Estate,INN
2014Q1,2014,Q1,2014-05-12,2014-03-31,3458000.0,89544000.0,9298000.0,0.04043167654658763,53832000.0,0.6011793084963817,1428892000.0,799950000.0,117579000.0,43805000.0,612997000.0,0.0,-82888000.0,789700160.0,1486545160.0,9.400448899491169,2.6841456454742607,0.513262024001814,0.916802300143759,0.005907505492795085,9.400448899491169,0.004322770173135821,8.819129813276154,57.092261422787736,0.9871868991811988,4.017351069982649,0.0,0.017591486875221097,0.06266673758408613,1.122291975801849,0.0024200569392228382,35.41415130723351,0.6011793084963817,2.8338207567889215,6.135535349221185,5.675877191415412,0.0,0.18918441283025536,2.8403406067056944,0.31550650820599885,1.150100024269409,-0.14080539191784008,0.0675559430621503,REIT—Hotel & Motel,Real Estate,INN
2013Q4,2013,Q4,2014-03-25,2013-12-31,-1879000.0,77956000.0,7068000.0,-0.02204777996808411,45268000.0,0.5806865411257632,1294476000.0,809840000.0,120329000.0,34737000.0,472098000.0,0.0,-72577000.0,762903000.0,1226786000.0,9.55371783830972,3.464000921207934,0.3944368223126578,0.6304813296453621,-0.2113048160809911,9.55371783830972,-0.002320211399782673,9.786328185130074,-101.50385843533795,0.942041637854391,-7.368813198509845,0.0,0.018149096280916446,0.060222051239265925,1.6425713216455076,-0.0014515525973444081,29.130665546603534,0.5806865411257632,-1.257890111537497,0.4402217127763521,5.020790782380697,20.417695300796144,-0.07945094051855618,-1.8044776119402985,-0.2884324977348233,0.705563854144467,4.546762004439711,27.893656995928353,REIT—Hotel & Motel,Real Estate,INN
2013Q3,2013,Q3,2013-11-05,2013-09-30,-670000.0,82174000.0,9933000.0,-0.009764771037980588,49175000.0,0.598425292671648,1279802000.0,809483000.0,145163000.0,40043000.0,442345000.0,0.0,-56963000.0,626362830.0,981143830.0,11.876740466863271,3.6251779337212495,0.31274759689389453,0.4944575735376778,0.0024114025211722655,11.876740466863271,-0.0008276887840757619,7.62239674349551,-233.71747388059703,0.77378132709396,-17.76865671641791,0.0,0.019006555673171093,0.06420836973219295,1.3774941937417275,-0.000523518481765148,55.26893408629665,0.598425292671648,-1.2441192759495148,0.7602618347910715,5.958360684766567,0.0,-0.0388937750415323,-1.103908188585608,-0.132640586797066,-0.41028022235782413,4.9608715832809365,28.257659396446176,REIT—Hotel & Motel,Real Estate,INN
2013Q2,2013,Q2,2013-08-06,2013-06-30,6448000.0,83096000.0,11452000.0,0.04,51165000.0,0.6157336093193415,1251542000.0,662636000.0,92739000.0,34442000.0,551946000.0,0.0,-44729000.0,624024400.0,1295746400.0,10.119670128283445,2.69261366935718,0.5642119880914903,1.0656453920402755,0.007924090898174209,10.119670128283445,0.009730832613984148,7.5096803696928855,24.194494416873447,0.9417303014022781,1.798697270471464,0.0,0.018585811708644727,0.0663948952572107,1.339672492886592,0.005152044437981306,29.67446859099339,0.6157336093193415,0.2926078028747433,129.06200056853527,6.539031040010946,0.0,0.37002624109677074,2.3100616016427105,0.9073950699533644,9.828022539174334,5.580592481668095,23.508379944147144,REIT—Hotel & Motel,Real Estate,INN
2013Q1,2013,Q1,2013-05-06,2013-03-31,1948000.0,63211000.0,6004000.0,0.030945194598888007,37346000.0,0.5908148898134818,1061990000.0,666082000.0,85537000.0,32476000.0,358683000.0,0.0,-39916000.0,634988920.0,944871920.0,10.626028970710228,2.6338526912181304,0.3113711051893144,0.4964448821616558,0.00485641312486239,10.626028970710228,0.0029245648433676333,10.045544604578318,81.4924178644764,0.9533194411498885,5.259240246406571,0.0,0.01613413978939979,0.059521276094878485,1.030514841729277,0.0018342922249738698,57.283619305367615,0.5908148898134818,3.3596808676835943,4.927418977968958,5.39767327064576,0.0,-0.4262454557152934,3.3696941902348647,6.7311404053035,2.2217265477944474,4.97725285306968,24.057777999364856,REIT—Hotel & Motel,Real Estate,INN
2012Q4,2012,Q4,2013-02-26,2012-12-31,-822047.0,51117139.0,-1047610.0,-0.013114143960181226,65090552.0,1.2733606237234834,810789000.0,436819000.0,37430000.0,23998000.0,337252000.0,0.0,-31985000.0,595498000.0,894131000.0,6.968588475528046,1.5597133094424536,0.3855664050696297,0.7156579727530167,-0.0010971428760904298,6.968588475528046,-0.0018818938736639202,11.649673899002837,-181.10217542305975,1.363260297743459,-8.438796078569716,0.0,0.011649219644734324,0.06304616737523573,0.8413617801483457,-0.0010138852401796274,21.217740641876045,1.2733606237234834,-2.3114143960181224,0.6688261560736629,4.338762964444261,14.622306119091462,2.747449277590138,-1.5261511618827197,-1.1768638735182135,0.6688261560736629,4.338762964444261,14.622306119091462,REIT—Hotel & Motel,Real Estate,INN
2012Q3,2012,Q3,2012-11-07,2012-09-30,1562378.0,51233907.0,5923256.0,0.01,17369295.0,0.3390195286102229,633104392.0,260259037.0,25619498.0,19499753.0,331750010.0,0.0,0.0,258921129.6,560883545.6,8.312733067846155,1.3138370521924048,0.4932050084403774,1.1997672034727462,0.008642593960398813,8.312733067846155,0.0060031652234231545,5.053706515101415,41.43061563846905,0.9948593239434755,3.452411004251212,0.0,0.020832486743484376,0.0809248958740441,0.8694496284132419,0.002467804709211368,4.649309421109633,0.3390195286102229,4.7328688194113555,2.2170179177595988,8.444489044768162,0.0,0.09673258294921404,20.088541093965716,0.31339081876832636,2.2170179177595988,8.444489044768162,0.0,REIT—Hotel & Motel,Real Estate,INN
2012Q2,2012,Q2,2012-08-09,2012-06-30,-81849.0,47280143.0,4509896.0,-0.0026789047469331973,15837311.0,0.334967493647386,621492416.0,258343427.0,25006567.0,17621210.0,316054132.0,0.0,0.0,255729932.45999998,542539647.46,8.455539260458771,1.419117472636669,0.4801875522806058,1.1551790787384733,0.010317174764839971,8.455539260458771,-0.0003168224597407698,5.40882315986227,-781.1028004618261,0.9898836422108777,-65.65341054869333,0.0,0.021013050558094222,0.0760751728947888,1.0538000511883123,-0.0001316975040931151,-16.618503285458107,0.334967493647386,0.9578691714950955,-4.538273042471928,8.193201071550087,0.0,0.31808415565288617,0.952810695066308,2.2014163222047833,-4.538273042471928,8.193201071550087,0.0,REIT—Hotel & Motel,Real Estate,INN
2012Q1,2012,Q1,2012-05-15,2012-03-31,-1734482.0,40005977.0,1408719.0,-0.06358538015983577,12015402.0,0.3003401716698482,604077730.0,272018822.0,22272613.0,15568328.0,292991751.0,0.0,0.0,206767240.0,467356759.0,9.972095534863259,1.430636160800312,0.4493783655954342,0.9979436753828748,0.002252870829724692,9.972095534863259,-0.00637633082610732,5.168408710528429,-29.80244822373481,0.7601210772098705,-3.090995467234598,0.0,0.025929039822749484,0.06622653842908593,1.093586221975796,-0.0028712894282661274,-6.141903235973991,0.3003401716698482,-1.4361593837729423,-7.035858039251236,8.304615982904371,0.0,1.4114965228647982,-1.4361593837729423,1.8680118502014262,-7.035858039251236,8.304615982904371,0.0,REIT—Hotel & Motel,Real Estate,INN
2011Q4,2011,Q4,2012-02-28,2011-12-31,3976716.0,19958635.0,-1622926.0,0.14578473495124275,4982550.0,0.24964382584279937,554004994.0,278174960.0,19694187.0,17452571.0,234556299.0,0.0,0.0,257504320.0,464070916.0,10.197776963120463,1.1284404458231398,0.3918804529765665,0.78045747899092,,10.197776963120463,0.014295736755026404,12.901900355410078,16.18825181380818,0.9256919458171218,1.1567333448000812,0.0,0.01786377797467631,0.036026092212446736,0.7999831085059044,0.007178123018869393,10.09820862745098,0.24964382584279937,130.51385673655665,4.681528219163921,3.7901500006856232,21.861558551140416,-0.6305349955297593,130.51385673655665,-1.4643045656408682,4.681528219163921,3.7901500006856232,21.861558551140416,REIT—Hotel & Motel,Real Estate,INN
2011Q3,2011,Q3,2011-11-10,2011-09-30,30238.0,42329705.0,3495391.0,0.0011085123542781729,13485851.0,0.3185907154325786,553170777.0,235882388.0,26359872.0,16307854.0,273898936.0,0.0,0.0,192582680.0,433055682.0,8.647349072512647,1.6163912186115965,0.4656628526130548,1.0920318561468862,0.007407457029041645,8.647349072512647,0.00012819100339106284,4.549587104375048,1592.2240227528275,0.8164351804001577,138.8980752695284,0.0,0.021808814790613567,0.07652194721775767,1.3856464498639736,5.466304667066677e-05,-13.8548690647482,0.3185907154325786,-0.9445743822860914,1.02703419103834,7.956033138725826,0.0,0.0831864410482559,-0.931404953053294,-0.1220762696006886,1.02703419103834,7.956033138725826,0.0,REIT—Hotel & Motel,Real Estate,INN
2011Q2,2011,Q2,2011-08-15,2011-06-30,440819.0,38588564.0,3981429.0,0.02,12450166.0,0.3226387486199279,550684205.0,238885618.0,38216412.0,15564286.0,267284961.0,0.0,0.0,309605300.0,531736836.0,8.757446220397389,2.455391272044217,0.45710531138259175,1.0537288812422354,,8.757446220397389,0.0018453141034216634,8.023239734963965,175.58527422819796,1.2960399315458162,0.0,0.0,0.0,0.07007385294444754,2.1892130483852585,0.0008004932700039944,-8.835315842294824,0.3226387486199279,1.5,20.344296825574457,7.404079962034623,0.0,0.3857310780387703,1.0596922299449252,3.6462193582116376,20.344296825574457,7.404079962034623,0.0,REIT—Hotel & Motel,Real Estate,INN
2011Q1,2011,Q1,2011-05-16,2011-03-31,-7384864.0,33407442.0,856918.0,-0.04,8984547.0,0.26893848981313806,491759405.0,240198602.0,21389616.0,10928095.0,206642541.0,0.0,0.0,271143320.0,451246905.0,8.805579661265488,1.957305092973661,0.3979882113286679,0.814802602389834,0.002103320830599215,8.805579661265488,-0.030744825067716256,8.116255054786894,-9.179022118755334,1.1288297173353241,0.0,0.0,0.0,0.06793452582772667,1.7382128358144764,-0.015017229817902517,-149.28259453650233,0.26893848981313806,0.46868613569481715,-33.21408740083613,6.769924448568043,0.0,-0.36093955228944546,0.4723398831080918,1.1184799380582364,-33.21408740083613,6.769924448568043,0.0,REIT—Hotel & Motel,Real Estate,INN
2010Q4,2010,Q4,2010-12-31,2010-12-31,-13995494.0,30822126.0,-7232600.0,-0.07528506724045185,14058994.0,0.45613316875026727,493008530.0,61468029.0,18193329.0,179941902.0,433164964.0,0.0,0.0,1801371000.0,2213830789.0,0.3306510435718128,0.10110668386732957,0.8527990519758349,6.839933113846874,-0.01493256761369663,0.3306510435718128,-0.22768737224354468,58.44408656300996,-32.177695906982635,29.305820103650955,0.0,0.0,0.0,0.06251844364640101,0.0848193379660953,-0.028387934788876776,-1078.0307160515697,0.45613316875026727,-9.80130089533025,-0.9011873885154944,0.08546045018004486,-0.25874058434990455,0.13054753777915304,-9.800650717201176,-2.3017762768435337,-0.9011873885154944,0.08546045018004486,-0.25874058434990455,REIT—Hotel & Motel,Real Estate,INN
2010Q3,2010,Q3,2010-09-30,2010-09-30,-1295801.0,37600497.0,5555947.0,-0.00697,12435562.0,0.33072866031531445,509968783.0,75463523.0,22106173.0,180303464.0,436129723.0,0.0,0.0,1801371000.0,2212321775.0,0.40593611081226466,0.12260537046587192,0.8278895847630736,5.5947274552766375,0.01156576215619318,0.40593611081226466,-0.017171223241194293,47.90816993722184,-347.54005437563325,23.870751435763207,0.0,0.0,0.0,0.07373097776457427,0.0888504449365432,-0.0025409418050594676,626.5106544001135,0.33072866031531445,0.3751680860600628,0.83000671681539,0.16733947167783145,0.0,0.05488746678972424,0.375106515852597,0.0837837600593785,0.83000671681539,0.16733947167783145,0.0,REIT—Hotel & Motel,Real Estate,INN
2010Q2,2010,Q2,2010-06-30,2010-06-30,-2073635.0,35849726.0,5126435.0,-0.011155,11788520.0,0.32883152300801405,511708176.0,76759324.0,18202790.0,166372636.0,436573315.0,0.0,0.0,1801371000.0,2214640844.0,0.4129065303926842,0.1094097589461767,0.8297624347514823,5.531526332879117,,0.4129065303926842,-0.02701476370479761,50.247831740750264,-217.17551545956738,23.46778093043133,0.0,0.0,0.0,0.07005892749307957,0.09462161794443168,-0.004052378088248486,422.22825913709727,0.32883152300801405,0.5614655816330543,-15.732857782293303,0.145646240974931,0.0,-0.2528599441013302,0.5614746688011707,4.043762685816777,-15.732857782293303,0.145646240974931,0.0,REIT—Hotel & Motel,Real Estate,INN
2010Q1,2010,Q1,2010-03-31,2010-03-31,-4728655.0,31362720.0,1016391.0,-0.025437,15778193.0,0.5030875191947637,513944694.0,78832959.0,15827168.0,166802635.0,436736198.0,0.0,0.0,1801371000.0,2217228978.0,0.4240611027434104,0.09488559937917047,0.8279408484368943,5.397689131521753,0.002082404717118926,0.4240611027434104,-0.059983223514418635,57.43669554171322,-95.23696484518325,22.850480596573828,0.0,0.0,0.0,0.061023531064998214,0.08025770096497577,-0.009200707887841332,825.2732667905773,0.5030875191947637,0.3576348487913181,-2.214646505847834,0.07033672958308404,0.0,0.18478393501294063,0.35764616449832093,1.5270827185968399,-2.214646505847834,0.07033672958308404,0.0,REIT—Hotel & Motel,Real Estate,INN
2009Q4,2009,Q4,2009-12-31,2009-12-31,-7361449.0,28395439.0,-1928333.0,-0.039598972565895646,13317359.0,0.4689964117124585,518246431.0,82923775.0,14018956.0,166593369.0,436947119.0,0.0,0.0,1801371000.0,2219314368.0,0.4460665680473373,0.08415074431924119,0.8223550950030566,5.13944997077135,-0.0037775154462041678,0.4460665680473373,-0.08877368402487706,63.4387445110463,-61.17582964984203,21.723215085179127,0.0,0.0,0.0,0.054791383599513875,0.0651131738622802,-0.014204533904450565,-1896.1141349826796,0.4689964117124585,0.034267696578359756,0.0,0.0,0.0,-0.209859503314828,0.034267696578359784,0.2448387296370761,0.0,0.0,0.0,REIT—Hotel & Motel,Real Estate,INN
2009Q3,2009,Q3,2009-09-30,2009-09-30,-7622660.0,32210422.0,-2553538.0,-0.04100408821947284,16854419.0,0.5232598008185053,,,,,,,,1801371000.0,,,0.0,0.0,0.0,0.0,,0.0,55.92509778356831,-59.07947488147182,0.0,0.0,0.0,0.0,0.0,0.0,0.0,60595.095532831,0.5232598008185053,-55.15782705383343,0.0,0.0,0.0,0.016796206323538152,-55.15782705383342,-1.9936370817427984,0.0,0.0,0.0,REIT—Hotel & Motel,Real Estate,INN
2009Q2,2009,Q2,2009-06-30,2009-06-30,140749.0,31292143.0,2569890.0,0.0007571221086605702,16576005.0,0.5297177952944929,,,,,,,,1801371000.0,,,0.0,0.0,0.0,0.0,,0.0,57.566239550931364,3199.615983062047,0.0,0.0,0.0,0.0,0.0,0.0,0.0,-769.5154375466698,0.5297177952944929,1.0956807921977216,0.0,0.0,0.0,0.07676655986049849,1.0956843502119686,0.06718264595385504,0.0,0.0,0.0,REIT—Hotel & Motel,Real Estate,INN
2009Q1,2009,Q1,2009-03-31,2009-03-31,-1470972.0,29301732.0,2408107.0,-0.007913,15394242.0,0.5253696948699141,,,,,,,,1801371000.0,,,0.0,0.0,0.0,0.0,,0.0,61.47660486417663,-306.15317626712135,0.0,0.0,0.0,0.0,0.0,0.0,0.0,-198.92327482851232,0.5253696948699141,0.0,0.0,0.0,0.0,0.0,0.0,0.0,0.0,0.0,0.0,REIT—Hotel & Motel,Real Estate,INN
