Quarters,Year,Quarter,FillingDate,Date,NetIncome,Revenue,OperatingIncome,EPSDiluted,GrossProfit,GrossProfitRatio,TotalAssets,CommonStockEquity,CurrentAssets,CurrentLiability,TotalLiability,Inventory,RetainedEarnings,MarketCap,EnterpriseValue,bookValuePerShare,currentRatio,debtToAssets,debtToEquity,roic,shareholdersEquityPerShare,roe,priceToSalesRatio,peRatio,pbRatio,payoutRatio,inventoryTurnover,dividendYield,assetTurnover,quickRatio,returnOnAssets,priceToFreeCashFlowsRatio,grossProfitMargin,epsdilutedGrowth,fiveYNetIncomeGrowthPerShare,fiveYRevenueGrowthPerShare,fiveYShareholdersEquityGrowthPerShare,grossProfitGrowth,netIncomeGrowth,operatingIncomeGrowth,threeYNetIncomeGrowthPerShare,threeYRevenueGrowthPerShare,threeYShareholdersEquityGrowthPerShare,Industry,Sector,Symbol
2023Q1,2023,Q1,2023-05-09,2023-03-31,17705000.0,4137000.0,-19709000.0,0.0328,414000.0,0.1000725163,158533000.0,64464000.0,146336000.0,14277000.0,94069000.0,8195000.0,-807542000.0,353205987.62,348175987.62,0.12958285421039206,10.249772361140296,0.2526603293951417,0.6213545544800199,-2.4609531179717474,0.12958285421039206,0.2746494167287168,85.37732357263718,4.987376272521886,5.479119937019111,0.0,0.4543014032946919,0.0,0.026095513236991667,9.234993345941025,0.11168021799877628,-17.744586165285103,0.10007251631617115,9.631578947368421,1.2190215132458733,-0.6130789661014652,2.348450750108341,-0.33117932148626816,8.563007261853908,-0.04496050050368485,1.1753425157321662,46.06546431725994,1.5392452124098024,Medical Devices,Healthcare,SENS
2022Q4,2022,Q4,2023-03-16,2022-12-31,-2341000.0,5571000.0,-18861000.0,-0.0038,619000.0,0.1111111111,177673000.0,-2576000.0,161200000.0,31471000.0,180249000.0,7306000.0,-808866000.0,481991049.25,518160049.25,-0.005504832515310449,5.1221759715293445,0.4050249615867352,-27.93555900621118,0.05298904305362649,-0.005504832515310449,0.9087732919254659,86.51786918865554,-51.47277330734728,-187.10832657220496,0.0,0.677799069258144,0.0,0.03135535506238989,4.653998919640304,-0.0131758905404873,-27.630764116601696,0.1111111111111111,0.9827272727272728,0.9593775144838913,-0.4390463757240492,-1.1038312827961674,-0.18121693121693122,0.9773187486072491,-0.07353861915874552,0.9719557372262013,-0.7290430018672898,0.870321717824165,Medical Devices,Healthcare,SENS
2022Q3,2022,Q3,2022-11-08,2022-09-30,-103213000.0,4622000.0,-17569000.0,-0.22,756000.0,0.163565556,182670000.0,-15065000.0,169294000.0,57648000.0,197735000.0,7257000.0,-820427000.0,623667986.0400001,688497986.0400001,-0.03188523452400616,2.936684707188454,0.5491542125143701,-6.658745436442084,-0.3379951360059945,-0.03188523452400616,6.8511782276800535,134.9346572998702,-1.5106333166364703,-41.39847235579157,0.0,0.5327270221854761,0.0,0.02530245798434335,2.718082153760755,-0.5650243608693272,-42.635219171452015,0.1635655560363479,-1.5945945945945945,-0.5511541181185585,-0.3986871745759393,-1.184717514849676,-0.0825242718446602,-1.457711376597575,-0.03128668701573139,-1.2095357113813718,-0.5532899738374455,-1.2480970122082033,Medical Devices,Healthcare,SENS
2022Q2,2022,Q2,2022-08-09,2022-06-30,225498000.0,3714000.0,-17036000.0,0.37,824000.0,0.2218632202,175325000.0,15941000.0,158296000.0,31469000.0,159384000.0,7251000.0,-760036000.0,478057920.09000003,501913920.09000003,0.034345691829368474,5.030220216721218,0.39515756452302864,4.346088702088953,-0.41421507512445094,0.034345691829368474,14.145787591744558,128.71780293214863,0.5300023947995104,29.98920519979926,0.0,0.3985657150737829,0.0,0.021183516326821618,4.561504973148177,1.2861713959788963,-33.53380472011785,0.22186322024771135,0.1935483870967742,5.071234696470677,0.019321186144047944,-0.7039154822320364,0.5635673624288425,0.19566692824874335,-0.12374670184696569,3.7676181399257853,-0.6925430443216319,-0.5993134731490798,Medical Devices,Healthcare,SENS
2022Q1,2022,Q1,2022-05-10,2022-03-31,188596000.0,2481000.0,-15160000.0,0.31,527000.0,0.2124143491,188097000.0,-89469000.0,160577000.0,31484000.0,277566000.0,7153000.0,-864267000.0,898207485.42,923815485.42,-0.19622852499117618,5.100273154618219,0.34354083265549157,-0.7222501648615721,1.4010821041286738,-0.19622852499117618,-2.1079480043366976,362.0344560338573,1.1906502330643278,-10.039315130603898,0.0,0.27317209562421363,0.0,0.01319000303035136,4.641500444670308,1.0026528865425817,-44.25539443338589,0.2124143490528013,0.0,3.9712524934346773,-0.07597445852958787,-0.09411069471549656,2.091097308488613,0.031644704093298545,-0.08712800286841162,3.527284612865174,-0.7186997681223246,-1.7901748856225537,Medical Devices,Healthcare,SENS
2021Q4,2021,Q4,2022-03-01,2021-12-31,182811000.0,4008000.0,-13945000.0,0.31,-483000.0,-0.120508982,198928000.0,-185535000.0,144413000.0,18394000.0,384463000.0,6316000.0,-950985000.0,1189160082.36,1219327082.36,-0.41657843830149,7.851092747635098,0.31985441968953593,-0.3429433799552645,0.24952409238729586,-0.41657843830149,-0.9853181340447894,296.6966273353293,1.6262151653346897,-6.409357169051661,0.0,0.711051298290057,0.0,0.020147993243786695,7.193758834402523,0.9189807367489745,-99.61133207907521,-0.12050898203592815,0.7222222222222223,4.674434938350794,2.0618390426278075,-7.021153339702096,0.6123595505617978,3.2599384816143915,0.13012288690661844,4.199211996540411,-0.7783679577933639,-2.034440567692015,Medical Devices,Healthcare,SENS
2021Q3,2021,Q3,2021-11-09,2021-09-30,42914000.0,3532000.0,-16031000.0,0.18,-1246000.0,-0.3527746319,219624000.0,-266646000.0,158060000.0,19891000.0,486270000.0,7878000.0,-1035418000.0,1509832464.1200001,1526770464.1200001,-0.5986955251534163,7.946307375194812,0.2875323279787273,-0.2368271041005678,0.18779084997472759,-0.5986955251534163,-0.1609399728478957,427.47238508493774,8.795687095819547,-5.662310569519138,0.0,0.6064991114496066,0.0,0.01608203110771136,7.381629882861596,0.19539758860598114,-108.65230743523317,-0.3527746319365798,1.2249999999999999,1.7989817011679239,19.015771288856634,-14.233103794237854,-4.178571428571429,1.2380065000610074,-0.008873505349276275,1.5329304683148508,-0.7288916800771926,-2.3781022595297845,Medical Devices,Healthcare,SENS
2021Q2,2021,Q2,2021-08-09,2021-06-30,-180306000.0,3289000.0,-15890000.0,-0.8,392000.0,0.1191851627,235125000.0,-312640000.0,179231000.0,20020000.0,547765000.0,8816000.0,-1078331000.0,1658268879.36,1649789879.36,-0.7239704097102402,8.952597402597403,0.2606060606060606,-0.1959921954964176,0.12126780502601107,-0.7239704097102402,0.5767208290685772,504.18634215871083,-2.2992425090679176,-5.304084184237461,0.0,0.3286070780399274,0.0,0.013988304093567251,8.307192807192807,-0.7668516746411483,-116.90298761790623,0.11918516266342354,0.40298507462686567,-2.1812765242034793,36.17606835549654,-5.643971086075311,-0.25475285171102663,0.2773712096315237,-0.4042064333686815,-0.7829759219953651,-0.7082836674652817,-1.950318153074545,Medical Devices,Healthcare,SENS
2021Q1,2021,Q1,2021-05-13,2021-03-31,-249514000.0,2846000.0,-11316000.0,-1.34,526000.0,0.1848208011,195947000.0,-185899000.0,191331000.0,15688000.0,381846000.0,6584000.0,-898025000.0,961684503.12,841966503.12,-0.5103267843120903,12.196009688934216,0.3005506591067993,-0.3167956793742839,0.17528723396649307,-0.5103267843120903,1.3422019483698138,337.9074150105411,-0.9635576592095033,-5.17315587023061,0.0,0.35236938031591736,0.0,0.014524335662194368,11.498342682304946,-1.2733749432244434,-59.11146985801217,0.1848208011243851,-0.6341463414634149,-3.604014316731888,0.0,-2.9149299976214933,-0.7958074534161491,-0.2931000528612444,-0.09800116437026975,-3.215283419701647,-0.6364930388020352,-4.310506079675689,Medical Devices,Healthcare,SENS
2020Q4,2020,Q4,2021-03-05,2020-12-31,-192958000.0,3885000.0,-10306000.0,-0.82,2576000.0,0.6630630631,35918000.0,-144083000.0,30246000.0,16638000.0,180001000.0,5281000.0,-648511000.0,206197972.1016,249404972.1016,-0.6091794119978414,1.8178867652362063,1.7042151567459212,-0.42483846116474533,0.23839710705932615,-0.6091794119978414,1.3392142029247032,53.075411094362934,-0.26715395591475866,-1.4311054885142591,0.0,0.2478697216436281,0.0,0.10816303803107077,1.2616300036062027,-5.3721810791246725,-24.99975413452958,0.6630630630630631,-4.466666666666667,-1.0395558183377407,0.0,-3.85615783742245,2.6852646638054365,-7.236213078367765,0.17340391401989091,-5.624637082821444,-0.2260390545558568,-12.4902460020046,Medical Devices,Healthcare,SENS
2020Q3,2020,Q3,2020-11-09,2020-09-30,-23428000.0,767000.0,-12468000.0,-0.15,699000.0,0.9113428944,44063000.0,-54782000.0,35765000.0,10102000.0,98845000.0,4284000.0,-546879000.0,91604123.1876,125830123.1876,-0.23161696069672166,3.540388041971887,1.3711730930712842,-1.1028805081961228,-2.8572573741302767,-0.23161696069672166,0.42765872001752403,119.4317121089961,-0.9775068634497183,-1.6721573361250046,0.0,0.015873015873015872,0.0,0.01740689467353562,2.6423480498911105,-0.5316932573814765,-6.836128596089552,0.9113428943937418,-12.157894736842104,-4965.974005895295,0.0,-447.0360370127359,1.6115485564304461,-2.1174983366600135,0.004630368832827718,0.2966560449040585,-0.8006676049297106,-2.341803189332729,Medical Devices,Healthcare,SENS
2020Q2,2020,Q2,2020-08-10,2020-06-30,-7515000.0,261000.0,-12526000.0,-0.0114,-1143000.0,-4.3793103448,40837000.0,-39605000.0,32105000.0,12280000.0,80442000.0,4150000.0,-523451000.0,85919186.34,126458186.34,-0.17977300132798255,2.614413680781759,1.5166638097803462,-1.5638429491225856,-0.1808739559523063,-0.17977300132798255,0.18974876909481125,329.1922848275862,-2.8582563652694613,-2.169402508269158,0.0,0.3383132530120482,0.0,0.006391262825378946,1.7969869706840391,-0.18402429169625584,-5.112107237460582,-4.379310344827586,0.9430000000000001,-73.99713682695622,0.0,-360.703029804664,0.9417846592645411,0.8182807399347116,0.7142205288494444,0.7141552803234721,-0.8490867391354244,-2.5497723170153392,Medical Devices,Healthcare,SENS
2020Q1,2020,Q1,2020-06-09,2020-03-31,-41355000.0,36000.0,-43831000.0,-0.2,-19634000.0,-545.3888888889,35269000.0,-48961000.0,30536000.0,17861000.0,84230000.0,4995000.0,-515936000.0,129073074.52899998,175467074.52899998,-0.24030413479483034,1.7096467163092772,1.842949899345034,-1.3275668389126039,-2.5396560558893326,-0.24030413479483034,0.8446518657707155,3585.3631813611105,-0.7802749034518195,-2.636242612058577,0.0,3.937937937937938,0.0,0.0010207264169667413,1.098426739824198,-1.172559471490544,-4.428196601104706,-545.3888888888889,-0.11111111111111122,-11201.567603146741,0.0,-5696.363700683561,-1.381322013341419,-0.13784564589352044,-0.2567307968001835,-0.4579966125204412,-0.9699958643379887,-0.3398629168475932,Medical Devices,Healthcare,SENS
2019Q4,2019,Q4,2020-03-16,2019-12-31,-36345000.0,8952000.0,-34877000.0,-0.18,-8245000.0,-0.921023235,132801000.0,-8649000.0,127758000.0,126708000.0,141450000.0,16929000.0,-473343000.0,186631312.18400002,207640312.18400002,-0.04244991854415734,1.0082867695804527,0.880618368837584,-13.521447566192624,-0.3265856017685463,-0.04244991854415734,4.202219909816164,20.848001807864165,-1.2837481922135097,-21.57836885004047,0.0,1.0158308228483668,0.0,0.0674091309553392,0.8399153960286644,-0.2736801680710236,-5.3854079406723425,-0.9210232350312779,-3.6511627906976742,-6207.115087268595,0.0,-1763.3605319217236,-1.468562874251497,-0.8639417406020822,-0.11200739701568678,-0.5968824059463986,13.94908951417249,0.18263339003128692,Medical Devices,Healthcare,SENS
2019Q3,2019,Q3,2019-11-12,2019-09-30,-19499000.0,4319000.0,-31364000.0,-0.0387,-3340000.0,-0.7733271591,167046000.0,25347000.0,161572000.0,21958000.0,141699000.0,19862000.0,-437732000.0,194955349.68150002,155311349.68150002,0.12851922012365072,7.358229346935058,0.5443769979526597,3.5876435081074685,-0.10501354316020836,0.12851922012365072,-0.7692823608316566,45.13900201007178,-2.499555742364993,7.691456570067465,0.0,0.38561071392609003,0.0,0.02585515367024652,6.243054923034885,-0.11672832632927457,-5.4386918953718695,-0.7733271590645983,0.758125,-417.08130712932876,0.0,808.5583073543,0.26641774654074235,0.3724979082190899,0.0949124173953193,0.1801757638371069,54.27203017392663,1.840689646068365,Medical Devices,Healthcare,SENS
2019Q2,2019,Q2,2019-08-07,2019-06-30,-31074000.0,4607000.0,-34653000.0,-0.16,-4553000.0,-0.9882787063,98396000.0,15173000.0,93976000.0,33604000.0,83223000.0,16787000.0,-418233000.0,343404244.18,326269244.18,0.08571711182629099,2.796571836686109,0.48946095369730475,3.174125090621499,-0.4807504457588557,0.08571711182629099,-2.047979964410466,74.53966663338399,-2.7627940093003795,22.63258710736176,0.0,0.5456603324000715,0.0,0.046821008984105045,2.1187358647780026,-0.31580552054961586,-9.55253954713622,-0.988278706316475,0.0,-384.9530525820525,0.0,173.4627103327373,-0.37552870090634444,-0.072923140667081,-0.16410239183015318,-0.33754437972970963,126.03915442196151,-0.4501601397459035,Medical Devices,Healthcare,SENS
2019Q1,2019,Q1,2019-05-09,2019-03-31,-28962000.0,3423000.0,-29768000.0,-0.16,-3310000.0,-0.9669880222,129401000.0,43944000.0,125110000.0,27459000.0,85457000.0,14370000.0,-387159000.0,408764007.96000004,356607007.96000004,0.24833556287551967,4.5562474962671615,0.39812675327084024,1.1723557254687784,-0.3005555597660548,0.24833556287551967,-0.6590660841070454,119.41688809815952,-3.528451142531593,9.301929909885308,0.0,0.4685455810716771,0.0,0.026452654925386974,3.8862303798390325,-0.22381589013995254,-13.339991121989428,-0.9669880222027462,-3.0278833967046896,-9032.300641222932,0.0,5888.780594053447,0.33600802407221664,-3.073156764495347,-0.04040262826785964,-0.10011558724957191,0.0,-0.06815547714671505,Medical Devices,Healthcare,SENS
2018Q4,2018,Q4,2019-03-15,2018-12-31,13970000.0,7185000.0,-28612000.0,0.0789,-4985000.0,-0.6938065414,159973000.0,71261000.0,158106000.0,28886000.0,88712000.0,10231000.0,-357794000.0,458311160.44,372404160.44,0.4027089146657657,5.473447344734473,0.3180911778862683,0.7140792298732828,0.44667258472894084,0.4027089146657657,0.19603990962798726,63.787217876130825,8.20170294273443,6.431444414757019,0.0,1.1895220408562213,0.0,0.044913829208678965,4.989579727203489,0.0873272364711545,-19.112225206005004,-0.6938065414057063,1.3430434782608696,2748.5136533921677,0.0,16738.928817229837,-0.9291795665634675,1.4381920265989148,-0.24535364526659412,1.1973676948593648,0.0,4.2102497452113115,Medical Devices,Healthcare,SENS
2018Q3,2018,Q3,2018-11-08,2018-09-30,-31881000.0,5158000.0,-22975000.0,-0.23,-2584000.0,-0.500969368,183331000.0,76605000.0,181854000.0,22724000.0,106726000.0,10001000.0,-350473000.0,800549890.5,696001890.5,0.43443476056536917,8.002728392888576,0.2862800072000916,0.6851249918412636,-0.22755711155754865,0.43443476056536917,-0.4161738789896221,155.20548478092283,-6.2776409969888025,10.450360818484432,0.0,0.7741225877412259,0.0,0.0281349035351359,7.354779088188699,-0.17389857689097862,-29.3919995043507,-0.5009693679720822,0.28125,-763.550681813624,0.0,2730.797142874807,-10.962962962962964,0.01892540620384047,-0.14508572567783093,-9065.164246062652,0.0,841.3634512722443,Medical Devices,Healthcare,SENS
2018Q2,2018,Q2,2018-08-08,2018-06-30,-32496000.0,3623000.0,-20064000.0,-0.32,-216000.0,-0.0596191002,208668000.0,105716000.0,207465000.0,25035000.0,102952000.0,8400000.0,-318592000.0,570335958.0300001,440495958.0300001,0.7618189838508226,8.286998202516477,0.25920601146318556,0.5116349464603277,-0.17350768240603426,0.7618189838508226,-0.30738960989821784,157.4209103036158,-4.3877397066562045,5.394982387055886,0.0,0.4570238095238095,0.0,0.017362508865758047,7.783902536448972,-0.15573063430904596,-28.472665270330992,-0.059619100193210046,-0.523809523809524,-513.8517837288958,0.0,1533.7787408901754,0.40331491712707185,-0.45898621649530824,-0.2597475984177811,-513.8517837288958,0.0,1533.7787408901754,Medical Devices,Healthcare,SENS
2018Q1,2018,Q1,2018-05-10,2018-03-31,-22273000.0,2946000.0,-15927000.0,-0.21,-362000.0,-0.1228784793,77821000.0,-13172000.0,76807000.0,21482000.0,90993000.0,5248000.0,-286096000.0,411207024.0,406342024.0,-0.09609758027868706,3.5754119728144493,0.7200755580113337,-4.25425144245369,-0.47664852168913746,-0.09609758027868706,1.6909353173398116,139.58147454175153,-4.615532528173124,-31.218267840874585,0.0,0.6303353658536586,0.0,0.03785610567841585,3.1747509542873105,-0.28620809293121396,-20.047144305772232,-0.12287847929395791,-0.75,-8967.46322119192,0.0,-2277.374719064944,0.6804942630185349,-0.3194905213270142,-0.016400765794511805,-8967.46322119192,0.0,-2277.374719064944,Medical Devices,Healthcare,SENS
2017Q4,2017,Q4,2018-03-13,2017-12-31,-16880000.0,2909000.0,-15670000.0,-0.12,-1133000.0,-0.3894809213,45944000.0,7267000.0,44915000.0,23140000.0,38677000.0,2991000.0,-263823000.0,364603561.28000003,372867561.28000003,0.05301709048627535,1.9410112359550562,0.5313860351732544,3.3595706618962433,-0.511890078256347,0.05301709048627535,-2.3228292280170635,125.33639095221727,-5.399934260663508,50.17250052015963,0.0,1.3513874958207956,0.0,0.06331621103952638,1.7215211754537598,-0.3674037959254745,-22.317656930893065,-0.38948092127878997,0.14285714285714296,-4284.853231907864,0.0,2204.5675256715335,-0.3174418604651163,0.07012614994766705,0.05630834086118639,-4284.853231907864,0.0,2204.5675256715335,Medical Devices,Healthcare,SENS
2017Q3,2017,Q3,2017-10-31,2017-09-30,-18153000.0,2097000.0,-16605000.0,-0.14,-860000.0,-0.4101096805,60138000.0,22250000.0,59075000.0,20179000.0,37888000.0,2413000.0,-247548000.0,411186795.58,405744795.58,0.17261619478777912,2.9275484414490314,0.4047524028068775,1.0939775280898876,-0.37195275120809485,0.17261619478777912,-0.8158651685393259,196.0833550691464,-5.662793967663746,18.480305419325845,0.0,1.225445503522586,0.0,0.03486979946123915,2.7138609445463104,-0.3018557318168213,-26.787413392833876,-0.4101096804959466,-0.07692307692307698,-594.5343621713864,0.0,1085.6443197417632,0.044444444444444446,-0.46702763859705837,-0.4264238467485611,-594.5343621713864,0.0,1085.6443197417632,Medical Devices,Healthcare,SENS
2017Q2,2017,Q2,2017-08-09,2017-06-30,-12374000.0,814000.0,-11641000.0,-0.13,-900000.0,-1.1056511057,47155000.0,12028000.0,46175000.0,15244000.0,35127000.0,3383000.0,-230169000.0,186641989.20000002,177431989.20000002,0.11599962094703178,3.0290606140120704,0.5142190647863429,2.0159627535749918,-0.33934883306690494,0.11599962094703178,-1.0287662121715997,229.28991302211304,-3.7708499515112335,15.517292085134686,0.0,0.5066509015666568,0.0,0.017262220337185875,2.77027027027027,-0.2624111971158944,-14.635143824982359,-1.1056511056511056,0.13333333333333328,-261.3702019467971,0.0,234.3910767623319,-0.8292682926829268,0.0534689818710319,0.060982495765104464,-261.3702019467971,0.0,234.3910767623319,Medical Devices,Healthcare,SENS
2017Q1,2017,Q1,2017-05-04,2017-03-31,-13073000.0,553000.0,-12397000.0,-0.15,-492000.0,-0.8896925859,16227000.0,-16842000.0,15421000.0,10983000.0,33069000.0,507000.0,-217795000.0,168091525.20000002,180477525.20000002,-0.17934979151465275,1.4040790312300828,1.4886916866950144,-1.4343308395677472,-1.7630891534492923,-0.17934979151465275,0.7762142263389146,303.962975045208,-3.214478795991739,-9.980496686854293,0.0,2.0611439842209074,0.0,0.03407900412892093,1.2908130747518893,-0.8056325876625378,-14.435891892820338,-0.8896925858951176,-0.3636363636363636,-7682.534726312459,0.0,-4251.198959344454,-1.0847457627118644,-0.24623450905624406,-0.31296335522135144,-7682.534726312459,0.0,-4251.198959344454,Medical Devices,Healthcare,SENS
2016Q4,2016,Q4,2017-02-23,2016-12-31,-10490000.0,276000.0,-9442000.0,-0.11,-236000.0,-0.8550724638,22271000.0,-4877000.0,21431000.0,11625000.0,27148000.0,477000.0,-204722000.0,250728699.6,256826699.6,-0.05193498000338211,1.84352688172043,0.8596380943828297,-3.9255689973344268,-0.6927196435259823,-0.05193498000338211,2.1509124461759277,908.4373173913043,-5.975421820781697,-51.4104366618823,0.0,1.0733752620545074,0.0,0.012392797808809662,1.7710967741935484,-0.4710161196174397,-24.47088616045286,-0.855072463768116,0.0833333333333333,-3886.6469952647085,0.0,-2157.5913963249113,-2.064935064935065,0.06854910317883146,0.10178843226788432,-3886.6469952647085,0.0,-2157.5913963249113,Medical Devices,Healthcare,SENS
2016Q3,2016,Q3,2016-11-03,2016-09-30,-11262000.0,37000.0,-10512000.0,-0.12,-77000.0,-2.0810810811,28014000.0,4225000.0,26594000.0,10593000.0,23789000.0,329000.0,-194757000.0,364205942.09999996,362437942.09999996,0.04524226020309074,2.510525818937034,0.5257371314342829,3.4859171597633134,-0.5713879049192107,0.04524226020309074,-2.665562130177515,9843.403840540539,-8.084841549014385,86.20258984615384,0.0,0.3465045592705167,0.0,0.001320768187334904,2.4234872085339374,-0.4020132790747483,-34.6532770789724,-2.081081081081081,0.07692307692307698,-508.9645615334785,0.0,285.2824834708694,-4.133333333333334,0.07476174827472888,0.08987012987012986,-508.9645615334785,0.0,285.2824834708694,Medical Devices,Healthcare,SENS
2016Q2,2016,Q2,2016-08-09,2016-06-30,-12172000.0,19000.0,-11550000.0,-0.13,-15000.0,-0.7894736842,38684000.0,14458000.0,37425000.0,9567000.0,24226000.0,324000.0,-183870000.0,364476441.21000004,342905441.21000004,0.1558946850209781,3.911884603323926,0.3779081790921311,1.0111357034167934,-0.40763646386871516,0.1558946850209781,-0.8418868446534791,19182.97059,-7.485960425772264,25.209326408216906,0.0,0.10493827160493827,0.0,0.0004911591355599214,3.782795024563604,-0.314652052528177,-35.48251958820094,-0.7894736842105263,0.13333333333333328,-287.55345544500415,0.0,314.6598904507167,0.0,-0.058066759388038944,-0.05691800878477306,-287.55345544500415,0.0,314.6598904507167,Medical Devices,Healthcare,SENS
2016Q1,2016,Q1,2016-05-12,2016-03-31,-11504000.0,0.0,-10928000.0,-0.15,0.0,0.0,39276000.0,20607000.0,38825000.0,10395000.0,18669000.0,274000.0,-172008000.0,221149185.39999998,193688185.39999998,0.26649892421444116,3.734968734968735,0.2520877889805479,0.48046780220313484,-0.3673988740728327,0.26649892421444116,-0.5582569029941282,0.0,-4.80591936283032,10.731750638132674,0.0,0.0,0.0,0.0,3.594227994227994,-0.2929015174661371,-29.616872291415557,0.0,0.625,-8210.228661714835,0.0,6319.4151965879555,0.0,0.6280625632134411,0.6196319347253871,-8210.228661714835,0.0,6319.4151965879555,Medical Devices,Healthcare,SENS
2015Q4,2015,Q4,2016-02-19,2015-12-31,-30929933.0,0.0,-28730067.0,-0.4,0.0,0.0,5400000.0,-9700000.0,5000000.0,7300000.0,15100000.0,0.0,-160800000.0,251305892.5,257205892.5,-0.1254447306682234,0.684931506849315,1.3703703703703705,-0.7628865979381443,12.951931195550307,-0.1254447306682234,3.188652886597938,0.0,-2.031251510470456,-25.90782396907216,0.0,0.0,0.0,0.0,0.5342465753424658,-5.727765370370371,-9.792919199594733,0.0,0.0,-13919.787063708278,0.0,-5212.902389431723,0.0,-16937.62705366922,-16332.181921546333,-13919.787063708278,0.0,-5212.902389431723,Medical Devices,Healthcare,SENS
2015Q3,2015,Q3,2015-11-13,2015-09-30,-1826.0,0.0,-1759.0,0.0,0.0,0.0,1807.0,-47335.0,1807.0,40142.0,49142.0,0.0,-185335.0,297583146.25,297590339.25,-0.0005169605602286356,0.04501519605400827,4.980630879911455,-0.19013415020597865,0.045884961523412024,-0.0005169605602286356,0.03857610647512411,0.0,-40742.48990279299,-6286.746514207246,0.0,0.0,0.0,0.0,0.04501519605400827,-1.0105146651909243,-36339.37553425327,0.0,1.0,0.9156698840807278,0.0,-2.24835300576448,0.0,0.9561553053041035,0.9577640646385094,0.9156698840807278,0.0,-2.24835300576448,Medical Devices,Healthcare,SENS
2015Q2,2015,Q2,2015-09-18,2015-06-30,-41647.0,0.0,-41647.0,-0.0005,0.0,0.0,996.0,-45509.0,996.0,46505.0,46505.0,0.0,-70509.0,297583146.25,297582150.25,-0.0004970182346138159,0.02141705192990001,0.0,0.0,0.9151376650772375,-0.0004970182346138159,0.9151376650772375,0.0,-1786.342030938603,-6538.995500889934,0.0,0.0,0.0,0.0,0.02141705192990001,-41.81425702811245,-21669.201649311875,0.0,0.0,0.0,0.0,0.0,0.0,-24.103676913803497,-24.103676913803497,0.0,0.0,0.0,Medical Devices,Healthcare,SENS
2015Q1,2015,Q1,2015-05-15,2015-03-31,-1659.0,0.0,-1659.0,0.0,0.0,0.0,14729.0,-3862.0,14729.0,18591.0,18591.0,0.0,-28862.0,297583146.25,297568417.25,-4.217812788851781e-05,0.7922650744984132,0.0,0.0,0.4295701708959089,-4.217812788851781e-05,0.4295701708959089,0.0,-44843.753202230255,-77054.15490678405,0.0,0.0,0.0,0.0,0.7922650744984132,-0.11263493787765633,-121017.95292801951,0.0,0.0,0.0,0.0,0.0,0.0,0.3694412770809578,0.3694412770809578,0.0,0.0,0.0,Medical Devices,Healthcare,SENS
2014Q4,2014,Q4,2015-02-17,2014-12-31,-2631.0,0.0,-2631.0,0.0,0.0,0.0,17188.0,-2203.0,17188.0,19391.0,19391.0,0.0,-27203.0,297583146.25,297565958.25,-2.4059662283377717e-05,0.8863905935743386,0.0,0.0,1.194280526554698,-2.4059662283377717e-05,1.194280526554698,0.0,-28276.61975009502,-135080.86529732184,0.0,0.0,0.0,0.0,0.8863905935743386,-0.15307191063532696,-133385.542917974,0.0,1.0,0.0,0.0,0.0,0.0,0.8784925876321987,0.8784925876321987,0.0,0.0,0.0,Medical Devices,Healthcare,SENS
2014Q3,2014,Q3,2014-12-18,2014-09-30,-21653.0,0.0,-21653.0,-0.0002,0.0,0.0,4419.0,-14572.0,4419.0,18991.0,18991.0,0.0,-24572.0,297583146.25,297578727.25,-0.00015914543749132097,0.23268916855352537,0.0,0.0,1.4859319242382651,-0.00015914543749132097,1.4859319242382651,0.0,-3435.818896342308,-20421.571935904474,0.0,0.0,0.0,0.0,0.23268916855352537,-4.899977370445802,-53320.75725676402,0.0,0.0,0.0,0.0,0.0,0.0,0.0,0.0,0.0,0.0,0.0,Medical Devices,Healthcare,SENS
