Year,Date,FillingDate,NetIncome,Revenue,OperatingIncome,EPSDiluted,GrossProfit,GrossProfitRatio,TotalAssets,CommonStockEquity,CurrentAssets,CurrentLiability,TotalLiability,Inventory,RetainedEarnings,EnterpriseValue,bookValuePerShare,currentRatio,debtToAssets,debtToEquity,roic,shareholdersEquityPerShare,roe,priceToSalesRatio,peRatio,pbRatio,payoutRatio,inventoryTurnover,dividendYield,assetTurnover,quickRatio,returnOnAssets,priceToFreeCashFlowsRatio,grossProfitMargin,epsdilutedGrowth,fiveYNetIncomeGrowthPerShare,fiveYRevenueGrowthPerShare,fiveYShareholdersEquityGrowthPerShare,grossProfitGrowth,netIncomeGrowth,operatingIncomeGrowth,threeYNetIncomeGrowthPerShare,threeYRevenueGrowthPerShare,threeYShareholdersEquityGrowthPerShare,Industry,Sector,Price,MarketCap,AvgVolume,Symbol
2022,2022-12-31,2023-02-22,48278000.0,1387420000.0,39162000.0,0.5,160755000.0,0.11586614,1222853000.0,765977000.0,517936000.0,231290000.0,339125000.0,41164000.0,-311194000.0,1102496638.1599998,6.873747735610925,2.2393358986553675,0.06554998842869912,0.10464805079003678,0.0422954932214605,6.873747735610925,0.06302800214627854,0.7421405473180436,21.32774013339409,1.344244850902834,0.12469447781598243,29.799460693810126,0.005846586512967728,1.134576273681301,1.9127156383760646,0.039479806648877666,-26.638569791736735,0.1158661400296954,2.0416666666666665,1.8489948789445483,-0.4075218806719433,-0.6550451434075525,6.706375838926174,1.9693209653455408,1.612164506901349,8.7206336742428,-0.1054400521067937,-0.319356119639413,Oil & Gas Equipment & Services,Energy,8.215,909145835,973750,WTTR
2021,2021-12-31,2022-02-23,-49806000.0,764620000.0,-63973000.0,-0.48,20860000.0,0.0272815255,950192000.0,592096000.0,394786000.0,162040000.0,255018000.0,44456000.0,-359472000.0,626290618.64,5.720924002040338,2.4363490496173785,0.07083620994493744,0.11367751175485057,-0.08829133430847574,5.720924002040338,-0.08411811598119225,0.8432732842980827,-12.945902474400675,1.0889849258228397,0.0,16.73025013496491,0.0,0.8047005236836344,1.9676869908664527,-0.052416774715004964,-11.464450386543863,0.027281525463628994,0.8787878787878788,-30.07046942786437,0.6451888668356972,2.417881628957392,1.7127968563130018,0.876021825495604,0.837951552395403,-2.3970203454427845,-0.48782928722226165,-0.2719885221420806,Oil & Gas Equipment & Services,Energy,8.215,909145835,973750,WTTR
2020,2020-12-31,2021-02-24,-401732000.0,605105000.0,-394777000.0,-3.96,-29265000.0,-0.0483635072,875359000.0,593061000.0,351505000.0,88758000.0,169477000.0,33384000.0,-317247000.0,321928446.49999994,5.849889423309056,3.960262736880056,0.08603327320562192,0.12698525109558714,-0.5288986310928804,5.849889423309056,-0.6773873176620955,0.6869178844993843,-1.0346635231945673,0.7008679486595814,0.0,19.002216630721303,0.0,0.6912649552926285,3.3630771310755088,-0.45893399165371007,4.914893361790684,-0.048363507159914394,-89.78923766816143,0.0,-0.34880159362638247,0.07778882956393708,-1.1967527228721258,-98.13056092843327,-18.10917049492936,-6.765379022548325,-0.7159691339131775,-0.7064268511564893,Oil & Gas Equipment & Services,Energy,8.215,909145835,973750,WTTR
2019,2019-12-31,2020-02-25,4136000.0,1291589000.0,23074000.0,0.0446,148740000.0,0.1151604729,1347620000.0,937177000.0,415601000.0,151881000.0,234808000.0,37542000.0,21437000.0,873502000.0,10.098890086206897,2.7363593866250553,0.06796129472700019,0.09772540299217757,0.013998757971541901,10.098890086206897,0.0044132538463918765,0.6667631885994694,208.2166344294004,0.9189128627783225,1.2088974854932302,30.441878429492302,0.00580596016646849,0.9584222555319749,2.3147925020246114,0.0030691144387883823,9.180576728319386,0.11516047287488512,-0.9089795918367347,0.0,0.5184855290680336,0.8606284902648389,-0.2506121461895789,-0.8867221735319895,-0.6258715179816454,3.877561757116408,2.099362815965392,5.033432866123766,Oil & Gas Equipment & Services,Energy,8.215,909145835,973750,WTTR
2018,2018-12-31,2019-03-01,36512000.0,1528930000.0,61674000.0,0.49,198482000.0,0.12981758484691908,1360605000.0,832934000.0,432152000.0,179719000.0,249832000.0,44992000.0,18653000.0,715337171.9200001,7.858288194677129,2.404598289552023,0.04607509159528298,0.07526406654068629,0.06547304521253593,7.858288194677129,0.04383540592651999,0.43813920318130983,18.346959134531115,0.8042464011794452,0.0,29.57076813655761,0.0,1.1237133481061734,2.003499908190008,0.026835121140963026,9.9909643979776,0.12981758484691908,1.9607843137254901,0.0,0.573762745247048,0.44781800523782467,2.4351332641052266,3.1712654614652713,3.055868528950965,0.0,0.573762745247048,0.44781800523782467,Oil & Gas Equipment & Services,Energy,8.215,909145835,973750,WTTR
2017,2017-12-31,2018-03-19,-16816000.0,692491000.0,-29999000.0,-0.51,57780000.0,0.08343790749627071,1356368000.0,656647000.0,446516000.0,185193000.0,292999000.0,44598000.0,-17859000.0,694240581.4399999,19.92651387347193,2.411084652227676,0.07073596546070093,0.14611199015605036,-0.03786438020521678,19.92651387347193,-0.0256088887941314,0.8679832394067214,-35.74396892483349,0.9153633252569493,0.0,14.231826539306695,0.0,0.5105480223656117,2.073922880454445,-0.012397815342149033,-5.914826477204514,0.08343790749627071,-33.0,0.0,1.2927029563560157,2.67127863637983,2.3093727338651195,-15.122722914669223,0.8996598355035405,0.0,1.2927029563560157,2.67127863637983,Oil & Gas Equipment & Services,Energy,8.215,909145835,973750,WTTR
2016,2016-12-31,2016-12-31,-1043000.0,302399000.0,-298973000.0,-0.015,-44128000.0,-0.14592640848680055,405066000.0,112716000.0,124655000.0,46384000.0,70358000.0,1001000.0,-1043000.0,920018964.22,1.6738215722776444,2.6874568816833393,0.039366424237037914,0.1414705986727705,-2.0640270645633176,1.6738215722776444,-0.00925334468930764,3.122080311839656,-905.19076147651,8.376042125519003,0.0,346.1808191808192,0.0,0.7465425387467721,2.5023283890996897,-0.002574889030429609,-30.299880105908407,-0.14592640848680055,0.0,0.0,-0.5100652555918807,-0.6916136250207062,-4.603756635361372,0.0,-3.3472438311546684,0.0,-0.5100652555918807,-0.6916136250207062,Oil & Gas Equipment & Services,Energy,8.215,909145835,973750,WTTR
2015,2015-12-31,2015-12-31,0.0,535577000.0,-68773000.0,0.0,12245000.0,0.022863192407440946,650248000.0,317154000.0,107117000.0,65550000.0,322473000.0,701000.0,0.0,1070567944.6999999,5.427676797945535,1.6341266209000762,0.41160603339033724,0.8438991783171582,-0.11806801136060328,5.427676797945535,0.0,1.5296156196027835,0.0,2.583057267762664,0.0,746.5506419400856,0.005185376320301102,0.8236503610929984,1.46465293668955,0.0,8.366031930190047,0.022863192407440946,0.0,0.0,0.0,0.0,0.0,0.0,0.0,0.0,0.0,0.0,Oil & Gas Equipment & Services,Energy,8.215,909145835,973750,WTTR
TTM,,,,,,,,,,,,,,,,1038906835.0,6.294402934828247,2.4431027727102284,0.10565165430592599,0.1773735099026326,0.07180431116512817,6.294402934828247,0.07618428860940636,0.6023853249609241,18.56354675194619,1.3051277595440687,0.22715196105754046,32.15749400186065,0.018259281801582473,1.174277884803914,2.1034341834176677,0.041877390581769175,-17.988283472824044,0.1296928327645051,,,,,,,,,,,Oil & Gas Equipment & Services,Energy,8.215,909145835,973750,WTTR
