Year,Date,FillingDate,NetIncome,Revenue,OperatingIncome,EPSDiluted,GrossProfit,GrossProfitRatio,TotalAssets,CommonStockEquity,CurrentAssets,CurrentLiability,TotalLiability,Inventory,RetainedEarnings,EnterpriseValue,bookValuePerShare,currentRatio,debtToAssets,debtToEquity,roic,shareholdersEquityPerShare,roe,priceToSalesRatio,peRatio,pbRatio,payoutRatio,inventoryTurnover,dividendYield,assetTurnover,quickRatio,returnOnAssets,priceToFreeCashFlowsRatio,grossProfitMargin,epsdilutedGrowth,fiveYNetIncomeGrowthPerShare,fiveYRevenueGrowthPerShare,fiveYShareholdersEquityGrowthPerShare,grossProfitGrowth,netIncomeGrowth,operatingIncomeGrowth,threeYNetIncomeGrowthPerShare,threeYRevenueGrowthPerShare,threeYShareholdersEquityGrowthPerShare,Industry,Sector,Price,MarketCap,AvgVolume,Symbol
2022,2022-12-31,2023-02-22,-351511000.0,0.0,-367848000.0,-2.32,0.0,0.0,1017822000.0,521238000.0,905651000.0,72564000.0,496584000.0,-2046000.0,-967755000.0,5001069127.9,3.4458454492985138,12.480720467449425,0.36309983474517155,0.7090254355975582,-0.3991495787820946,3.4458454492985138,-0.6743771559249325,0.0,-13.572599798868314,9.153051250868126,0.0,0.0,0.0,0.0,12.321206107711813,-0.34535606422341036,-16.05607481936185,0.0,-0.3892215568862275,-1.3009025296330925,0.0,4.62879223864068,0.0,-0.5428043486848169,-0.6712918790720497,-1.3009025296330925,0.0,4.62879223864068,Biotechnology,Healthcare,30.105,4721457224,553921,CERE
2021,2021-12-31,2022-03-01,-227839000.0,0.0,-220098000.0,-1.67,0.0,0.0,688919000.0,578729000.0,578017000.0,42538000.0,110190000.0,-729000.0,-616244000.0,4271340297.12,4.237396971321633,13.58825050543044,0.05304977798551063,0.06315045556728624,-0.3414190543641509,4.237396971321633,-0.3936885830846562,0.0,-19.433948082286175,7.650923484256016,0.0,0.0,0.0,0.0,13.315553152475434,-0.33071957661205453,-23.42150075969722,0.0,0.19323671497584538,-0.6517775099002023,0.0,5.92179249915874,0.0,-0.49754177018837664,-0.47601867002870246,-0.6517775099002023,0.0,5.92179249915874,Biotechnology,Healthcare,30.105,4721457224,553921,CERE
2020,2020-12-31,2021-03-24,-152142000.0,0.0,-149116000.0,-2.07,0.0,0.0,445273000.0,384520000.0,390560000.0,29548000.0,60753000.0,0.0,-390910000.0,870382939.9999998,5.22140597205437,13.217815080546906,0.07412306607407142,0.08583428690315198,-0.3309268662543809,5.22140597205437,-0.3956673254967232,0.0,-8.025403504620682,3.1753899407052946,0.0,0.0,0.0,0.0,12.983044537701367,-0.3416825183651378,-8.93236674616296,0.0,-1.0495049504950493,-1.0455835624826495,0.0,7.529172257645748,0.0,-0.18500806143828522,-0.786612031678708,-1.0455835624826495,0.0,7.529172257645748,Biotechnology,Healthcare,30.105,4721457224,553921,CERE
2019,2019-12-31,2019-12-31,-128389000.0,0.0,-83463000.0,-1.01,0.0,0.0,120806000.0,77823000.0,87077000.0,14876000.0,42983000.0,0.0,-244298000.0,1461635052.6000001,0.6121820282588126,5.8535224522721165,0.23517871628892606,0.36507202240982745,-0.6200918252771079,0.6121820282588126,-1.6497564987214577,0.0,-11.782746595113288,19.438662768076277,0.0,0.0,0.0,0.0,5.347606883570853,-1.062770061089681,-21.06371646221752,0.0,0.0,0.4892619059457058,-1.0,1.0689876630632127,0.0,0.0,0.0,0.0,0.0,0.0,Biotechnology,Healthcare,30.105,4721457224,553921,CERE
2015,2015-08-31,2015-11-23,-28156000.0,2720000.0,-28177000.0,-4.566327051903615,-2547000.0,-0.9363970588235294,1356000.0,4213000.0,9766000.0,5222000.0,6909000.0,0.0,0.0,165746923.1,0.29588481322912025,1.8701646878590579,3.246312684365782,1.0448611440778544,-3.27057448852133,0.29588481322912025,-6.683123664846902,62.294089375,-6.0178975387128855,40.218353453596016,0.0,0.0,0.0,2.005899705014749,1.6606664113366527,-20.764011799410028,-7.178441073546856,-0.9363970588235294,-4.6385615675043255,0.04263855831349876,-0.49357661515546447,-0.932657726059366,-3.1280388978930307,0.03973261484942533,0.036914242745325905,0.04263855831349876,-0.49357661515546447,-0.932657726059366,Biotechnology,Healthcare,30.105,4721457224,553921,CERE
2014,2014-08-31,2014-11-20,-29321000.0,2404000.0,-29257000.0,-0.8098389983395552,-617000.0,-0.2566555740432612,3095000.0,27609000.0,29329000.0,4722000.0,4815000.0,84000.0,0.0,166104923.1,1.9390182312942752,6.211139347734011,1.3822294022617125,0.15494947299793546,-0.9174899535454561,1.9390182312942752,-1.0620087652577057,70.4824971297837,-5.778790733603902,6.137126411677352,0.0,35.964285714285715,0.0,0.7767366720516963,6.008470986869971,-9.473667205169628,-7.18666170844467,-0.2566555740432612,0.645319638157285,0.0030261815708942773,-0.5524110966300503,-0.5586867217595627,0.3842315369261477,0.0981206360923995,0.10227063516416078,0.0030261815708942773,-0.5524110966300503,-0.5586867217595627,Biotechnology,Healthcare,30.105,4721457224,553921,CERE
2013,2013-08-31,2013-11-26,-32511000.0,5243000.0,-32590000.0,-2.283292466862551,-1002000.0,-0.19111195880221246,4742000.0,33006000.0,32436000.0,3997000.0,4172000.0,20000.0,0.0,160794923.1,2.3180570010539623,8.115086314736052,0.8066216786166175,0.11588802035993456,-0.8848252162368304,2.3180570010539623,-0.9850027267769497,32.3173608811749,-5.211772110977823,5.133609740653215,0.0,312.25,0.0,1.1056516237874314,7.872904678508882,-6.85596794601434,-5.894177587226493,-0.19111195880221246,-0.04718857461104925,-0.10544032641958515,-0.023831688698566358,-0.47241891913492434,-1.3354536324070974,-0.10544032641958517,-0.1315186445385737,-0.10544032641958515,-0.023831688698566358,-0.47241891913492434,Biotechnology,Healthcare,30.105,4721457224,553921,CERE
2012,2012-08-31,2012-11-20,-29410000.0,5371000.0,-28802000.0,-2.180402386180178,2987000.0,0.5561347979892013,69247000.0,62561000.0,57568000.0,6342000.0,6686000.0,841000.0,-242073000.0,148760923.1,4.393745502118916,9.077262693156733,0.005632012939188701,0.00623391569827848,-0.4575771358676012,4.393745502118916,-0.4701011812471028,31.54718359709551,-5.761303063583815,2.708395375713304,0.0,2.8347205707491083,0.0,0.07756292691380132,8.73525701671397,-0.4247115398501018,-6.375434514806035,0.5561347979892013,0.0,0.0,0.0,0.0,0.0,0.0,0.0,0.0,0.0,0.0,Biotechnology,Healthcare,30.105,4721457224,553921,CERE
TTM,,,,,,,,,,,,,,,,4933984224.0,2.7559113049153114,13.354861254507044,0.39702583450225454,0.8556018058460676,-0.47807746263091394,2.7559113049153114,-0.7761416299549605,0.0,-12.09698063652874,10.923791323148233,0.0,0.0,0.0,0.0,13.186603554807249,-0.4190284249391355,-14.637681090046657,0.0,,,,,,,,,,,Biotechnology,Healthcare,30.105,4721457224,553921,CERE
