Quarters,Year,Quarter,FillingDate,Date,NetIncome,Revenue,OperatingIncome,EPSDiluted,GrossProfit,GrossProfitRatio,TotalAssets,CommonStockEquity,CurrentAssets,CurrentLiability,TotalLiability,Inventory,RetainedEarnings,MarketCap,EnterpriseValue,bookValuePerShare,currentRatio,debtToAssets,debtToEquity,roic,shareholdersEquityPerShare,roe,priceToSalesRatio,peRatio,pbRatio,payoutRatio,inventoryTurnover,dividendYield,assetTurnover,quickRatio,returnOnAssets,priceToFreeCashFlowsRatio,grossProfitMargin,epsdilutedGrowth,fiveYNetIncomeGrowthPerShare,fiveYRevenueGrowthPerShare,fiveYShareholdersEquityGrowthPerShare,grossProfitGrowth,netIncomeGrowth,operatingIncomeGrowth,threeYNetIncomeGrowthPerShare,threeYRevenueGrowthPerShare,threeYShareholdersEquityGrowthPerShare,Industry,Sector,Symbol
2023Q1,2023,Q1,2023-05-03,2023-03-31,-104286000.0,0.0,-99551000.0,-0.67,0.0,0.0,930345000.0,431709000.0,840782000.0,62957000.0,498636000.0,-3202000.0,-1072041000.0,3820653622.35,4033180622.35,2.7559113049153114,13.354861254507044,0.39702583450225454,0.8556018058460676,-0.11982787749542333,2.7559113049153114,-0.24156549898195312,0.0,-9.159076056110122,8.850067110831603,0.0,0.0,0.0,0.0,13.186603554807249,-0.11209390064975897,-40.10805931565521,0.0,-0.1355932203389832,-0.5905619953513838,0.0,0.0,0.0,-0.12367468321696405,0.07175958301863922,-0.5905619953513838,0.0,0.0,Biotechnology,Healthcare,CERE
2022Q4,2022,Q4,2023-02-22,2022-12-31,-92808000.0,0.0,-107247000.0,-0.59,0.0,0.0,1017822000.0,521238000.0,905651000.0,72564000.0,496584000.0,-2046000.0,-967755000.0,4932024952.54,5162175952.54,3.3332853499724195,12.480720467449425,0.36309983474517155,0.7090254355975582,-0.11652096367257242,3.3332853499724195,-0.17805301992563857,0.0,-13.285559845433582,9.462136207528998,0.0,0.0,0.0,0.0,12.321206107711813,-0.09118293768458532,-56.08907965859983,0.0,0.14492753623188404,-0.9523278836628359,0.0,-0.053933657665167035,0.0,0.11452042247474024,-0.12814390154105085,-0.9523278836628359,0.0,-0.053933657665167035,Biotechnology,Healthcare,CERE
2022Q3,2022,Q3,2022-11-08,2022-09-30,-104811000.0,0.0,-95065000.0,-0.69,0.0,0.0,1093712000.0,603362000.0,998658000.0,60020000.0,490350000.0,7578000.0,-874947000.0,4304129267.7,4425268267.7,3.9615469377181505,16.638753748750418,0.3380588308439516,0.61279795545626,-0.09892540973281658,3.9615469377181505,-0.1737116358007299,0.0,-10.266406359303891,7.13357696987878,0.0,0.0,0.0,0.0,16.506864378540488,-0.09583052942639378,-53.41701335012907,0.0,-0.16949152542372878,-29.263823470761633,0.0,2.5318497416105634,0.0,-0.19190092794759825,-0.02213835666516139,-29.263823470761633,0.0,2.5318497416105634,Biotechnology,Healthcare,CERE
2022Q2,2022,Q2,2022-08-01,2022-06-30,-87936000.0,0.0,-93006000.0,-0.59,0.0,0.0,596657000.0,452814000.0,540141000.0,56743000.0,143843000.0,6851000.0,-775009000.0,3920938731.04,3818080731.04,3.053453007368062,9.519077243007947,0.05926352996780395,0.0780894583648032,-0.17267258521453874,3.053453007368062,-0.1941989426121984,0.0,-11.147137494996361,8.659049258724332,0.0,0.0,0.0,0.0,9.378936608920924,-0.14738115868916313,-66.6962429584269,0.0,-0.3720930232558139,-1.8214853753386726,0.0,0.0,0.0,-0.37275593992943895,-0.2823107679580863,-1.8214853753386726,0.0,0.0,Biotechnology,Healthcare,CERE
2022Q1,2022,Q1,2022-05-10,2022-03-31,-64058000.0,0.0,-72530000.0,-0.43,0.0,0.0,618552000.0,521499000.0,553550000.0,35318000.0,97053000.0,9712000.0,-684538000.0,5180952259.259999,5125160259.259999,3.5240008161371787,15.673311059516394,0.05815517531266571,0.0689780804948811,-0.11463823499480581,3.5240008161371787,-0.12283436785113681,0.0,-20.219770595632085,9.934730956837884,0.0,0.0,0.0,0.0,15.39005606206467,-0.10356122039860836,-74.17785466762115,0.0,-0.07499999999999993,-0.034204333295028456,0.0,0.0,0.0,-0.08253624902828945,-0.23065698384688477,-0.034204333295028456,0.0,0.0,Biotechnology,Healthcare,CERE
2021Q4,2021,Q4,2022-03-01,2021-12-31,-59174000.0,0.0,-58936000.0,-0.4,0.0,0.0,688919000.0,578729000.0,578017000.0,42538000.0,110190000.0,0.0,-616244000.0,4775540014.860001,4619069014.860001,3.928852888179608,13.58825050543044,0.05304977798551063,0.06315045556728624,-0.09059938082360869,3.928852888179608,-0.10224820252657116,0.0,-20.175837423784095,8.251772444201,0.0,0.0,0.0,0.0,13.315553152475434,-0.08589398753699637,-88.73829372045489,0.0,0.06976744186046505,-0.32145497063834405,0.0,0.11510269636005852,0.0,0.046488019465347495,-0.08085902396977644,-0.32145497063834405,0.0,0.11510269636005852,Biotechnology,Healthcare,CERE
2021Q3,2021,Q3,2021-11-10,2021-09-30,-62059000.0,0.0,-54527000.0,-0.43,0.0,0.0,733480000.0,629080000.0,675029000.0,30800000.0,104400000.0,0.0,-557189000.0,4248652215.5,3616063215.5,4.3679404805827415,21.916525974025973,0.05056306920434095,0.05895434602912189,-0.07753528597064503,4.3679404805827415,-0.09865041012271888,0.0,-17.115374947630478,6.753755031951421,0.0,0.0,0.0,0.0,21.742727272727272,-0.0846089872934504,-94.49008574637487,0.0,-0.023809523809523832,-17.949846050571537,0.0,2.8941629874016765,0.0,-0.16566802531978436,-0.07952880617699465,-17.949846050571537,0.0,2.8941629874016765,Biotechnology,Healthcare,CERE
2021Q2,2021,Q2,2021-08-11,2021-06-30,-53239000.0,0.0,-50510000.0,-0.42,0.0,0.0,391004000.0,293887000.0,331782000.0,29257000.0,97117000.0,0.0,-495130000.0,3266092093.7400002,2974175093.7400002,2.3053192389863404,11.340260450490481,0.08987887591942793,0.11957997461609395,-0.1386978166970094,2.3053192389863404,-0.18115466148553697,0.0,-15.336933891226357,11.113428269164679,0.0,0.0,0.0,0.0,11.178863178042862,-0.13615973238125442,-66.39613127889248,0.0,-0.049999999999999906,-2.951053158525277,-1.0,25.407587672464693,0.0,-0.044291010376414745,0.0012062249115105494,-0.9871025950900765,0.0,0.0,Biotechnology,Healthcare,CERE
2021Q1,2021,Q1,2021-05-17,2021-03-31,-50981000.0,0.0,-50571000.0,-0.4,0.0,0.0,408104000.0,340036000.0,349811000.0,34151000.0,68068000.0,0.0,-441891000.0,1746806595.55,1438610595.55,2.6727024570971545,10.243067552926707,0.08598543508517437,0.1031978966932913,-0.12327835443593406,2.6727024570971545,-0.1499282428919291,0.0,-8.56596867239756,5.137122526879507,0.0,0.0,0.0,0.0,10.052033615413897,-0.12492158861466685,-42.52413933370661,0.0,-0.48148148148148145,0.04261962273514385,0.0,0.0,0.0,-0.5366368267173042,-0.20706033988924957,0.04261962273514385,0.0,0.0,Biotechnology,Healthcare,CERE
2020Q4,2020,Q4,2021-03-24,2020-12-31,-33177000.0,0.0,-41896000.0,-0.27,0.0,0.0,445273000.0,384520000.0,390560000.0,29548000.0,60753000.0,0.0,-390910000.0,1809474879.9999998,1458856879.9999998,3.523310365049113,13.217815080546906,0.07412306607407142,0.08583428690315198,-0.09298428946995882,3.523310365049113,-0.0862815978362634,0.0,-13.635009795942972,4.705801726828253,0.0,0.0,0.0,0.0,12.983044537701367,-0.07450934595180934,-36.73762293417793,0.0,0.12081328027821366,0.0,0.0,0.0,0.0,-10.477301739186387,-13.084421814582903,0.0,0.0,0.0,Biotechnology,Healthcare,CERE
2020Q3,2020,Q3,2020-11-16,2020-09-30,-2890662.0,0.0,-2974634.0,-0.307102,0.0,0.0,150519761.0,142590299.0,949202.0,2696962.0,7929462.0,0.0,-3124180.0,1328445319.3,1359556909.3,1.1216634986038903,0.35195230781894593,0.21074309306138214,0.2224625393344606,-0.01441273415579514,1.1216634986038903,-0.020272501146799616,0.0,-114.89109754962703,9.316519627327521,0.0,0.0,0.0,0.0,0.22596165611528823,-0.019204534878314083,-48.517049023045175,0.0,-0.46124235719553686,0.9603900702871874,-1.0,2.7908789111637273,0.0,0.8918043942059363,0.9153875867561725,0.0,0.0,0.0,Biotechnology,Healthcare,CERE
2020Q2,2020,Q2,2020-08-14,2020-06-30,-26717000.0,0.0,-35156000.0,-0.210165,0.0,0.0,,,,,,,,1512775052.6000001,,,0.0,0.0,0.0,0.0,,0.0,0.0,-14.155547522176892,0.0,0.0,0.0,0.0,0.0,0.0,0.0,-53.93329717993512,0.0,0.49787601062711445,0.49297441235171635,-1.0,0.0,0.0,0.49787625920914147,0.06752957402790302,0.0,0.0,0.0,Biotechnology,Healthcare,CERE
2020Q1,2020,Q1,2020-03-31,2020-03-31,-53208000.0,0.0,-37702000.0,-0.418552,0.0,0.0,,,,,,,,1512775052.6000001,,,0.0,0.0,0.0,0.0,,0.0,0.0,-7.107836474778229,0.0,0.0,0.0,0.0,0.0,0.0,0.0,-47.2594518150578,0.0,0.0,-4.665034861731115,-1.0,0.0,0.0,0.0,0.0,0.0,0.0,0.0,Biotechnology,Healthcare,CERE
2016Q2,2016,Q2,2016-07-15,2016-05-31,-1505000.0,1415000.0,-2241000.0,-0.1057,877000.0,0.6197879858657244,6743000.0,1243000.0,5405000.0,2745000.0,5500000.0,0.0,-338037000.0,169439923.1,165330923.1,0.08729760808065429,1.9690346083788706,0.0063769835384843545,0.03459372485921158,-1.7426127527216173,0.08729760808065429,-1.2107803700724056,119.7455286925795,-28.14616662790698,136.31530418342717,0.0,0.0,0.0,0.2098472489989619,1.6524590163934427,-0.2231944238469524,-94.44811767001114,0.6197879858657244,-0.14596604220532325,0.8211739543726235,0.23257839721254364,-0.9818624875970349,3.011467889908257,-0.4306083650190114,0.3221415607985481,0.8385539583780306,0.04428044280442808,-0.9686277479114611,Biotechnology,Healthcare,CERE
2016Q1,2016,Q1,2016-04-14,2016-02-29,-1052000.0,351000.0,-3306000.0,-0.09223659000976024,-436000.0,-1.2421652421652423,8642000.0,2532000.0,7253000.0,2620000.0,6110000.0,0.0,-336532000.0,169439923.1,163708923.1,0.17782585974273263,2.768320610687023,0.005438555889840315,0.018562401263823063,-1.2818922062815044,0.17782585974273263,-0.4154818325434439,482.7348236467236,-40.26614142110266,66.91940090837282,0.0,0.0,0.0,0.04061559824114788,2.515648854961832,-0.12173108076834066,-31.724381782437746,-1.2421652421652423,0.7617744161705768,-1.6186244778885854,1.0950871374735158,-0.9669253076259895,-108.0,0.6923076923076923,0.13228346456692913,0.8826678563461968,-0.6575609756097561,-0.9472565929258843,Biotechnology,Healthcare,CERE
2015Q4,2015,Q4,2016-01-14,2015-11-30,-3419000.0,942000.0,-3810000.0,-0.38718171460460976,-4000.0,-0.004246284501061571,6833000.0,1182000.0,5511000.0,4360000.0,5651000.0,0.0,-335480000.0,169439923.1,166053923.1,0.08301349376615717,1.2639908256880734,0.007610127323284062,0.043993231810490696,-3.088423571273447,0.08301349376615717,-2.8925549915397633,179.8725298301486,-12.389581975723896,143.35018874788494,0.0,0.0,0.0,0.1378603834333382,0.9967889908256881,-0.5003658715059272,-35.77701078969594,-0.004246284501061571,0.707931884592328,0.5040615027560197,-0.5208545269582909,-0.9790384649488376,0.9959141981613892,0.5817225348666504,0.5348553290196557,0.5040615027560197,-0.5208545269582909,-0.9790384649488376,Biotechnology,Healthcare,CERE
2015Q3,2015,Q3,2015-11-23,2015-08-31,-8174000.0,852000.0,-8191000.0,-1.3256555377986983,-979000.0,-1.1490610328638498,1356000.0,4213000.0,9766000.0,5222000.0,6909000.0,0.0,0.0,169439923.1,165746923.1,0.29588481322912025,1.8701646878590579,3.246312684365782,1.0448611440778544,-0.9507835171213,0.29588481322912025,-1.9401851412295277,198.87314917840374,-5.182282942867629,40.218353453596016,0.0,0.0,0.0,0.6283185840707964,1.6606664113366527,-6.028023598820059,-35.70915133825079,-1.1490610328638498,-0.3549329390839315,-0.2343702808819089,-0.26804123711340205,-0.932657726059366,-4.694339622641509,-0.3849542527956625,-0.39066213921901527,-0.2343702808819089,-0.26804123711340205,-0.932657726059366,Biotechnology,Healthcare,CERE
2015Q2,2015,Q2,2015-07-10,2015-05-31,-5902000.0,1125000.0,-5890000.0,-0.9783919923704655,265000.0,0.23555555555555555,13411000.0,9368000.0,10944000.0,3982000.0,4043000.0,0.0,0.0,169439923.1,164038923.1,0.6579275884952287,2.7483676544450026,0.235403773022146,0.33699829205807,-0.47025948103792414,0.6579275884952287,-0.6300170794192997,150.61326497777776,-7.177224800914944,18.087096829632795,0.0,0.0,0.0,0.08388636194168966,2.4467604218985435,-0.4400864961598688,-29.25413036947514,0.23555555555555555,0.2719858440468834,0.29871673003802285,-0.02003484320557492,-0.8633047335551276,1.1479620323841428,0.2719871715801159,0.27364656554445677,0.29871673003802285,-0.02003484320557492,-0.8633047335551276,Biotechnology,Healthcare,CERE
2015Q1,2015,Q1,2015-04-09,2015-02-28,-8107000.0,343000.0,-8109000.0,-1.3439189119743888,-1791000.0,-5.221574344023324,18462000.0,14473000.0,15725000.0,3924000.0,3989000.0,125000.0,-317985000.0,169439923.1,164745923.1,1.0164587946510937,4.007390417940877,0.004766547502979092,0.006080287431769501,-0.5568985646590207,1.0164587946510937,-0.5601464796517653,493.9939448979592,-5.225111727519428,11.707311759828647,0.0,17.072,0.0,0.018578702199111688,3.8142201834862384,-0.43911818871194885,-25.575837449056603,-5.221574344023324,-9.857735313869734,-5.7672895838809515,1.0929199092689912,-0.8109439088747812,-41.642857142857146,-0.3572744014732965,-0.35443460831802237,-5.7672895838809515,1.0929199092689912,-0.8109439088747812,Biotechnology,Healthcare,CERE
2014Q4,2014,Q4,2015-01-13,2014-11-30,-5973000.0,400000.0,-5987000.0,-0.12377525083501151,-42000.0,-0.105,26558000.0,22226000.0,23689000.0,4262000.0,4332000.0,790000.0,-309878000.0,169439923.1,165295923.1,1.5609627008854563,5.5581886438291885,0.004141878153475412,0.004949158643030685,-0.268087505001852,1.5609627008854563,-0.26873931431656617,423.59980774999997,-7.091910392600034,7.623500544407451,0.0,0.5594936708860759,0.0,0.015061375103546954,5.142656030032849,-0.2249039837337149,-26.30237862465073,-0.105,0.27297176699012093,0.13359442993907747,-0.7965412004069176,-0.605845111635248,0.8257261410788381,0.03098637248539909,0.019489027186374058,0.13359442993907747,-0.7965412004069176,-0.605845111635248,Biotechnology,Healthcare,CERE
2014Q3,2014,Q3,2014-11-20,2014-08-31,-6164000.0,340000.0,-6106000.0,-0.17024820387316322,-241000.0,-0.7088235294117647,3095000.0,27609000.0,29329000.0,4722000.0,4815000.0,84000.0,0.0,169439923.1,166104923.1,1.9390182312942752,6.211139347734011,1.3822294022617125,0.15494947299793546,-0.19148869445228464,1.9390182312942752,-0.2232605309862726,498.352715,-6.872157815541856,6.137126411677352,0.0,6.916666666666667,0.0,0.1098546042003231,6.008470986869971,-1.9915993537964458,-33.486150810276676,-0.7088235294117647,0.44575250228484803,0.06916339474479007,-0.7079037800687284,-0.5586867217595627,-2.0432900432900434,0.20227772744920408,0.20855476344782892,0.06916339474479007,-0.7079037800687284,-0.5586867217595627,Biotechnology,Healthcare,CERE
2014Q2,2014,Q2,2014-07-10,2014-05-31,-7727000.0,806000.0,-7715000.0,-0.30717,231000.0,0.2866004962779156,37778000.0,33492000.0,32467000.0,4176000.0,4286000.0,0.0,0.0,299352853.8,293585853.8,1.3313880089690997,7.774664750957855,0.1043729154534385,0.11772960707034516,-0.2060905569654067,1.3313880089690997,-0.2307118117759465,371.40552580645164,-9.685287103662482,8.938040541024723,0.0,0.0,0.0,0.021335168616655197,7.361829501915709,-0.2045370321351051,-45.920057340082835,0.2866004962779156,-0.06741494943878783,0.480318175004383,-0.6026021650895307,-0.723382266057902,4.786885245901639,-0.06948096885813149,-0.06915188470066519,0.480318175004383,-0.6026021650895307,-0.723382266057902,Biotechnology,Healthcare,CERE
2014Q1,2014,Q1,2014-04-10,2014-02-28,-7225000.0,495000.0,-7216000.0,-0.28777,-61000.0,-0.12323232323232323,24885000.0,19493000.0,20412000.0,5264000.0,5392000.0,0.0,0.0,298769611.0,293474611.0,0.77640660716327,3.877659574468085,0.19304802089612216,0.2464474426717283,-0.29699139811499364,0.77640660716327,-0.37064587287744316,603.5749717171717,-10.338048823529412,15.327020520186734,0.0,0.0,0.0,0.019891500904159132,3.6268996960486324,-0.29033554350010043,-50.50196264367816,-0.12323232323232323,0.11944519423522228,-3.4095089062186714,1.0760499932738405,-0.8555923771366789,0.8882783882783882,0.1194393662400975,0.12214111922141119,-3.4095089062186714,1.0760499932738405,-0.8555923771366789,Biotechnology,Healthcare,CERE
2013Q4,2013,Q4,2014-01-09,2013-11-30,-8205000.0,763000.0,-8220000.0,-0.3268053255925014,-546000.0,-0.7155963302752294,30944000.0,25836000.0,26268000.0,4960000.0,5108000.0,0.0,0.0,298769611.0,291650611.0,1.029048432907723,5.295967741935484,0.15334152016546018,0.18365846106208392,-0.26876158561629243,1.029048432907723,-0.3175801207617278,391.57222935779816,-9.103278823887875,11.564081552871963,0.0,0.0,0.0,0.024657445708376424,5.109274193548387,-0.26515641158221304,-49.12357957908583,-0.7155963302752294,-1.3214025487480467,0.3250266431038084,-0.7798998449557462,-0.7401574874501566,-1.3333333333333333,-1.3258279723612103,-1.3255187707904323,0.3250266431038084,-0.7798998449557462,-0.7401574874501566,Biotechnology,Healthcare,CERE
2013Q3,2013,Q3,2013-11-26,2013-08-31,25182000.0,897000.0,25252000.0,1.01681,-234000.0,-0.2608695652173913,4742000.0,33006000.0,32436000.0,3997000.0,4172000.0,20000.0,0.0,294711401.6,286066401.6,1.3327322861200088,8.115086314736052,0.8066216786166175,0.11588802035993456,0.6856453210498274,1.3327322861200088,0.7629521905108162,328.5522871794872,2.925814089428957,8.929025074228928,0.0,56.55,0.0,0.1891606916912695,7.872904678508882,5.3104175453395195,12.901606689138905,-0.2608695652173913,3.701348939266252,3.186350826222708,-0.5569443588610191,-0.6966751293452731,0.699614890885751,3.7013516412786958,3.7106054100472305,3.186350826222708,-0.5569443588610191,-0.6966751293452731,Biotechnology,Healthcare,CERE
2013Q2,2013,Q2,2013-07-11,2013-05-31,-9322000.0,1355000.0,-9316000.0,-0.3764082400536485,-779000.0,-0.5749077490774908,44857000.0,39621000.0,39834000.0,5009000.0,5236000.0,352000.0,-267255000.0,169439923.1,150832923.1,2.782637594339182,7.952485526053104,0.004770715830305192,0.005401176143964059,-0.23386469185389733,2.782637594339182,-0.23527927109361196,125.04791372693727,-4.54408718890796,4.27651808636834,0.0,6.0625,0.0,0.030207102570390353,7.630864444000799,-0.20781594845843457,-21.916947755788385,-0.5749077490774908,-0.03893644892284373,-0.10765209125475288,0.18031358885017426,-0.421861320259149,0.37928286852589643,-0.03970555431630605,-0.03338879645036051,-0.10765209125475288,0.18031358885017426,-0.421861320259149,Biotechnology,Healthcare,CERE
2013Q1,2013,Q1,2013-04-11,2013-02-28,-8966000.0,1025000.0,-9015000.0,-0.36230150597171157,-1255000.0,-1.224390243902439,52900000.0,48006000.0,47552000.0,4768000.0,4894000.0,1139000.0,-257933000.0,169439923.1,154151923.1,3.3715277341270227,9.973154362416107,0.003383742911153119,0.00372870057909428,-0.1870914184912317,3.3715277341270227,-0.18676832062658835,165.3072420487805,-4.724512689605175,3.5295572032662585,0.0,2.0017559262510973,0.0,0.019376181474480152,9.548657718120806,-0.16948960302457466,-20.65333046075085,-1.224390243902439,-0.2977111784618194,-6.272421168012411,1.2776761137047112,-0.3729132377145544,-1.9913112164296998,-0.3005512039454598,-0.3025574338968357,-6.272421168012411,1.2776761137047112,-0.3729132377145544,Biotechnology,Healthcare,CERE
2012Q4,2012,Q4,2013-01-10,2012-11-30,-6894000.0,1966000.0,-6921000.0,-0.2791850081781283,1266000.0,0.6439471007121058,62278000.0,56389000.0,55458000.0,5724000.0,5889000.0,1054000.0,-248967000.0,169439923.1,155222923.1,3.9602774111504537,9.68867924528302,0.0025851825684832523,0.002855166787848694,-0.12240502320233382,3.9602774111504537,-0.122257887176577,86.18510839267547,-6.144470666521613,3.004840006029545,0.0,0.6641366223908919,0.0,0.03156812999775201,9.346960167714885,-0.11069719644176114,-24.52807224956572,0.6439471007121058,0.43132872297352126,0.0,0.0,0.0,0.9298780487804879,-0.04107520386590154,-0.04090840727929012,0.0,0.0,0.0,Biotechnology,Healthcare,CERE
2012Q3,2012,Q3,2012-11-20,2012-08-31,-6622000.0,1164000.0,-6649000.0,-0.4909426930052751,656000.0,0.563573883161512,69247000.0,62561000.0,57568000.0,6342000.0,6686000.0,841000.0,-242073000.0,169439923.1,148760923.1,4.393745502118916,9.077262693156733,0.005632012939188701,0.00623391569827848,-0.1056537427734159,4.393745502118916,-0.10584869167692332,145.56694424398626,-6.396856051797041,2.708395375713304,0.0,0.6040428061831153,0.0,0.016809392464655508,8.73525701671397,-0.09562869149566046,-23.122260248362444,0.563573883161512,0.4290427482083571,0.0,0.0,0.0,0.2591170825335892,0.21316539923954372,0.17690022282743254,0.0,0.0,0.0,Biotechnology,Healthcare,CERE
2012Q2,2012,Q2,2012-07-12,2012-05-31,-8416000.0,1148000.0,-8078000.0,-0.8598589324589799,521000.0,0.4538327526132404,75013000.0,68532000.0,69746000.0,6145000.0,6481000.0,0.0,-235451000.0,169439923.1,101974923.1,4.813097085264199,11.350040683482506,0.0033994107688000747,0.0037208895114690947,-0.11743498044688677,4.813097085264199,-0.12280394560205452,147.5957518292683,-5.0332676776378324,2.4724205203408625,0.0,0.0,0.0,0.015304013970911709,11.114564686737184,-0.1121938863930252,-17.30921678414547,0.4538327526132404,-5.948995823108682,0.0,0.0,0.0,1.0946090286431105,-5.948995823108682,-4.916780772766591,0.0,0.0,0.0,Biotechnology,Healthcare,CERE
2012Q1,2012,Q1,2012-02-29,2012-02-29,1700547.0,-3691351.0,2062408.0,0.17374412167494308,-5506874.0,-1.4918315814453842,90592000.0,76554000.0,82219000.0,11172000.0,14038000.0,0.0,-227035000.0,169439923.1,95908923.1,5.376493233311671,7.359380594343,0.06336100317908866,0.07497975285419442,0.029383994080784445,5.376493233311671,0.022213692295634455,-45.90187253934941,24.90962071321757,2.2133385988975105,0.0,0.0,0.0,-0.04074698648887319,7.442803437164339,0.01877149196397033,17.11166437571835,1.4918315814453842,0.0,0.0,0.0,0.0,0.0,0.0,0.0,0.0,0.0,0.0,Biotechnology,Healthcare,CERE
