Quarters,Year,Quarter,FillingDate,Date,NetIncome,Revenue,OperatingIncome,EPSDiluted,GrossProfit,GrossProfitRatio,TotalAssets,CommonStockEquity,CurrentAssets,CurrentLiability,TotalLiability,Inventory,RetainedEarnings,MarketCap,EnterpriseValue,bookValuePerShare,currentRatio,debtToAssets,debtToEquity,roic,shareholdersEquityPerShare,roe,priceToSalesRatio,peRatio,pbRatio,payoutRatio,inventoryTurnover,dividendYield,assetTurnover,quickRatio,returnOnAssets,priceToFreeCashFlowsRatio,grossProfitMargin,epsdilutedGrowth,fiveYNetIncomeGrowthPerShare,fiveYRevenueGrowthPerShare,fiveYShareholdersEquityGrowthPerShare,grossProfitGrowth,netIncomeGrowth,operatingIncomeGrowth,threeYNetIncomeGrowthPerShare,threeYRevenueGrowthPerShare,threeYShareholdersEquityGrowthPerShare,Industry,Sector,Symbol
2022Q4,2022,Q4,2022-12-31,2022-12-31,-184444500.0,208441500.0,-273778500.0,-1.09,8156000.0,0.0391284845,1029445000.0,610367000.0,839888000.0,353903000.0,392575000.0,56690000.0,-971481000.0,2504156304.24,2214178304.24,3.602500468810752,2.3732152595485205,0.2796856558631107,0.47171783533513445,-0.23509639971198196,3.602500468810752,-0.30218622566423153,12.013712740697029,-3.3941867394256806,4.102705919946524,-0.4740504596233555,3.532995237255248,0.034916350809234505,0.20247949137642127,2.0598412559373616,-0.17916887254782918,14.152693191363099,0.03912848449085235,0.0,0.0,0.0,0.0,0.0,0.0,0.0,-3.141557312264164,1.936022529772738,0.07628885060413824,Drug Manufacturers—Specialty & Generic,Healthcare,HCM
2021Q2,2021,Q2,2021-06-30,2021-06-30,-77460000.0,75806000.0,-80534000.0,0.0,17497000.0,0.2308128644,1272889000.0,984795000.0,1091174000.0,247715000.0,259194000.0,25505000.0,-517996000.0,0.0,-550749000.0,0.0,4.404957309811679,0.028825765640209004,0.037258515731700505,-0.07800952492172021,0.0,-0.07865596393157967,0.0,0.0,0.0,0.0,2.286179180552833,,0.059554289494213555,3.8368609087055687,-0.06085369580536873,0.0,0.2308128644170646,1.0,0.0,0.0,0.0,0.05302118440057776,-0.1945224069333498,-0.27427215189873416,1.0,-1.0,-1.0,Drug Manufacturers—Specialty & Generic,Healthcare,HCM
2021Q1,2021,Q1,2021-03-31,2021-03-31,-64846000.0,81556000.0,-63200000.0,-0.45,16616000.0,0.2037373093,693117000.0,428271000.0,496230000.0,188515000.0,228722000.0,19757000.0,-456742000.0,4085946575.25,3777184575.25,2.9610411020265825,2.63231042622603,0.053917304004951545,0.08726016937873449,-0.13682508168943835,2.9610411020265825,-0.15141347417873263,50.09988934290549,-15.752500444321932,9.540563277107251,0.0,3.286936275750367,0.0,0.11766556007138766,2.101010529666074,-0.09355707622234052,-142.03095714856786,0.20373730933346412,-0.711975239360303,-4.074667820498365,0.4304396237749282,0.0,1.3931013272137973,-0.7056657372823399,-0.0666396631308912,-4.074667820498365,0.4304396237749282,0.0,Drug Manufacturers—Specialty & Generic,Healthcare,HCM
2020Q4,2020,Q4,2020-12-31,2020-12-31,-38018000.0,60605500.0,-59251500.0,-0.26285426894850833,-42269000.0,-0.6974449513658001,724118000.0,484116000.0,530740000.0,158397000.0,205169000.0,19766000.0,-415591000.0,4631221569.540001,4431301569.540001,3.347150225321586,3.3506947732595944,0.049315166865068955,0.07376331292500145,-0.11693751057176185,3.347150225321586,-0.07853076535375819,76.4158627441404,-30.454137313509392,9.566346845673353,0.0,5.204619042800769,0.0,0.08369561314592373,2.7473752659456934,-0.05250249268765588,0.0,-0.6974449513658001,0.0,-15.666626683272927,0.3953832068032123,6.525988417450134,0.0,0.0,0.0,0.0,0.0,0.0,Drug Manufacturers—Specialty & Generic,Healthcare,HCM
2020Q2,2020,Q2,2020-06-30,2020-06-30,-46247000.0,55195000.0,-45673000.0,0.0,12913000.0,0.2339523508,525562000.0,342120000.0,374727000.0,119387000.0,158514000.0,15262000.0,-339528000.0,0.0,-17229000.0,0.0,3.138758826337876,0.06224004018555375,0.09561265053197708,-0.12258638999303482,0.0,-0.13517771542148954,0.0,0.0,0.0,0.0,2.770410169047307,,0.10502091094866067,2.353807365961118,-0.08799532690719648,0.0,0.2339523507564091,1.0,0.0,0.0,0.0,0.2561284046692607,-0.4289201297698131,-0.4056690877754524,0.0,0.0,0.0,Drug Manufacturers—Specialty & Generic,Healthcare,HCM
2020Q1,2020,Q1,2020-03-31,2020-03-31,-32365000.0,51570000.0,-32492000.0,-0.24,10280000.0,0.199340702,,,,,,,,2441363188.9500003,,,0.0,0.0,0.0,0.0,,0.0,47.340763795811526,-18.85805027769195,0.0,0.0,0.0,0.0,0.0,0.0,0.0,-635.1100907778357,0.199340701958503,0.0,-1.678428755181828,-0.043487155914248114,0.0,0.0,0.0,0.0,-1.678428755181828,-0.043487155914248114,0.0,Drug Manufacturers—Specialty & Generic,Healthcare,HCM
2019Q2,2019,Q2,2019-06-30,2019-06-30,-34547000.0,50029000.0,-35961000.0,0.0,12395000.0,0.2477563013,495214000.0,347890000.0,309496000.0,110605000.0,122177000.0,14223000.0,-229067000.0,0.0,-76117000.0,0.0,2.798209845847837,0.014626000072695844,0.02081979936186726,-0.1026630660451505,0.0,-0.09930437782057547,0.0,0.0,0.0,0.0,2.64599592209801,,0.10102501140920894,2.1453641336286786,-0.06976175956253255,0.0,0.24775630134521978,1.0,0.0,0.0,0.0,0.10551195148055655,-0.7373397032939402,0.0024687933425797505,0.0,0.0,0.0,Drug Manufacturers—Specialty & Generic,Healthcare,HCM
2019Q1,2019,Q1,2019-03-31,2019-03-31,-19885000.0,52168000.0,-36050000.0,-0.15,11212000.0,0.2149210243827634,539297000.0,375769000.0,349994000.0,101325000.0,138942000.0,17612000.0,-203583000.0,4113936900.04,4054723900.04,2.823334453643921,3.454172218110042,0.06021913713593808,0.08642543690405542,-0.0903518281823232,2.823334453643921,-0.05291814918207729,78.85939464882686,-51.72161051093789,10.948047603820433,0.0,2.325459913695208,0.0,0.0967333398850726,2.6830792005921538,-0.03687207605456733,-135.84522850482102,0.2149210243827634,0.0,-0.6910857627912794,-0.005663429961251741,0.0,0.0,0.0,0.0,-0.6910857627912794,-0.005663429961251741,0.0,Drug Manufacturers—Specialty & Generic,Healthcare,HCM
2018Q2,2018,Q2,2018-06-30,2018-06-30,-20961000.0,49852000.0,-28662000.0,-0.1578757136944833,15030000.0,0.3014924175559657,577943000.0,431731000.0,394676000.0,84584000.0,120098000.0,9788000.0,-140890000.0,4001657539.44,3953020539.44,3.2517456108502922,4.666083420032157,0.0461844853212168,0.061825534881674006,-0.06514137674617695,3.2517456108502922,-0.0485510653624595,80.27075221535746,-47.7274168627451,9.268867742737955,0.0,3.557621577441765,0.0,0.08625764132449047,3.812706894921025,-0.03626828251228927,348.4853731115562,0.3014924175559657,-0.578757136944833,0.0,0.0,0.0,-0.01642562659511812,-0.7869565217391304,-0.14551776507733505,0.0,0.0,0.0,Drug Manufacturers—Specialty & Generic,Healthcare,HCM
2018Q1,2018,Q1,2018-03-31,2018-03-31,-11730000.0,52337000.0,-25021000.0,-0.1,15281000.0,0.2919731738540612,,,,,,,,3924651521.7599998,,,0.0,0.0,0.0,0.0,,0.0,74.98808723770945,-83.64559935549872,0.0,0.0,0.0,0.0,0.0,0.0,0.0,-122.04277385907083,0.2919731738540612,0.0,0.0,0.0,0.0,0.0,0.0,0.0,0.0,0.0,0.0,Drug Manufacturers—Specialty & Generic,Healthcare,HCM
2015Q4,2015,Q4,2015-12-31,2015-12-31,3359000.0,56282000.0,93000.0,0.017921930831463092,24842000.0,0.4413844568423297,229754000.0,83356000.0,89667000.0,81062000.0,127477000.0,9555000.0,-92040000.0,2530224027.0,2548283027.0,0.4447455988054294,1.106153314746737,0.21762406748087085,0.5998368443783291,0.002709058690791796,0.4447455988054294,0.04029703920533615,44.95618540563591,188.31676295028282,30.354431918518163,0.0,3.290423861852433,0.0,0.24496635531916747,0.9592410747329205,0.014619984853364904,2756.2353235294117,0.4413844568423297,0.4373127941805734,0.0,0.0,0.0,-0.27534202619526854,0.4373127941805734,1.0064270905321355,0.0,0.0,0.0,Drug Manufacturers—Specialty & Generic,Healthcare,HCM
2015Q3,2015,Q3,2015-09-30,2015-09-30,2337000.0,56199000.0,-14470000.0,0.012469053990214125,34281000.0,0.6099930603747398,220903000.0,82165000.0,88544000.0,79802000.0,119180000.0,10084000.0,-95399000.0,2530224027.0,2545263027.0,0.43839102315188,1.109546126663492,0.21183505882672485,0.5695247368100773,-0.1139164253268649,0.43839102315188,0.028442767601776914,45.02258095339775,270.67009274711165,30.79442617903,0.0,2.1735422451408173,0.0,0.2544057799124503,0.9831833788626851,0.010579304038424105,-200.42965993346007,0.6099930603747398,0.0,1.2146202589769493,1.012497761862131,0.0,0.0,0.0,0.0,1.2146202589769493,1.012497761862131,0.0,Drug Manufacturers—Specialty & Generic,Healthcare,HCM
2014Q4,2014,Q4,2014-12-31,2014-12-31,9815000.0,33559000.0,20203000.0,0.05236789256052701,-1635000.0,-0.04872016448642689,218938000.0,94889000.0,94130000.0,69185000.0,99055000.0,4405000.0,-69185000.0,2530224027.0,2544483027.0,0.5062798733750227,1.3605550336055503,0.24301400396459272,0.5607077743468685,0.134581620229273,0.5062798733750227,0.10343664702968731,75.39628794064186,64.44788657666837,26.66509318256068,0.0,7.989557321225879,0.0,0.15328083749737367,1.083804292838043,0.0448300432085796,567.1876321452589,-0.04872016448642689,1.9013683533841492,0.0,0.0,0.0,-1.131961259079903,1.9013683533841492,2.0015864359724356,0.0,0.0,0.0,Drug Manufacturers—Specialty & Generic,Healthcare,HCM
2014Q3,2014,Q3,2014-09-30,2014-09-30,-10889000.0,27925000.0,-20171000.0,-0.05809821519017612,12390000.0,0.44368845120859446,,,,,,,,2530224027.0,,,0.0,0.0,0.0,0.0,,0.0,90.60784340196956,-58.091285402699974,0.0,0.0,0.0,0.0,0.0,0.0,0.0,-324.8875227272727,0.44368845120859446,0.0,0.0,0.0,0.0,0.0,0.0,0.0,0.0,0.0,0.0,Drug Manufacturers—Specialty & Generic,Healthcare,HCM
2023Q1,2023,Q1,2023-02-28,2023-02-28,,,,,,,0.0,0.0,0.0,0.0,0.0,0.0,0.0,0.0,0.0,0.0,0.0,0.0,0.0,0.0,0.0,0.0,0.0,0.0,0.0,0.0,0.0,,0.0,0.0,0.0,0.0,0.0,0.0,1.0,-1.0,0.0,0.0,0.0,0.0,1.0,-1.0,0.0,Drug Manufacturers—Specialty & Generic,Healthcare,HCM
2022Q2,2022,Q2,2022-06-30,2022-06-30,,,,,,,1194333000.0,799728000.0,1022237000.0,321856000.0,342484000.0,45925000.0,-773189000.0,0.0,-467084000.0,0.0,3.176069422350368,0.0003499861428931462,0.0005226777104215434,,0.0,,0.0,0.0,0.0,0.0,,,,2.566986478425134,,0.0,0.0,0.0,0.0,0.0,0.0,0.0,0.0,0.0,0.0,0.0,0.0,Drug Manufacturers—Specialty & Generic,Healthcare,HCM
2018Q4,2018,Q4,2018-12-31,2018-12-31,,,,,,,532118000.0,388996000.0,370541000.0,0.0,119863000.0,12309000.0,-183004000.0,0.0,-86036000.0,0.0,0.0,0.050250132489410244,0.06873849602566608,,0.0,,0.0,0.0,0.0,0.0,,,,0.0,,0.0,0.0,0.0,0.0,0.0,0.0,0.0,0.0,0.0,-1.0,-1.0,-1.0,Drug Manufacturers—Specialty & Generic,Healthcare,HCM
2017Q4,2017,Q4,2017-12-31,2017-12-31,,,,,,,597932000.0,461733000.0,432195000.0,104600000.0,112966000.0,11789000.0,-107104000.0,0.0,-55278000.0,0.0,4.131883365200765,0.05015118776048112,0.06494445924376209,,0.0,,0.0,0.0,0.0,0.0,,,,3.972676864244742,,0.0,0.0,0.0,0.0,0.0,0.0,0.0,0.0,0.0,-1.0,-1.0,-1.0,Drug Manufacturers—Specialty & Generic,Healthcare,HCM
2017Q2,2017,Q2,2017-06-30,2017-06-30,,,,,,,344700000.0,189379000.0,177977000.0,96842000.0,133199000.0,10687000.0,-78685000.0,0.0,-65681000.0,0.0,1.8378079758782346,0.13591818973020017,0.24739279434361783,,0.0,,0.0,0.0,0.0,0.0,,,,1.6775056277235083,,0.0,0.0,0.0,0.0,0.0,0.0,0.0,0.0,0.0,0.0,0.0,0.0,Drug Manufacturers—Specialty & Generic,Healthcare,HCM
2016Q4,2016,Q4,2016-12-31,2016-12-31,,,,,,,342437000.0,184270000.0,167380000.0,95119000.0,138377000.0,12822000.0,-80357000.0,0.0,-32644000.0,0.0,1.7596904929614483,0.1366295114137783,0.25390459651598196,,0.0,,0.0,0.0,0.0,0.0,,,,1.6046110661382058,,0.0,0.0,0.0,0.0,0.0,0.0,0.0,0.0,0.0,0.0,0.0,0.0,Drug Manufacturers—Specialty & Generic,Healthcare,HCM
2016Q2,2016,Q2,2016-06-30,2016-06-30,,,,,,,322843000.0,178451000.0,172773000.0,79307000.0,123677000.0,7923000.0,-91510000.0,0.0,-34076000.0,0.0,2.1785340512186817,0.1297101067701638,0.23466385730536674,,0.0,,0.0,0.0,0.0,0.0,,,,2.0759201583718965,,0.0,0.0,0.0,0.0,0.0,0.0,0.0,0.0,0.0,0.0,0.0,0.0,Drug Manufacturers—Specialty & Generic,Healthcare,HCM
2015Q2,2015,Q2,2015-06-30,2015-06-30,,,,,,,230368000.0,98617000.0,91987000.0,75766000.0,106304000.0,7009000.0,0.0,0.0,1811000.0,0.0,1.214093392814719,0.21982653840811223,0.5135118691503493,,0.0,,0.0,0.0,0.0,0.0,,,,1.0846025921917484,,0.0,0.0,0.0,0.0,0.0,0.0,0.0,0.0,0.0,0.0,0.0,0.0,Drug Manufacturers—Specialty & Generic,Healthcare,HCM
2014Q2,2014,Q2,2014-06-30,2014-06-30,,,,,,,218023000.0,94090000.0,93731000.0,68609000.0,98349000.0,4097000.0,0.0,0.0,-1073000.0,0.0,1.3661618738066434,0.26765066071010857,0.6201934318205973,,0.0,,0.0,0.0,0.0,0.0,,,,1.306446676092058,,0.0,0.0,0.0,0.0,0.0,0.0,0.0,0.0,0.0,0.0,0.0,0.0,Drug Manufacturers—Specialty & Generic,Healthcare,HCM
2013Q4,2013,Q4,2013-12-31,2013-12-31,,,,,,,185667000.0,88870000.0,67034000.0,78434000.0,80831000.0,1420000.0,-74447000.0,0.0,4645000.0,0.0,0.8546548690618865,0.27742140498850093,0.5795881624845279,,0.0,,0.0,0.0,0.0,0.0,,,,0.8365504755590688,,0.0,0.0,0.0,0.0,0.0,0.0,0.0,0.0,0.0,0.0,0.0,0.0,Drug Manufacturers—Specialty & Generic,Healthcare,HCM
2013Q2,2013,Q2,2013-06-30,2013-06-30,,,,,,,178473000.0,84800000.0,62255000.0,48818000.0,77820000.0,1196000.0,0.0,0.0,8306000.0,0.0,1.2752468351837436,0.29197693768805366,0.6145047169811321,,0.0,,0.0,0.0,0.0,0.0,,,,1.2507476750378959,,0.0,0.0,0.0,0.0,0.0,0.0,0.0,0.0,0.0,0.0,0.0,0.0,Drug Manufacturers—Specialty & Generic,Healthcare,HCM
2012Q4,2012,Q4,2012-12-31,2012-12-31,,,,,,,209465000.0,70578000.0,150610000.0,81068000.0,125817000.0,25318000.0,-89989000.0,0.0,-23884000.0,0.0,1.8578230621206888,0.18201131453942185,0.5401824931281702,,0.0,,0.0,0.0,0.0,0.0,,,,0.7649010707060739,,0.0,0.0,0.0,0.0,0.0,0.0,0.0,0.0,0.0,0.0,0.0,0.0,Drug Manufacturers—Specialty & Generic,Healthcare,HCM
2012Q2,2012,Q2,2012-06-30,2012-06-30,,,,,,,198952000.0,64316000.0,143127000.0,66260000.0,121034000.0,21555000.0,0.0,0.0,-25574000.0,0.0,2.1600814971325084,0.14471832401785356,0.4476646557621743,,0.0,,0.0,0.0,0.0,0.0,,,,1.8347721098702083,,0.0,0.0,0.0,0.0,0.0,0.0,0.0,0.0,0.0,0.0,0.0,0.0,Drug Manufacturers—Specialty & Generic,Healthcare,HCM
2011Q4,2011,Q4,2011-12-31,2011-12-31,,,,,,,194773798.9,64784212.6,140635171.3,88476467.1,117444891.1,28719768.0,-93807030.1,0.0,-23724890.599999998,0.0,1.5895206478017252,0.15421809796615307,0.463656863215468,,0.0,,0.0,0.0,0.0,0.0,,,,0.6076478544202631,,0.0,0.0,0.0,0.0,0.0,0.0,0.0,0.0,0.0,0.0,0.0,0.0,Drug Manufacturers—Specialty & Generic,Healthcare,HCM
2010Q4,2010,Q4,2010-12-31,2010-12-31,,,,,,,159925295.1,59552965.2,107756171.1,67646068.5,91119042.9,26630991.3,-94726415.7,0.0,-20809718.699999996,0.0,1.592940631871311,0.1531969885356804,0.4113997265748239,,0.0,,0.0,0.0,0.0,0.0,,,,0.6698067353315588,,0.0,0.0,0.0,0.0,0.0,0.0,0.0,0.0,0.0,0.0,0.0,0.0,Drug Manufacturers—Specialty & Generic,Healthcare,HCM
2010Q2,2010,Q2,2010-06-30,2010-06-30,,,,,,,143645000.0,64773000.0,98682000.0,66888000.0,69812000.0,22770000.0,0.0,0.0,-23672000.0,0.0,1.4753318980983137,0.11667652894288001,0.2587497877201921,,0.0,,0.0,0.0,0.0,0.0,,,,1.1349120918550413,,0.0,0.0,0.0,0.0,0.0,0.0,0.0,0.0,0.0,0.0,0.0,0.0,Drug Manufacturers—Specialty & Generic,Healthcare,HCM
2009Q4,2009,Q4,2009-12-31,2009-12-31,,,,,,,127754502.8,65903227.1,83858901.6,49865196.0,52453852.9,17475455.2,-86879270.8,0.0,-33494083.499999996,0.0,1.6817120622568091,0.06463575153141295,0.12529748031109694,,0.0,,0.0,0.0,0.0,0.0,,,,0.8372892347600518,,0.0,0.0,0.0,0.0,0.0,0.0,0.0,0.0,0.0,0.0,0.0,0.0,Drug Manufacturers—Specialty & Generic,Healthcare,HCM
