Quarters,Year,Quarter,FillingDate,Date,NetIncome,Revenue,OperatingIncome,EPSDiluted,GrossProfit,GrossProfitRatio,TotalAssets,CommonStockEquity,CurrentAssets,CurrentLiability,TotalLiability,Inventory,RetainedEarnings,MarketCap,EnterpriseValue,bookValuePerShare,currentRatio,debtToAssets,debtToEquity,roic,shareholdersEquityPerShare,roe,priceToSalesRatio,peRatio,pbRatio,payoutRatio,inventoryTurnover,dividendYield,assetTurnover,quickRatio,returnOnAssets,priceToFreeCashFlowsRatio,grossProfitMargin,epsdilutedGrowth,fiveYNetIncomeGrowthPerShare,fiveYRevenueGrowthPerShare,fiveYShareholdersEquityGrowthPerShare,grossProfitGrowth,netIncomeGrowth,operatingIncomeGrowth,threeYNetIncomeGrowthPerShare,threeYRevenueGrowthPerShare,threeYShareholdersEquityGrowthPerShare,Industry,Sector,Symbol
2023Q1,2023,Q1,2023-05-01,2023-03-31,159629000.0,311444000.0,113543000.0,0.53,230861000.0,0.741260066,8354798000.0,2887516000.0,302985000.0,508802000.0,5467282000.0,0.0,-413388000.0,6473667920.0,11428717920.0,9.598784659315672,0.5954870460414857,0.5991144250285884,1.7334899616140655,0.02045782228915328,9.598784659315672,0.05528246423569601,20.78597731855486,10.138615038620802,2.241950493088177,0.5016632316183149,0.0,0.012370112429245522,0.03727726271778205,0.5325961769018204,0.019106266842118743,47.933922134849766,0.7412600660150781,1.7894736842105263,1.6449438005173744,-0.00717635160608219,0.02025846750466747,0.014804851138276781,1.7211653199686339,0.07356069703015232,1.6437777802393467,0.09230490217838558,0.07101294647625815,REIT—Retail,Real Estate,BRX
2022Q4,2022,Q4,2023-02-13,2022-12-31,58662000.0,308569000.0,105763000.0,0.19,227493000.0,0.7372516358,8435930000.0,2865010000.0,317513000.0,535419000.0,5570920000.0,0.0,-446336000.0,6811745580.000001,12246340580.0,9.53496808376099,0.59301780474731,0.646174991968876,1.9026415265566263,0.006962394698102367,9.53496808376099,0.020475321203067352,22.075275157258186,29.029634090211722,2.377564329618396,1.231086563703931,0.0,0.010601981408706693,0.03657794694835068,0.5646176172306175,0.006953827260302065,54.39735493763077,0.737251635776763,0.8999999999999999,-0.14838427209011137,-0.021727100205400012,-0.0004169071259506491,0.0009944250595114996,0.8914073835241012,-0.08765225492564094,-0.06232614867194954,0.044151673279407826,0.035772511826224235,REIT—Retail,Real Estate,BRX
2022Q3,2022,Q3,2022-11-01,2022-09-30,31015000.0,304745000.0,115924000.0,0.1,227267000.0,0.7457612102,8485719000.0,2828181000.0,332339000.0,748084000.0,5657538000.0,0.0,-474891000.0,5544934110.0,10630797110.0,9.420581387215078,0.4442535864956342,0.6021238742409453,1.8066219948440359,0.005680313971160829,9.420581387215078,0.010966412687165354,18.195324320333395,44.695583669192324,1.960600863240365,2.3267451233274223,0.0,0.013014401716668912,0.035912690486215725,0.39390897278915205,0.003654964299430608,33.19445241972175,0.7457612101921278,-0.23076923076923075,-0.6221763846142094,-0.01576077862685201,-0.01665899123319834,-0.008995770287358828,-0.222779100363363,0.0006992222231813747,-0.6191953692265205,0.03264915822804337,0.017490374196181057,REIT—Retail,Real Estate,BRX
2022Q2,2022,Q2,2022-08-01,2022-06-30,39905000.0,306131000.0,115843000.0,0.13,229330000.0,0.7491237411,8469725000.0,2802993000.0,317077000.0,758252000.0,5666732000.0,0.0,-482077000.0,6062838320.0,11194490320.0,9.343559161577643,0.4181683661896045,0.6078686143883066,1.836779471086799,0.006622157817917396,9.343559161577643,0.014236567840162284,19.80471863352617,37.98294900388423,2.162987321052889,1.808169402330535,0.0,0.011901191519816084,0.03614414871793358,0.37183944124117047,0.00471148709078512,37.458224100434954,0.7491237411434974,0.18181818181818185,-0.46234357362761735,-0.036132671621102244,-0.022898412965288776,0.032120723875189584,0.2399018145662441,0.03060416536925171,-0.42490361711269764,0.04548410129043799,0.007780868341385242,REIT—Retail,Real Estate,BRX
2022Q1,2022,Q1,2022-05-02,2022-03-31,32184000.0,298629000.0,112403000.0,0.11,222193000.0,0.7440436126,8246177000.0,2773658000.0,323953000.0,556951000.0,5472519000.0,0.0,-497334000.0,7705007680.0,12684008680.0,9.291115071283096,0.5816544004768822,0.6076231446402375,1.806483712123124,0.0058452431472950026,9.291115071283096,0.01160344930773729,25.80127074061796,59.85122793934874,2.7779227576002516,2.271159582401193,0.0,0.009486687494125899,0.03621423600293809,0.5220171972040628,0.0039028994890602034,68.63537929805808,0.7440436126431124,0.0,-0.5412722437482453,-0.06486668805444225,-0.031216823545329887,0.031766596084549945,-0.055301162381120116,-0.12470993162952235,-0.48820899145032304,0.025970495265826024,-0.006607534534674912,REIT—Retail,Real Estate,BRX
2021Q4,2021,Q4,2022-02-07,2021-12-31,34068000.0,295318000.0,128418000.0,0.11,215352000.0,0.7292207045,8377393000.0,2718346000.0,568971000.0,494529000.0,5659047000.0,0.0,-503684000.0,7559220900.0,12427106900.0,9.137604625365558,1.1505311114211705,0.6164827172367346,1.8998751446651752,0.006802196104183911,9.137604625365558,0.01253262093935062,25.59688505272283,55.47156349066573,2.7808163125665386,1.8800340495479628,0.0,0.008472963133012821,0.035251778208328054,1.1156656131389666,0.00406665892360547,59.35364520764139,0.729220704460954,-0.26666666666666666,-0.6261176962683498,-0.06778196727897937,-0.04871353544590338,-0.010553689656281444,-0.2617184960450753,0.16093512692558037,-0.5583238979927176,-0.0024418953522964333,-0.03629344578509322,REIT—Retail,Real Estate,BRX
2021Q3,2021,Q3,2021-11-01,2021-09-30,46145000.0,290186000.0,110616000.0,0.15,217649000.0,0.7500327376234553,8351113000.0,2692509000.0,696565000.0,495229000.0,5658604000.0,0.0,-513056000.0,6570826680.0,11337003680.0,9.059951949607656,1.4065513126250684,0.6182858500417848,1.9176816122063103,0.014080655977099458,9.059951949607656,0.01713828997414679,22.643499962093276,35.59880095351609,2.440410293893168,1.3886444901939539,0.0,0.00975204538494995,0.03474818266738817,1.307249777375719,0.0055256107778687705,43.800255169379675,0.7500327376234553,-0.5,-0.18163466417338003,-0.07126453546304087,-0.048149901754078774,0.007578282687998815,-0.48970451630026096,0.021017362168748097,-0.6815755736781786,-0.03729241752486228,-0.047530920767506375,REIT—Retail,Real Estate,BRX
2021Q2,2021,Q2,2021-08-02,2021-06-30,90428000.0,287024000.0,108339000.0,0.3,216012000.0,0.752592117732315,8355173000.0,2704344000.0,652157000.0,483791000.0,5650829000.0,0.0,-494861000.0,6803274240.0,11566168240.0,9.098917958656331,1.3480139150997021,0.6184238195905698,1.9106437642548433,0.013763656750491845,9.098917958656331,0.03343805373872555,23.702806176486984,18.808538948113416,2.5156837443757154,0.7094152253726722,0.0,0.009429430262096857,0.034352849426337435,1.3454466908231033,0.010822995526244638,41.39528831936915,0.752592117732315,0.6666666666666666,0.41547859448244345,-0.06601392124901649,-0.04798648236899824,0.05129141055029128,0.7266807966240858,0.11221870893561103,0.14630833725668696,-0.06592550575997436,-0.03571510391595531,REIT—Retail,Real Estate,BRX
2021Q1,2021,Q1,2021-05-03,2021-03-31,52371000.0,279746000.0,97408000.0,0.18,205473000.0,0.734498437868638,8295086000.0,2671203000.0,635271000.0,458022000.0,5623883000.0,0.0,-520945000.0,6010535300.0,10804994300.0,8.990619635825116,1.3869879612769693,0.6227615964439669,1.9339080556588173,0.012429144383662044,8.990619635825116,0.019605773129185614,21.485688088480263,28.69209724847721,2.2501229970167,1.2401901815890475,0.0,0.01080602587925904,0.033724303762492636,1.3571400500412645,0.006313496930592401,54.38758607584628,0.734498437868638,1.2499999999999998,-0.12800114322531655,-0.1281599021116455,-0.05727021817254826,0.04902206043773708,1.1460006556302245,0.10536409336949491,-0.12140970128082798,-0.09708490981447117,-0.04438362385157844,REIT—Retail,Real Estate,BRX
2020Q4,2020,Q4,2021-02-11,2020-12-31,24404000.0,269410000.0,88123000.0,0.08,195871000.0,0.7270368583200326,8342147000.0,2680701000.0,647972000.0,494116000.0,5661446000.0,0.0,-508196000.0,4909739550.0,9708394550.0,9.036243388918665,1.3113762760161582,0.619424471901538,1.9276040110403958,0.01117372058788101,9.036243388918665,0.009103588949308409,18.22404346535021,50.2964631822652,1.831513305661467,0.0,0.0,0.0,0.032295043470224154,1.2720616211577849,0.002925385994756506,41.09634758807724,0.7270368583200326,-0.11111111111111106,-0.5563135642870285,-0.16629263292377025,-0.05893790953554906,0.0473432896474652,-0.12668193529916977,0.22766470235856284,-0.6411654380455261,-0.13489686904408513,-0.05269991096863598,REIT—Retail,Real Estate,BRX
2020Q3,2020,Q3,2020-11-04,2020-09-30,27944000.0,253935000.0,71781000.0,0.09,187017000.0,0.7364758698092031,8640161000.0,2713891000.0,877502000.0,444610000.0,5926270000.0,0.0,-468456000.0,3466809780.0,8338657780.0,9.151175808094091,1.9736443174917344,0.634439566577521,2.0198526764707943,0.008758532525756962,9.151175808094091,0.010296655245181181,13.652351113473921,31.015690130260516,1.2774314738506447,0.0,0.0,0.0,0.02939007733767924,1.9704774971323182,0.0032341989923567395,24.06370450065247,0.7364758698092031,2.0,-0.4770011193808353,-0.18356804794784348,-0.049947794060020076,0.03509597290176891,2.0897832817337463,-0.048136213549747384,-0.6553963452750838,-0.16976576984328307,-0.044780138225226036,REIT—Retail,Real Estate,BRX
2020Q2,2020,Q2,2020-08-03,2020-06-30,9044000.0,247620000.0,75411000.0,0.03,180676000.0,0.7296502705758824,8416285000.0,2679620000.0,625802000.0,429138000.0,5736665000.0,0.0,-496400000.0,3801719720.0,8790706720.0,9.036102324765803,1.4582768247044073,0.6306258640243291,1.9807013681044328,0.009441544020662196,9.036102324765803,0.0033751054253961382,15.353039819077619,105.08955440070766,1.4187533008411641,9.379146395400266,0.0,0.022312270826740484,0.029421532184330735,1.4303953506797347,0.0010745833820979208,44.993960754609795,0.7296502705758824,-0.85,-0.8317841739997213,-0.20149704286840586,-0.06521200201487341,-0.13585643841382047,-0.8487144744985865,-0.27115892023543736,-0.876730486313225,-0.2112974015931079,-0.05505067507423826,REIT—Retail,Real Estate,BRX
2020Q1,2020,Q1,2020-05-07,2020-03-31,59781000.0,282301000.0,103467000.0,0.2,209081000.0,0.7406314536611631,8662083000.0,2669353000.0,841507000.0,498531000.0,5992730000.0,0.0,-505441000.0,2829489500.0,7756408500.0,8.96234232358876,1.6879732654539035,0.6342815001888114,2.0582511942032395,0.012674262379905217,8.96234232358876,0.02239531452003538,10.022952451461384,11.832729044345193,1.0599907543138731,1.4314247001555678,0.0,0.030242911309619636,0.03259042888413791,1.6741125426503065,0.006901457767144461,29.762169980014725,0.7406314536611631,-0.04761904761904753,0.9540945891928546,-0.10960537053207482,-0.08315233510283528,-0.039264609927122676,-0.0367070046246314,-0.040897672392217206,-0.1459589126843919,-0.11395749830903974,-0.06549790868951187,REIT—Retail,Real Estate,BRX
2019Q4,2019,Q4,2020-02-10,2019-12-31,62059000.0,293149000.0,107879000.0,0.21,217626000.0,0.7423733323327045,8142496000.0,2743857000.0,295994000.0,537454000.0,5398639000.0,0.0,-480204000.0,6441119820.0,11301261820.0,9.205658554260523,0.5507336441816416,0.5970141096784082,1.7716612053762277,0.014185194506486618,9.205658554260523,0.022617432322457037,21.972170534438117,25.947565300762175,2.3474692084900926,1.3464767398765691,0.0,0.012973054738174394,0.036002351121818175,0.5049678670174563,0.007621618727230569,50.03238971873325,0.7423733323327045,-0.2222222222222223,1.4509778221718164,-0.148971256515238,-0.1379802447428795,-0.00945818009685759,-0.2324560318598956,-0.0395131636350686,-0.32023499159195756,-0.07640460572286575,-0.041628661009796175,REIT—Retail,Real Estate,BRX
2019Q3,2019,Q3,2019-10-28,2019-09-30,80854000.0,292965000.0,112317000.0,0.27,219704000.0,0.749932585803765,8160161000.0,2759363000.0,280099000.0,548288000.0,5400798000.0,0.0,-456939000.0,6047048990.0,10889595990.0,9.258644234995689,0.5108610803081592,0.5946586102896745,1.758561668037152,0.014755501044223938,9.258644234995689,0.0293016902814164,20.640858088850205,18.69743299651223,2.1914655628853468,1.033492467905113,0.0,0.013818641148465378,0.035901865171532765,0.49518501225633244,0.0099083829350916,40.60438734673596,0.749932585803765,0.1739130434782609,1.4497550433344681,-0.2174319434414541,-0.07170185456209291,0.0054688822886013845,0.1724767981438515,0.005154777565978468,0.42986130832696606,-0.06502253832030166,-0.027275037028610158,REIT—Retail,Real Estate,BRX
2019Q2,2019,Q2,2019-07-29,2019-06-30,68960000.0,291005000.0,111741000.0,0.23,218509000.0,0.7508771326953145,8220523000.0,2764181000.0,282837000.0,530805000.0,5456342000.0,0.0,-453968000.0,5315836199.999999,10246377200.0,9.271419467364325,0.5328453952016278,0.599175624227315,1.7819155113214367,0.014531222081225866,9.271419467364325,0.024947715073651112,18.267164481709933,19.271447940835266,1.9231143691386345,1.2133845707656612,0.0,0.01574070322181861,0.03539981580247388,0.4677894895488927,0.008388760666444216,34.480577807471015,0.7508771326953145,0.09523809523809533,1.2563276457520633,-0.27453797290119153,-0.13364140710073402,0.009023111911523631,0.09634340222575517,0.05698232072419762,0.0760924175629667,-0.0559943807803317,-0.029937768351798406,REIT—Retail,Real Estate,BRX
2019Q1,2019,Q1,2019-04-29,2019-03-31,62900000.0,291139000.0,105717000.0,0.21,216555000.0,0.7438199622860558,8183930000.0,2792771000.0,278524000.0,518094000.0,5391159000.0,0.0,-439101000.0,5470333680.0,10372683680.0,9.352914778683116,0.5375935641022671,0.5954431428421308,1.7448852770241456,0.013790668101952612,9.352914778683116,0.022522433812152878,18.789422509522943,21.742184737678855,1.95874766674389,1.3369952305246422,0.0,0.01537328523623078,0.035574473388702,0.5141422212957494,0.0076857939889515186,56.48953592597947,0.7438199622860558,-0.19230769230769237,2.1200633478266453,-0.27716325326677865,-0.08050273867803961,-0.019047834752672587,-0.18895221394125383,0.024886088221037325,0.042088527618022446,-0.0971777363321938,-0.019281021118465247,REIT—Retail,Real Estate,BRX
2018Q4,2018,Q4,2019-02-11,2018-12-31,77554000.0,297655000.0,103150000.0,0.26,220760000.0,0.7416640069879559,8242421000.0,2836099000.0,312206000.0,520459000.0,5406322000.0,0.0,-416188000.0,4393955280.0,9268316280.0,9.481729251919013,0.5998666561631175,0.5927703765677584,1.7227406377562984,0.013358004092742234,9.481729251919013,0.02734530776252874,14.761906502494499,14.164180055187353,1.549295451251878,1.0640972741573613,0.0,0.018781483820654636,0.036112569353106326,0.5769618740381087,0.009409128701385187,31.051151391803938,0.7416640069879559,-0.4693877551020408,5.641185046885972,-0.31579383510304326,-0.13509661694256003,-0.039338555265448216,-0.47366063551097415,-0.1426600395631431,0.3984468253031547,-0.08643441874004645,-0.012543645961199345,REIT—Retail,Real Estate,BRX
2018Q3,2018,Q3,2018-10-29,2018-09-30,147346000.0,306480000.0,120314000.0,0.49,229800000.0,0.749804228660924,8497438000.0,2874262000.0,326526000.0,516468000.0,5623176000.0,0.0,-410580000.0,5176172100.0,10293998100.0,9.512069364927028,0.6322289086642348,0.6009703159940678,1.7767023326335596,0.015075109917716769,9.512069364927028,0.051263941839679195,16.889102388410336,8.782342411738357,1.8008699624460123,0.5654038793044942,0.0,0.01609490534520674,0.03606734170934816,0.5443009053803914,0.017340050024489736,43.196322259219386,0.749804228660924,0.8846153846153845,6.784849113531132,-0.2273177600297808,0.32320916395070054,-0.01879574042920214,0.8335282845125805,-0.0023632036749890134,1.7065415247687674,-0.0329170529797461,-0.012480726770656607,REIT—Retail,Real Estate,BRX
2018Q2,2018,Q2,2018-07-30,2018-06-30,80362000.0,313030000.0,120599000.0,0.26,234202000.0,0.7481774909753058,8850547000.0,2856971000.0,352842000.0,510222000.0,5993576000.0,0.0,-475054000.0,5277385680.0,10738547680.0,9.435922926519936,0.6915460329033244,0.619549729525192,1.919289345254117,0.014459748271200463,9.435922926519936,0.028128391922774155,16.85904124205348,16.41754087752918,1.847196096845225,1.0379408177994573,0.0,0.015805363689090843,0.03536843541986727,0.5970655910564421,0.009079890768333302,33.85044341673989,0.7481774909753058,0.3,2.3711519080886,-0.1695011343191408,0.28508561857274545,-0.007450415324631293,0.31693487594638,-0.0011347071296050888,0.4639547685827764,-0.011339019993476196,-0.02385041862038246,REIT—Retail,Real Estate,BRX
2018Q1,2018,Q1,2018-04-30,2018-03-31,61022000.0,317175000.0,120736000.0,0.2,235960000.0,0.7439426184283124,8987858000.0,2861576000.0,339144000.0,504171000.0,6126282000.0,0.0,-471832000.0,4638409500.0,10260251500.0,9.408189164841957,0.6726765323669945,0.6255228998945022,1.9646904363190074,0.014231548146460377,9.408189164841957,0.021324612730886757,14.62413336486167,19.003021451279867,1.620928292661107,1.3792566615319066,0.0,0.018145228445224596,0.03528927582077954,0.5428852512342043,0.006789381852717299,37.27126958617919,0.7439426184283124,-0.13043478260869565,3.299522854668892,-0.18816039778919963,0.24139097315662209,-0.022668814950731673,-0.12696005493876616,-0.03365588557799281,0.9532331289547442,-0.020387537893099123,-0.03754220099437978,REIT—Retail,Real Estate,BRX
2017Q4,2017,Q4,2018-02-12,2017-12-31,69896000.0,320060000.0,124941000.0,0.23,241433000.0,0.7543366868712117,9153926000.0,2908348000.0,370894000.0,569340000.0,6245578000.0,0.0,-449375000.0,5689284720.0,11336590720.0,9.538944937879643,0.6514455334246672,0.6200878180575198,1.951705229222913,0.014554108957613098,9.538944937879643,0.02403288739861942,17.77568180966069,20.34910695891038,1.9561911848238243,1.1342995307313724,0.0,0.01393549521634769,0.03496423283299428,0.556881652439667,0.0076356308757575715,43.48675145993212,0.7543366868712117,-0.14814814814814817,3.309039909023961,-0.1928087860154984,0.2383900446828301,0.010539313144842308,-0.16171743823458862,0.03580607186085457,1.6986559063158406,-0.09166134858171071,-0.10677123941811459,REIT—Retail,Real Estate,BRX
2017Q3,2017,Q3,2017-10-30,2017-09-30,83380000.0,314496000.0,120622000.0,0.27,238915000.0,0.7596757987382987,9196220000.0,2921341000.0,390731000.0,561191000.0,6274879000.0,0.0,-435458000.0,5732796800.0,11445346800.0,9.580177479864627,0.6962531473241731,0.6213083201576299,1.9558442509792593,0.01396891660699692,9.580177479864627,0.028541686848608225,18.228520553520553,17.188764691772608,1.9623853565879505,0.9511033821060206,0.0,0.013833213136038592,0.034198398907377164,0.4966063247628704,0.00906676873759001,41.26511092236154,0.7596757987382987,0.08000000000000007,3.1557264153570306,-0.17823276050421705,0.0,-0.027729734789137626,0.10527850685331,-0.026095241171056244,1.469083526740122,-0.17894122961905232,-0.03946401202999925,REIT—Retail,Real Estate,BRX
2017Q2,2017,Q2,2017-07-31,2017-06-30,75438000.0,322818000.0,123854000.0,0.25,245729000.0,0.7611998091804051,9297074000.0,2915748000.0,366660000.0,561378000.0,6381326000.0,0.0,-439213000.0,5451862320.0,11242106320.0,9.562525826954486,0.6531428021760739,0.6259978139358684,1.9960394382504936,0.014177920110773085,9.562525826954486,0.025872606274616326,16.888346746463952,18.06736101169172,1.869798871507414,1.0513269174686497,0.0,0.014547322611037616,0.034722537434896186,0.5317183787038323,0.008114165811738188,31.325880818446652,0.7611998091804051,0.08695652173913039,2.620850769017436,-0.14502683247202527,0.0,0.015770067048620585,0.05391246035848503,-0.01684447831332952,1.4134480758199062,-0.21310849212269833,-0.10643926216852377,REIT—Retail,Real Estate,BRX
2017Q1,2017,Q1,2017-05-01,2017-03-31,71579000.0,325806000.0,125976000.0,0.23,241914000.0,0.7425093460525589,9359098000.0,2920969000.0,310651000.0,512647000.0,6437481000.0,0.0,-434453000.0,6536050740.0,12425731740.0,9.590500018058306,0.6059744814658039,0.6330560915165115,2.028379623337324,0.014241330040924493,9.590500018058306,0.024505224122542895,20.061173643210992,22.828101608013526,2.2376309847862133,1.1105631539976808,0.0,0.012162237283978,0.03481168804942528,0.5191720618671327,0.007648066085000927,60.435050762829405,0.7425093460525589,-0.2580645161290322,2.385142569311094,-0.14800360782151925,0.0,-0.010621199046259678,-0.23200969925860757,-0.005722133211261158,2.48097612529626,-0.2069481799345877,-0.05714542364787233,REIT—Retail,Real Estate,BRX
2016Q4,2016,Q4,2017-02-13,2016-12-31,93203000.0,324034000.0,126701000.0,0.31,244511000.0,0.7545843954646735,9319685000.0,2922884000.0,306658000.0,553636000.0,6392525000.0,0.0,-426552000.0,7430810640.000001,13243870640.0,9.605523641765148,0.5538982291613984,0.62651141106164,1.997646502563906,0.01446065767739018,9.605523641765148,0.031887341406638105,22.93219427590932,19.931790393013102,2.5422872204302327,0.8001673765865905,0.0,0.010036320882481806,0.034768771691317896,0.4609364275444516,0.010000659893547904,49.98661769454311,0.7545843954646735,0.631578947368421,4.085066306086705,-0.18117498543964608,0.24703360061240462,0.019968797450401296,0.6211472900577472,0.07939036649571485,6.482742830413216,-0.2678371570965517,-0.123804353291414,REIT—Retail,Real Estate,BRX
2016Q3,2016,Q3,2016-10-24,2016-09-30,57492000.0,318577000.0,117382000.0,0.19,239724000.0,0.7524837009576962,9312709000.0,2884155000.0,279471000.0,566744000.0,6424175000.0,0.0,-440348000.0,8420731270.0,14273599270.0,9.518254992360063,0.49311682170433213,0.6289717632108981,2.0309002116737833,0.013427998077236785,9.518254992360063,0.019933741425131452,26.43232647052361,36.61696962186043,2.919652816856237,1.2834133444653169,0.0,0.008762421888805863,0.03420884299079892,0.4125478170037971,0.006173499032343864,56.86609447595894,0.7524837009576962,-0.09523809523809519,2.4958450460262918,-0.1622864237989057,0.0,-0.000979333969553132,-0.10804269579247859,0.01786302700265344,3.2508740041803343,-0.19905389675834684,0.32406963695506663,REIT—Retail,Real Estate,BRX
2016Q2,2016,Q2,2016-07-25,2016-06-30,64456000.0,310057000.0,115322000.0,0.21,239959000.0,0.773918989089103,9427789000.0,2866042000.0,360709000.0,560215000.0,6526748000.0,0.0,-423018000.0,7934613120.0,13815626120.0,9.557551221854657,0.6438760118882929,0.6328666244015432,2.0818023601887203,0.013056441637914199,9.557551221854657,0.02248955179303025,25.59082078456542,30.775308427454387,2.7684915713028633,1.1386682387985603,0.0,0.009249852373394608,0.032887562502724656,0.5584427407334684,0.0068368097758657945,50.714337613529594,0.773918989089103,0.049999999999999906,2.4081783570878654,-0.165016810134543,0.0,-0.015197281480083065,0.06579360748714387,-0.03672767062872226,2.11041090272515,-0.16942251541353967,0.3016502698912588,REIT—Retail,Real Estate,BRX
2016Q1,2016,Q1,2016-04-26,2016-03-31,60477000.0,323104000.0,119719000.0,0.2,243662000.0,0.754128701594533,9465258000.0,2853218000.0,343097000.0,552785000.0,6560182000.0,0.0,-413445000.0,7664991600.0,13589732600.0,9.536793903335784,0.620669880695026,0.63467863210913,2.1054812495925654,0.013511364617467297,9.536793903335784,0.021196067037289126,23.72298578785778,31.685564760156755,2.686437419082594,1.2144616961820196,0.0,0.009582137050221947,0.034135783726127696,0.540691227149796,0.006389366248653761,67.23558884931843,0.754128701594533,0.11111111111111122,2.1913852772313946,-0.13985008276275518,0.0,0.004472806572758341,0.09140619360427345,0.06820432745929066,3.3169049547471396,-0.15922400286271587,0.2583601006554617,REIT—Retail,Real Estate,BRX
2015Q4,2015,Q4,2016-02-29,2015-12-31,55412000.0,325551000.0,112075000.0,0.18,242577000.0,0.7451274915451035,9498007000.0,2869783000.0,314477000.0,603439000.0,6577705000.0,0.0,-400945000.0,7716771760.0,13644510760.0,9.602175542379914,0.5211413249723668,0.6290020632749587,2.0817831870911494,0.012672363077138085,9.602175542379914,0.01930877700509063,23.70372617500791,34.815436006641164,2.6889739607489482,1.2070129213888687,0.0,0.008667225373528476,0.03427571700041914,0.4524318116661336,0.005834066030905221,63.199906307073654,0.7451274915451035,0.0,2.867452456504718,-0.16241156780584254,0.24659893483183004,0.01242064932951031,0.03047998065943875,-0.009754459749600191,2.867452456504718,-0.16241156780584254,0.24659893483183004,REIT—Retail,Real Estate,BRX
2015Q3,2015,Q3,2015-10-26,2015-09-30,53773000.0,313025000.0,113179000.0,0.18,239601000.0,0.7654372653941378,9527623000.0,2874891000.0,287249000.0,626600000.0,6595936000.0,0.0,-382797000.0,7007934720.0,12963876720.0,9.632287311032487,0.4584248324289818,0.6265294082270048,2.0763695040959815,0.012796935221133515,9.632287311032487,0.018704361313176744,22.38777963421452,32.581103527792756,2.4376349294634125,1.248953935990181,0.0,0.009583422603571284,0.0328544695775641,0.3742195978295563,0.005643905095741089,49.86753613081811,0.7654372653941378,0.0,2.420406866721416,-0.16434028612441334,0.0,0.008973765107171431,-0.0062647841513897105,0.02685562380351845,2.420406866721416,-0.16434028612441334,0.0,REIT—Retail,Real Estate,BRX
2015Q2,2015,Q2,2015-07-27,2015-06-30,54112000.0,312111000.0,110219000.0,0.18,237470000.0,0.7608511074585644,9577504000.0,2885094000.0,293291000.0,636610000.0,6635261000.0,0.0,-369194000.0,6903472320.0,12879422320.0,9.666472338372467,0.4607074975259578,0.6263271725075761,2.079187367898585,0.01240681717001107,9.666472338372467,0.018755714718480577,22.118644712938664,31.89436871673566,2.3928067231085017,1.2411110289769367,0.0,0.009728292790489526,0.032587926875311146,0.3646314069838677,0.0056499062803836994,43.56712475387489,0.7608511074585644,0.7999999999999998,2.187768658908963,-0.15552027356317458,0.0,0.006467636388295527,0.7786543075962266,0.17017730119970273,2.187768658908963,-0.15552027356317458,0.0,REIT—Retail,Real Estate,BRX
2015Q1,2015,Q1,2015-04-27,2015-03-31,30423000.0,315293000.0,94190000.0,0.1,235944000.0,0.7483325034174562,9639179000.0,2895298000.0,328700000.0,627203000.0,6686461000.0,0.0,-355872000.0,7863817950.0,13874919950.0,9.775170583647604,0.5240727483765224,0.6286072703909742,2.09279252083896,0.01051866781557902,9.775170583647604,0.01050772666578708,24.941302058719984,64.62066487525885,2.7160651338825916,2.2048778884396674,0.0,0.008530080480817845,0.03270952847747718,0.4257202213637371,0.0031561816623594187,69.6301296297936,0.7483325034174562,0.25000000000000006,1.6053794286745409,-0.15216805024014624,0.0,0.009053702095994046,0.31712702398476056,-0.08040927108351395,1.6053794286745409,-0.15216805024014624,0.0,REIT—Retail,Real Estate,BRX
2014Q4,2014,Q4,2015-02-19,2014-12-31,23098000.0,314234000.0,102426000.0,0.08,233827000.0,0.744117441142588,9702402000.0,2903710000.0,316498000.0,679102000.0,6722099000.0,0.0,-318762000.0,6754095360.0,12756812360.0,10.679173531834765,0.4660537003277858,0.6228351494815407,2.081129658264772,0.011448458075133118,10.679173531834765,0.007954651118741196,21.493840131876244,73.10259935925188,2.32602269510385,2.1222183738851848,0.0,0.0072576707001069055,0.03238723771701069,0.3877679641644407,0.0023806475963374842,63.16961616161616,0.744117441142588,-0.2727272727272727,1.8556259075564114,-0.11135432503709385,0.38641980569019363,0.0017522213368292077,-0.1454679985201628,0.025562464329698716,1.8556259075564114,-0.11135432503709385,0.38641980569019363,REIT—Retail,Real Estate,BRX
2014Q3,2014,Q3,2014-11-04,2014-09-30,27030000.0,306592000.0,99873000.0,0.11,233418000.0,0.7613310197265422,9775410000.0,2434381000.0,340838000.0,677701000.0,6753996000.0,0.0,-275043000.0,5433176280.0,11295001280.0,9.973782971017462,0.5029327092626394,0.6069676872888196,2.437316919578324,0.011935482213295611,9.973782971017462,0.011103438615401615,17.721193899384197,50.25135294117648,2.2318512508929373,1.8135035146133924,0.0,0.009022162630806449,0.03136359497964791,0.4199462594861156,0.0027651014126261714,35.36073075170843,0.7613310197265422,0.09999999999999995,1.8730876829441205,0.0008628725986406275,0.0,0.004639752087458036,0.1515358070975163,0.001263195885590544,1.8730876829441205,0.0008628725986406275,0.0,REIT—Retail,Real Estate,BRX
2014Q2,2014,Q2,2014-08-05,2014-06-30,23473000.0,308077000.0,99747000.0,0.1,232340000.0,0.7541621088234435,9800203000.0,2450430000.0,319535000.0,667679000.0,6757784000.0,0.0,-252967000.0,5255045100.0,11162030100.0,10.701595786494773,0.4785757826740095,0.6068413072667984,2.4269895487730726,0.01187803941079342,10.701595786494773,0.00957913509057594,17.057570347672822,55.969039960806036,2.1445399786976163,1.9570996464022494,0.0,0.00874188501255679,0.03143577740175382,0.38133294592161804,0.002395154467718679,39.791654803731525,0.7541621088234435,0.4285714285714285,1.671591315867359,0.08651975395480938,0.0,0.01741971081002969,0.5241218102720603,0.07765857453083978,1.671591315867359,0.08651975395480938,0.0,REIT—Retail,Real Estate,BRX
2014Q1,2014,Q1,2014-05-07,2014-03-31,15401000.0,307696000.0,92559000.0,0.07,228362000.0,0.7421675939888721,9850809000.0,2320313000.0,314307000.0,660826000.0,6779654000.0,0.0,-227323000.0,4865650290.0,10811259290.0,10.171770131469929,0.47562747228468616,0.6066396171116504,2.5754676201012536,0.011156789297852366,10.171770131469929,0.006637466583172184,15.813173684415787,78.9827006363223,2.096980144489127,1.894032855009415,0.0,0.005995087657645861,0.03123560714658055,0.37663469657670856,0.0015634248923108753,56.20091353261874,0.7421675939888721,2.166666666666667,1.397917859661622,0.07432625538669918,0.0,-0.026154075779867374,2.2901901650330903,0.44440629827874095,1.397917859661622,0.07432625538669918,0.0,REIT—Retail,Real Estate,BRX
2013Q4,2013,Q4,2014-03-12,2013-12-31,-11937000.0,310775000.0,64081000.0,-0.06,234495000.0,0.7545491110932346,10171916000.0,2342468000.0,389981000.0,709529000.0,6887396000.0,0.0,-196707000.0,4344012750.0,10233490750.0,10.962761202761202,0.5496336301969335,0.58801989713639,2.553413323042193,0.007698566885121706,10.962761202761202,-0.005095907393398757,13.97799935644759,-90.97789959788891,1.8544598047870877,-1.5978889168132697,0.0,0.004390871090330018,0.0305522578047243,0.4432856162327403,-0.0011735252237631533,37.018524120770024,0.7545491110932346,0.288205566232472,0.4373133299315822,0.11836461314157935,0.4232364715538876,0.06373471841048788,0.3663676415945645,-0.22741849922839505,0.4373133299315822,0.11836461314157935,0.4232364715538876,REIT—Retail,Real Estate,BRX
2013Q3,2013,Q3,2013-09-30,2013-09-30,-18839000.0,293368000.0,82944000.0,-0.084294,220445000.0,0.7514282402988738,9404875000.0,1606606000.0,420765000.0,606163000.0,7277865000.0,0.0,-136524000.0,4559246184.0,10922089184.0,7.188636251979149,0.6941449742066078,0.6887127154800037,4.031639991385567,0.010260441078726841,7.188636251979149,-0.01172596143671815,15.541048048866951,-60.502762673177976,2.8378122476823813,-0.5018843887679814,0.0,0.0020738077345287746,0.031193184385757387,0.5586649135628535,-0.002003110089182472,43.463614025052905,0.7514282402988738,0.5645363764574605,0.3354381261464654,0.04590505255051854,0.0,0.05191204680148497,0.564537007073182,0.041395156126407776,0.3354381261464654,0.04590505255051854,0.0,REIT—Retail,Real Estate,BRX
2013Q2,2013,Q2,2013-06-30,2013-06-30,-43262000.0,278220000.0,79647000.0,-0.193573,209566000.0,0.7532384443965208,9449961000.0,1641025000.0,451174000.0,604882000.0,7279949000.0,0.0,-108232000.0,4559246184.0,10921202184.0,7.342641447501182,0.745887627669529,0.6857561634381348,3.948976401943907,0.009807060216509629,7.342641447501182,-0.026362791547965447,16.387197843433253,-26.34671411400305,2.7782917286452062,-0.21859830798391197,0.0,0.0020742464035366074,0.0294413913454246,0.5739185494030241,-0.004578008311357052,59.89787017354862,0.7532384443965208,-1.218678006120554,-0.2681596998299819,0.0053043880441693576,0.0,-0.007793117815275647,-1.21867788091697,0.15358544675057573,-0.2681596998299819,0.0053043880441693576,0.0,REIT—Retail,Real Estate,BRX
2013Q1,2013,Q1,2013-03-31,2013-03-31,-19499000.0,287073000.0,69043000.0,-0.087247,211212000.0,0.7357431733391855,9529999000.0,1693793000.0,396217000.0,596110000.0,7290269000.0,0.0,-55514000.0,4559246184.0,10976683184.0,7.578747846795369,0.664670949992451,0.6818991271667499,3.8366541838347423,0.00842780120969824,7.578747846795369,-0.0115120324620541,15.881835574923452,-58.454871839581514,2.6917375287298975,-0.4849479460485153,0.0,0.002074027069032691,0.0301230881556231,0.5070725201724514,-0.002046065272409787,135.5788683240157,0.7357431733391855,0.12120265914585,0.4857858649789029,0.023042903420085713,0.0,-0.018850745575324013,0.12123124070485376,0.05960803572798846,0.4857858649789029,0.023042903420085713,0.0,REIT—Retail,Real Estate,BRX
2012Q4,2012,Q4,2012-12-31,2012-12-31,-22189000.0,290651000.0,65159000.0,-0.09928,215270000.0,0.740647718397666,9603729000.0,1721495000.0,375085000.0,632112000.0,7327375000.0,0.0,-26559000.0,4559246184.0,10980387184.0,7.702698337116161,0.5933837674336193,0.6767533736114378,3.7754138118321574,0.007926065075258023,7.702698337116161,-0.012889378127732,15.686325469377364,-51.368315201225826,2.6484225536524937,-0.4395421154626166,0.0,0.002139169416695837,0.03026439000933908,0.4507508163110335,-0.0023104566986427875,54.60240462760033,0.740647718397666,0.21728778549522643,0.0,0.0,0.0,0.022072822747969102,0.21726400451530972,-0.0069950318510164896,0.0,0.0,0.0,REIT—Retail,Real Estate,BRX
2012Q3,2012,Q3,2012-09-30,2012-09-30,-28348000.0,280492000.0,65618000.0,-0.126841,210621000.0,0.7508984213453503,,,,,,,,4559246184.0,,,0.0,0.0,0.0,0.0,,0.0,16.25446067624032,-40.20782933540284,0.0,-0.3335685057146889,0.0,0.002074027069032691,0.0,0.0,0.0,59.036180970632415,0.7508984213453503,0.1690186058700209,0.0,0.0,0.0,0.01776809185093552,0.1690215160930996,0.20353625208635204,0.0,0.0,0.0,REIT—Retail,Real Estate,BRX
2012Q2,2012,Q2,2012-06-30,2012-06-30,-34114000.0,276752000.0,54521000.0,-0.15264,206944000.0,0.7477597271203099,,,,,,,,4559246184.0,,,0.0,0.0,0.0,0.0,,0.0,16.474121899751403,-33.411841062320455,0.0,0.0,0.0,0.0,0.0,0.0,0.0,67.5684122354615,0.7477597271203099,0.10037130901161072,0.0,0.0,0.0,-0.0013801090575688848,0.10036919831223629,0.20792715349166963,0.0,0.0,0.0,REIT—Retail,Real Estate,BRX
2012Q1,2012,Q1,2012-03-31,2012-03-31,-37920000.0,280607000.0,45136000.0,-0.16967,207230000.0,0.7385061669879939,,,,,,,,4559246184.0,,,0.0,0.0,0.0,0.0,,0.0,16.247799178210094,-30.058321360759493,0.0,0.0,0.0,0.0,0.0,0.0,0.0,112.1751349276646,0.7385061669879939,0.0,0.0,0.0,0.0,0.0,0.0,0.0,0.0,0.0,0.0,REIT—Retail,Real Estate,BRX
