Quarters,Year,Quarter,FillingDate,Date,NetIncome,Revenue,OperatingIncome,EPSDiluted,GrossProfit,GrossProfitRatio,TotalAssets,CommonStockEquity,CurrentAssets,CurrentLiability,TotalLiability,Inventory,RetainedEarnings,MarketCap,EnterpriseValue,bookValuePerShare,currentRatio,debtToAssets,debtToEquity,roic,shareholdersEquityPerShare,roe,priceToSalesRatio,peRatio,pbRatio,payoutRatio,inventoryTurnover,dividendYield,assetTurnover,quickRatio,returnOnAssets,priceToFreeCashFlowsRatio,grossProfitMargin,epsdilutedGrowth,fiveYNetIncomeGrowthPerShare,fiveYRevenueGrowthPerShare,fiveYShareholdersEquityGrowthPerShare,grossProfitGrowth,netIncomeGrowth,operatingIncomeGrowth,threeYNetIncomeGrowthPerShare,threeYRevenueGrowthPerShare,threeYShareholdersEquityGrowthPerShare,Industry,Sector,Symbol
2023Q1,2023,Q1,2023-05-08,2023-03-31,142200000.0,446800000.0,521100000.0,1.28,446800000.0,1.0,71047000000.0,5521000000.0,3639000000.0,1007000000.0,65526000000.0,0.0,3764000000.0,3845428000.0,30050428000.0,51.02587800369686,3.6137040714995035,0.42005996030796516,5.405542474189458,0.011291758583752694,51.02587800369686,0.025756203586306828,8.606598030438676,6.760597749648382,0.6965093280202861,0.29957805907172996,0.0,0.011078090657268839,0.006288794741509142,11.205561072492552,0.002001491970104297,11.695340632603406,1.0,-0.5205992509363295,0.3615140262590475,0.9515559211147603,1.32532089310292,-0.2554574237627062,-0.5146757679180888,-0.1558399481613478,0.5860200978660777,0.5953774394253906,0.723660916638334,Banks—Regional,Financial Services,WAL
2022Q4,2022,Q4,2023-02-23,2022-12-31,293000000.0,600100000.0,617300000.0,2.67,600100000.0,1.0,67734000000.0,5356000000.0,7351000000.0,3609000000.0,62378000000.0,0.0,3664000000.0,6432480000.0,12766480000.0,49.592592592592595,2.036852313660294,0.10967903859213984,1.387042569081404,0.03823738271800166,49.592592592592595,0.054705003734129946,10.719013497750375,5.488464163822526,1.2009858103061986,0.1447098976109215,0.0,0.006591547894435739,0.008859656893140815,2.254087004710446,0.0043257448253462075,8.720824295010846,1.0,0.10330578512396695,2.1697308297480737,1.6545717184543498,1.3207583701004784,0.022491054694155733,0.10984848484848485,0.3176093916755603,1.1525288426388656,1.0458255644681935,0.6703595198341861,Banks—Regional,Financial Services,WAL
2022Q3,2022,Q3,2022-11-01,2022-09-30,264000000.0,586900000.0,468500000.0,2.42,586900000.0,1.0,69165000000.0,5021000000.0,600000.0,149000000.0,64144000000.0,0.0,3413000000.0,7067049999.999999,12900050000.0,46.70697674418604,0.004026845637583893,0.10761223162003904,1.4823740290778729,0.029751435373735986,46.70697674418604,0.05257916749651464,12.04131879366161,6.692282196969696,1.4074985062736507,0.15984848484848485,0.0,0.0059713741943243645,0.008485505674835539,57.51677852348993,0.003816959444805899,15.562761506276148,1.0,0.012552301255230044,2.088988221372851,1.7663303228511236,1.2687297574349194,390.26666666666665,0.014604150653343582,0.23159831756046267,0.9673696693064335,1.1046013625399214,0.6304905552680486,Banks—Regional,Financial Services,WAL
2022Q2,2022,Q2,2022-07-29,2022-06-30,260200000.0,1500000.0,380400000.0,2.39,1500000.0,1.0,66055000000.0,4959000000.0,600000.0,151000000.0,61096000000.0,0.0,3192000000.0,7575379999.999999,12060380000.0,46.21621621621622,0.003973509933774834,0.09644992809022784,1.2847348255696713,0.026641555043001662,46.21621621621622,0.052470256100020166,5050.253333333333,7.278420445810914,1.5276023391812863,0.1579554189085319,0.0,0.005425470405445007,2.270834910302021e-05,60.62251655629139,0.0039391416244039055,23.980310224754668,1.0,0.062222222222222276,2.1584949311133674,-0.9926360110261762,1.3383630906580144,-0.9663677130044843,0.08371511870054144,0.12911843276936777,1.0321034907895916,-0.9944355216355343,0.6698377906705162,Banks—Regional,Financial Services,WAL
2022Q1,2022,Q1,2022-04-29,2022-03-31,240100000.0,44600000.0,336900000.0,2.25,44600000.0,1.0,60576100000.0,5011600000.0,600000.0,154900000.0,55564500000.0,0.0,2972600000.0,8778920000.0,8110420000.0,47.27924528301887,0.003873466752743706,0.03192348137301675,0.3858647936786655,0.03820399971197408,47.27924528301887,0.04790885146460212,196.83677130044842,9.140899625156184,1.7517200095777794,0.16867971678467306,0.0,0.004613323734582387,0.0007362639720946049,61.03615235635894,0.003963609410311987,14.712451818334172,1.0,-0.042553191489361736,2.2553806965599352,-0.7646264593748548,1.5315332444924217,-0.9161496521902613,-0.023983739837398373,-0.016924423694193173,0.9507645901682362,-0.8264901319519173,0.8078973632952422,Banks—Regional,Financial Services,WAL
2021Q4,2021,Q4,2022-02-25,2021-12-31,246000000.0,531900000.0,342700000.0,2.35,531900000.0,1.0,55982600000.0,4962600000.0,6705200000.0,919400000.0,51020000000.0,0.0,2773000000.0,11184835000.0,12533935000.0,47.76323387872955,7.293017185120731,0.03332285388674338,0.37591182041671706,0.03901204037614433,47.76323387872955,0.04957078950550115,21.028078586200415,11.366702235772358,2.253825615604723,0.16260162601626016,0.0,0.0035762709060974075,0.009501166433856234,7.293017185120731,0.004394222490559567,19.371033945271908,1.0,0.03070175438596504,2.520556188311993,1.8770590452587557,1.620763687897771,0.039679437060203285,0.038412832418742084,0.0,1.0813214516463763,1.2080680280801195,0.9129897592336957,Banks—Regional,Financial Services,WAL
2021Q3,2021,Q3,2021-11-03,2021-09-30,236900000.0,511600000.0,0.0,2.28,511600000.0,1.0,52775100000.0,4514000000.0,0.0,841000000.0,48261100000.0,0.0,2567000000.0,11241106000.0,12106606000.0,43.69796708615682,0.0,0.03379245136437449,0.3950819672131147,0.0,43.69796708615682,0.05248116969428445,21.9724511336982,11.862712114816379,2.490276030128489,0.15407344871253695,0.0,0.0032470114595485535,0.009693965525408762,8.68192627824019,0.004488859329494402,-8.477455505279035,1.0,0.05069124423963128,2.549085395802388,1.8229176311209574,1.441349709638723,0.116542994325622,0.058534405719392314,0.0,1.1621679974918382,1.2586783470723077,0.8398012756355119,Banks—Regional,Financial Services,WAL
2021Q2,2021,Q2,2021-07-30,2021-06-30,223800000.0,458200000.0,0.0,2.17,458200000.0,1.0,49069000000.0,4034500000.0,39225200000.0,1313300000.0,45034500000.0,0.0,2366600000.0,9535695000.0,7997695000.0,39.284323271665045,29.86766161577705,0.037860971285332896,0.4604783740240426,0.0,39.284323271665045,0.055471557813855495,20.811206896551724,10.65202747989276,2.363538232742595,0.11528150134048257,0.0,0.002705623449575516,0.009337871161018158,7.622782304119394,0.004560924412561902,-4.61888835069024,1.0,0.14210526315789476,2.716602574485389,1.75409761248902,1.2982541624088333,0.42919525888958204,0.1625974025974026,0.0,1.1794124204052276,1.0396456060511399,0.7195896647023124,Banks—Regional,Financial Services,WAL
2021Q1,2021,Q1,2021-04-30,2021-03-31,192500000.0,320600000.0,0.0,1.9,320600000.0,1.0,43397000000.0,3712700000.0,34574100000.0,647000000.0,39684300000.0,0.0,2168600000.0,9519552000.0,4806352000.0,36.83234126984127,53.43755795981453,0.01459317464340853,0.17057666927034235,0.0,36.83234126984127,0.051849058636571764,29.69292576419214,12.363054545454544,2.564050960217631,0.13142857142857142,0.0,0.0026576880928850435,0.007387607438302187,18.989799072642967,0.004435790492430352,106.1265551839465,1.0,-0.015544041450777216,2.1727506983847475,1.0595379190842054,1.260640318866567,-0.01503560741519045,-0.005656137813476588,0.0,0.9784267977095035,0.5031353296962754,0.6785014986014285,Banks—Regional,Financial Services,WAL
2020Q4,2020,Q4,2021-02-25,2020-12-31,193595000.0,325494000.0,0.0,1.93,325494000.0,1.0,36461000000.0,3413500000.0,30112500000.0,472400000.0,33047500000.0,0.0,2001400000.0,5989005000.0,3950905000.0,34.169169169169166,63.743649449618964,0.01737747181920408,0.18561593672183976,0.0,34.169169169169166,0.05671451589277867,18.399740087374884,7.7339355355251955,1.7545056393730778,0.13054056148144322,0.0,0.004219732660099632,0.008927182468939414,15.622777307366638,0.005309645923041058,26.454721340006273,1.0,0.4193994395946252,2.2568208031290036,1.1389404377514631,1.1721817010104423,0.0903846733643091,0.42591460495400274,0.0,1.2641602803618792,0.5565823118247502,0.5989965678981858,Banks—Regional,Financial Services,WAL
2020Q3,2020,Q3,2020-10-30,2020-09-30,135769000.0,298513000.0,0.0,1.35973,298513000.0,1.0,33335506000.0,3224046000.0,27788266000.0,551000000.0,30111460000.0,0.0,1833012000.0,3157257000.0,2445907000.0,32.28889334001001,50.43242468239564,0.021220166869523445,0.21940909031694958,0.0,32.28889334001001,0.04211137186007892,10.576614753796317,5.813655915562462,0.9792841045071938,0.18566830425207523,0.0,0.007984145731563823,0.008954806325723689,9.78940108892922,0.004072804534600434,20.59138845228235,1.0,0.46207526881720434,1.3172474313323406,1.0155162392172357,1.0546502649071028,-0.04451685386065597,0.4556244103267862,0.0,0.7103041113360888,0.5148288644248563,0.568390383225595,Banks—Regional,Financial Services,WAL
2020Q2,2020,Q2,2020-07-31,2020-06-30,93272000.0,312421000.0,0.0,0.93,312421000.0,1.0,31906396000.0,3102414000.0,26846210000.0,539400000.0,28803982000.0,0.0,1722451000.0,3779123039.9999995,2965293039.9999995,31.088804713804713,49.77050426399703,0.022084380824459147,0.22712410400417224,0.0,31.088804713804713,0.030064330550339188,12.096251660419753,10.129307402007033,1.2181233839197476,0.2703276438802642,0.0,0.006671918255405625,0.009791798484542097,9.335159436410827,0.0029233010208987564,24.18158982857801,1.0,0.12232632905159806,1.3737975305464771,1.6060631660209757,0.8097563240053488,0.1912098889702294,0.11085703396693822,0.0,0.21738564553043146,0.6491724984848146,0.5729741512228806,Banks—Regional,Financial Services,WAL
2020Q1,2020,Q1,2020-04-30,2020-03-31,83964000.0,262272000.0,0.0,0.828636,262272000.0,1.0,29158227000.0,2999633000.0,23957891000.0,0.0,26158594000.0,0.0,1661768000.0,3101650080.0,3154566080.0,29.603199510500552,0.0,0.016071827686916628,0.15622777853157369,0.0,29.603199510500552,0.02799142428423744,11.826081625183017,9.235059311133343,1.0340098538721236,0.30496403220427803,0.0,0.008255605674254525,0.008994785588300688,0.0,0.0028795989550393446,28.878616798413454,1.0,-0.3370912,0.8131638130768948,1.110971194769247,1.4762300782370228,-0.04963927369180095,-0.3443590704647676,0.0,0.19091053851218137,0.44794179488430313,0.5850820641396834,Banks—Regional,Financial Services,WAL
2019Q4,2019,Q4,2020-03-02,2019-12-31,128064000.0,275971000.0,0.0,1.25,275971000.0,1.0,26821948000.0,3016748000.0,21946461000.0,0.0,23805200000.0,0.0,1680317000.0,5791713000.0,5828792000.0,29.689771575352577,0.0,0.017585411768004322,0.1563521381301985,0.0,29.689771575352577,0.042451010160610037,20.986672512691552,11.306286309970016,1.919853100093213,0.2002514367816092,0.0,0.00442787824603878,0.010288999143537226,0.0,0.00477459728130112,35.44478307966291,1.0,0.008064516129032265,1.7222408327439789,1.145525995823377,1.5888910824007296,0.0425645249032882,0.005409224730127576,0.0,0.8740734408580835,0.5263903166142666,0.6290746862790332,Banks—Regional,Financial Services,WAL
2019Q3,2019,Q3,2019-10-31,2019-09-30,127375000.0,264704000.0,0.0,1.24,264704000.0,1.0,26324245000.0,2923063000.0,21406349000.0,0.0,23401182000.0,0.0,1581928000.0,4702049280.0,4298649280.0,28.645965837261492,0.0,0.01780332161473197,0.16033147421044294,0.0,28.645965837261492,0.043575865453464396,17.763423597678916,9.22875226692836,1.6086034683480992,0.0,0.0,0.0,0.010055521060528042,0.0,0.004838695278819962,23.73489720201709,1.0,0.042016806722689114,1.6455670463079661,1.1453687701914141,1.4765323612729344,0.022765559556743892,0.0361082189106527,0.0,0.9317957263708664,0.47861051377846864,0.6004135899785127,Banks—Regional,Financial Services,WAL
2019Q2,2019,Q2,2019-08-01,2019-06-30,122936000.0,258812000.0,0.0,1.19,258812000.0,1.0,25314785000.0,2851264000.0,20696766000.0,0.0,22463521000.0,0.0,1513970000.0,4639975760.0,4125691760.0,27.67706927848261,0.0,0.018306416586196566,0.1625324768243137,0.0,27.67706927848261,0.043116316132073354,17.927977682642226,9.435754701633371,1.6273399306412875,0.0,0.0,0.0,0.010223748690735474,0.0,0.004856292478881413,26.827802537090786,1.0,0.025862068965517265,1.9046238130713327,1.220846287104596,1.4999312594584575,0.025908132362967542,0.017715818404582934,0.0,1.03525220144305,0.5508213327045473,0.6191939780322012,Banks—Regional,Financial Services,WAL
2019Q1,2019,Q1,2019-04-30,2019-03-31,120796000.0,252276000.0,0.0,1.16,252276000.0,1.0,23792846000.0,2720620000.0,19296321000.0,0.0,21072226000.0,0.0,1399215000.0,4397474910.0,4353609910.0,26.151509617140714,0.0,0.018986631527813023,0.1660452396880123,0.0,26.151509617140714,0.04440017348986628,17.431205941112115,9.10103585797543,1.6163502841264126,0.0,0.0,0.0,0.010603019075565823,0.0,0.0050769882678179815,29.680180545618985,1.0,0.02654867256637171,2.2219579921622628,1.1719273431893134,1.5209119456597688,0.03942613933673112,0.014359370538938246,0.0,0.9290664044237743,0.5702601900040313,0.6050882187101827,Banks—Regional,Financial Services,WAL
2018Q4,2018,Q4,2019-03-01,2018-12-31,119086000.0,242707000.0,0.0,1.13,242707000.0,1.0,23109486000.0,2613734000.0,18653515000.0,679500000.0,20495752000.0,0.0,1282705000.0,4133971160.0,4230857160.0,24.967846089182682,27.451824871228844,0.025766821468898096,0.22781889817402995,0.0,24.967846089182682,0.04556163710614776,17.032764444371196,8.678541474228709,1.581634229037844,0.0,0.0,0.0,0.010502483698685467,5.556379690949227,0.0051531219690476885,29.174520176713855,1.0,0.07619047619047604,2.1183100683075886,1.1326971211662225,1.5088678353585911,0.05652024394596971,0.07165933245142769,0.0,0.9118138974542017,0.5220299040536585,0.5872407701824871,Banks—Regional,Financial Services,WAL
2018Q3,2018,Q3,2018-10-30,2018-09-30,111123000.0,229723000.0,0.0,1.05,229723000.0,1.0,22176147000.0,2488393000.0,17894602000.0,0.0,19687754000.0,0.0,1166226000.0,5889009280.0,5617527280.0,23.751460369578496,0.0,0.016192262794794784,0.1443027688954277,0.0,23.751460369578496,0.04465653134372263,25.63526194590877,13.248853252701961,2.366591322190667,0.0,0.0,0.0,0.010359013222630603,0.0,0.005010924575851702,41.34262783971245,1.0,0.06060606060606066,2.2279860080255376,1.1748127074375918,1.4662727139320253,0.003148444118391979,0.06155962513971284,0.0,0.8075701614107378,0.4782468002085015,0.5113848538071288,Banks—Regional,Financial Services,WAL
2018Q2,2018,Q2,2018-07-31,2018-06-30,104679000.0,229002000.0,0.0,0.99,229002000.0,1.0,21367452000.0,2391684000.0,17025315000.0,509200000.0,18975768000.0,0.0,1055103000.0,5926557510.0,5855799510.0,22.84517293750179,33.435418303220736,0.02040767425147369,0.18232341730763763,0.0,22.84517293750179,0.043767905793574736,25.879937773469226,14.154122388444675,2.477985181152694,0.0,0.0,0.0,0.010717328392734895,7.277755302435192,0.004898993104091213,37.562873612757244,1.0,0.03125000000000003,1.5179086754931075,1.24246299951235,1.4475715814433145,0.03536486119902342,0.037452923686818636,0.0,1.5394421753153948,0.8208340812483382,0.3298741002506663,Banks—Regional,Financial Services,WAL
2018Q1,2018,Q1,2018-04-27,2018-03-31,100900000.0,221180000.0,0.0,0.96,221180000.0,1.0,20760731000.0,2293763000.0,16386997000.0,0.0,18466968000.0,0.0,950424000.0,6074238300.0,6298802300.0,21.943585573519563,0.0,0.03198032863101015,0.2894523104610197,0.0,21.943585573519563,0.04398885150732661,27.462873225427252,15.050144449950446,2.6481542774907436,0.0,0.0,0.0,0.010653767442003848,0.0,0.004860137150276645,69.22997834511055,1.0,0.12941176470588234,2.928685571287167,1.307411569925619,1.3964245201556176,0.012701116269699551,0.1298233041452982,0.0,1.1121444162899143,0.7256978306253092,0.8355234407092768,Banks—Regional,Financial Services,WAL
2017Q4,2017,Q4,2018-02-26,2017-12-31,89306000.0,218406000.0,0.0,0.85,218406000.0,1.0,20329085000.0,2229698000.0,15888026000.0,724500000.0,18099387000.0,0.0,848466000.0,5907844040.0,6257981040.0,21.369132276552108,21.929642512077294,0.03772452129547395,0.3439501672423799,0.0,21.369132276552108,0.04005295784451526,27.04982482166241,16.538205831635054,2.649616243993581,0.0,0.0,0.0,0.010743523380417761,5.405503105590062,0.004393016212977613,52.98039673571877,1.0,0.07594936708860751,1.2497710505895065,1.4322070162734999,1.3747481230745835,0.061836674169976714,0.07781988462188322,0.0,0.8486433782001548,0.65351416236827,0.8633473096618252,Banks—Regional,Financial Services,WAL
2017Q3,2017,Q3,2017-10-27,2017-09-30,82858000.0,205687000.0,0.0,0.79,205687000.0,1.0,19922221000.0,2145627000.0,15793062000.0,0.0,17776594000.0,0.0,758622000.0,5532050680.0,5254547680.0,20.587280874295967,0.0,0.01871533299424798,0.17377251498046958,0.0,20.587280874295967,0.038617150138397775,26.895480414416078,16.691359554901158,2.578290951782393,0.0,0.0,0.0,0.010324501469991724,0.0,0.004159074432514327,59.42435258985542,1.0,0.03947368421052635,3.2025389559134845,1.0431786904013303,1.4100306367671458,0.04021543985637343,0.03610058646259269,0.0,0.6849557175422666,0.6321789193424674,0.7798341171478337,Banks—Regional,Financial Services,WAL
2017Q2,2017,Q2,2017-07-28,2017-06-30,79971000.0,197735000.0,0.0,0.76,197735000.0,1.0,18844745000.0,2058674000.0,15205026000.0,0.0,16786071000.0,0.0,675764000.0,5124721200.0,4893490200.0,19.764345580399574,0.0,0.019923007713821547,0.1823717596860892,0.0,19.764345580399574,0.03884587846351584,25.91711735403444,16.020561203436248,2.489331093704006,0.0,0.0,0.0,0.010492845618234686,0.0,0.004243676420137285,60.32774403164289,1.0,0.0922678930727221,3.486914480239982,0.9806032185881404,1.3992337021734234,0.04919241871126581,0.09016181141540684,0.0,0.8687686124898113,0.6781463360856719,0.7852144980391282,Banks—Regional,Financial Services,WAL
2017Q1,2017,Q1,2017-04-27,2017-03-31,73357000.0,188464000.0,0.0,0.6958,188464000.0,1.0,18122506000.0,1968992000.0,14896625000.0,0.0,16153514000.0,0.0,595793000.0,5175473430.67,4895324430.67,18.676130517297814,0.0,0.02024471670750171,0.18633138174253627,0.0,18.676130517297814,0.037256118866912616,27.461337075887172,17.637967169697507,2.6284888057798104,0.0,0.0,0.0,0.010399444756701971,0.0,0.004047839741369102,60.60486235664016,1.0,0.038507462686567066,4.009699422156737,0.9151405127686912,1.323190763260682,0.020506072764881388,0.05095988538681948,0.0,0.930736263430433,0.6010755742803372,0.800312150580339,Banks—Regional,Financial Services,WAL
2016Q4,2016,Q4,2017-02-28,2016-12-31,69800000.0,184677000.0,0.0,0.67,184677000.0,1.0,17200842000.0,1891529000.0,14075603000.0,349900000.0,15309313000.0,0.0,522436000.0,5055513480.0,5218959480.0,18.22492966431572,40.227502143469565,0.02604157401131875,0.23681212394840365,0.0,18.22492966431572,0.0369013639230485,27.374894978800825,18.107139971346708,2.672712646752971,0.0,0.0,0.0,0.010736509294138042,8.27056587596456,0.0040579408845218155,-24.274077054564312,1.0,0.04687500000000004,6.705385454551236,0.9656953448928737,1.3288858860045936,0.014418957221013776,0.04098311758038537,0.0,0.8435171293673714,0.6367896010288938,0.8313129483878167,Banks—Regional,Financial Services,WAL
2016Q3,2016,Q3,2016-10-31,2016-09-30,67052000.0,182052000.0,0.0,0.64,182052000.0,1.0,17042602000.0,1857354000.0,13904607000.0,0.0,15185248000.0,0.0,452636000.0,3895450720.0,3922299720.0,17.89910184257189,0.0,0.022469104189606726,0.20617071382192087,0.0,17.89910184257189,0.03610081869153645,21.397461824094215,14.523991528962597,2.0973119394579602,0.0,0.0,0.0,0.010682171654304901,0.0,0.003934375748491926,40.32015070435656,1.0,0.09153176016318408,3.019319404755046,0.8281439287460008,1.291151847310319,0.06943465388411109,0.08825916187879378,0.0,0.9665483538826812,0.7401153746297566,0.8585832530435219,Banks—Regional,Financial Services,WAL
2016Q2,2016,Q2,2016-07-29,2016-06-30,61614000.0,170232000.0,0.0,0.586332,170232000.0,1.0,16728767000.0,1796210000.0,14100057000.0,0.0,14932557000.0,0.0,385584000.0,3430987016.85,3116847016.85,17.093115249921087,0.0,0.02284107370256278,0.21272735370585844,0.0,17.093115249921087,0.034302225240923946,20.154771234844212,13.921296364665498,1.9101257741856466,0.0,0.0,0.0,0.010176004005555222,0.0,0.0036831166337602766,85.10236672412938,1.0,-0.022780000000000022,6.60923057843038,0.7912245342663873,1.244402692057248,0.08182031940110704,0.004597926041870475,0.0,0.4764993918069322,0.660736272725649,0.831311290069717,Banks—Regional,Financial Services,WAL
2016Q1,2016,Q1,2016-05-02,2016-03-31,61332000.0,157357000.0,0.0,0.6,157357000.0,1.0,15248039000.0,1660163000.0,12782683000.0,0.0,13587876000.0,0.0,323970000.0,3401255100.0000005,2580725100.0000005,16.292879925413416,0.0,0.013801578025869425,0.12676285400891357,0.0,16.292879925413416,0.03694336038087826,21.614895428865577,13.864112942672667,2.04874768320942,0.0,0.0,0.0,0.010319818830473873,0.0,0.004022287718440385,49.85057819988569,1.0,0.052631578947368474,8.43741864613374,0.8368067879552229,1.1882008738625303,0.02102961405694412,0.018787063337818308,0.0,1.4498038304636582,0.6840436967761117,0.7793198302254263,Banks—Regional,Financial Services,WAL
2015Q4,2015,Q4,2016-02-16,2015-12-31,60201000.0,154116000.0,0.0,0.57,154116000.0,1.0,14275089000.0,1591502000.0,11867074000.0,404500000.0,12683587000.0,0.0,262638000.0,3628099640.0,3763787640.0,15.730345741000653,29.337636588380718,0.0252417340445303,0.2264075068708679,0.0,15.730345741000653,0.0378265311636429,23.54135612136313,15.066608694207737,2.279670173207448,0.002508263982325875,0.0,4.161958462640238e-05,0.010796149852375701,5.456521631644005,0.004217206631776517,2542.466461107218,1.0,-0.017241379310344845,5.444748747704903,1.0443111560850677,1.1105487015354476,0.03100728520681558,0.018043765008286264,0.0,0.564053584943589,0.7700027328518313,0.7481107112966434,Banks—Regional,Financial Services,WAL
2015Q3,2015,Q3,2015-10-30,2015-09-30,59134000.0,149481000.0,0.0,0.58,149481000.0,1.0,13955570000.0,1583698000.0,11592460000.0,501427000.0,12371872000.0,0.0,218897000.0,3094830960.0,3276234960.0,15.715031356672224,23.11893854938007,0.036316252220439584,0.32001934712299945,0.0,15.715031356672224,0.037339189668737345,20.703841692255203,13.08397436331045,1.9541800014901831,0.002976291135387425,0.0,5.6869018784793335e-05,0.010711207066425806,4.503925795778847,0.004237304531452316,58.709848617065674,1.0,0.487179487179487,22.805277864735306,0.6876277742203575,1.0666263250683454,0.4111433129737843,0.7032172585615946,0.0,2.1017920473931704,0.53561950788337,0.8396653379622969,Banks—Regional,Financial Services,WAL
2015Q2,2015,Q2,2015-08-07,2015-06-30,34719000.0,105929000.0,0.0,0.39,105929000.0,1.0,13470104000.0,1514744000.0,11573275000.0,240429000.0,11955360000.0,0.0,159939000.0,2976855520.0,2554515520.0,17.178447894575683,48.135936180743585,0.02062686375695392,0.18342769471276996,0.0,17.178447894575683,0.0229207047527503,28.102365924345552,21.43534894438204,1.9652532177054338,0.0071142602033468704,0.0,8.297345918890952e-05,0.00786400758301495,9.06055425926157,0.002577485667519716,209.87419063733785,1.0,-0.13333333333333333,18.879645555104727,-0.06136038718654747,0.8480334510746808,-0.017611381088400043,-0.1361283901468027,0.0,1.301083058128088,0.2533680691605227,1.0853263758234095,Banks—Regional,Financial Services,WAL
2015Q1,2015,Q1,2015-05-08,2015-03-31,40190000.0,107828000.0,0.0,0.45,107828000.0,1.0,11251943000.0,1051330000.0,9710171000.0,250429000.0,10200613000.0,0.0,125467000.0,2606571240.0,2430144240.0,11.954947066783411,38.77414756278227,0.028081816624915358,0.3005478774504675,0.0,11.954947066783411,0.03822776863591831,24.173417294209298,16.2140534958945,2.47930834276583,0.004379198805673053,0.0,6.75216534653394e-05,0.009583056010859636,7.554356723861853,0.0035718275501395625,44.266957186284664,1.0,-0.02007112106041365,81.59520824567987,0.22525750276203335,0.44095794816200107,-0.02405734663215249,-0.005419584745972432,0.0,2.2904384003233065,0.3136190576096728,0.4871186820577048,Banks—Regional,Financial Services,WAL
2014Q4,2014,Q4,2015-02-17,2014-12-31,40409000.0,110486000.0,0.0,0.459217,110486000.0,1.0,10600498000.0,1000928000.0,8938221000.0,363169000.0,9599570000.0,0.0,85453000.0,2426356200.0,2692660200.0,11.468142393932103,24.61173998882063,0.04063016662047387,0.4303006809680616,0.0,11.468142393932103,0.040371535215320185,21.960757018988833,15.011236358237026,2.4241066290482434,0.008141750600113837,0.0,0.00013559427094834634,0.010422717876084689,4.638702642571364,0.003811990719681283,-38.89762736862355,1.0,-0.0017021739130435513,2.193938172824724,0.6501328601992957,0.3824118843873168,0.05363239304991322,-0.012463647694225177,0.0,4.304621860878082,0.39845350077278785,0.46546491272410595,Banks—Regional,Financial Services,WAL
2014Q3,2014,Q3,2014-10-30,2014-09-30,40919000.0,104862000.0,0.0,0.46,104862000.0,1.0,10288824000.0,1003122000.0,8578576000.0,283165000.0,9285702000.0,0.0,45373000.0,2072679699.9999998,2186484700.0,11.566966087427787,30.295326046651248,0.036211621464221765,0.37141544099321916,0.0,11.566966087427787,0.04079164847346584,19.765784554938868,12.663308609692319,2.06622893327033,0.008626799286395074,0.0,0.00017031092647841342,0.010191835335117016,6.457221054862006,0.003977033721249387,49.83601106035104,1.0,0.15,2.414559818351623,0.551083497442609,0.3753932927843646,0.07163880145525896,0.15141538634700882,0.0,1.934911084510628,0.2599758471840416,0.4806148348714019,Banks—Regional,Financial Services,WAL
2014Q2,2014,Q2,2014-07-30,2014-06-30,35538000.0,97852000.0,0.0,0.4,97852000.0,1.0,10023587000.0,957664000.0,8306037000.0,224441000.0,9065923000.0,0.0,4807000.0,2058723800.0,2059684800.0,11.071132125640165,37.007663483944555,0.03793482313267695,0.397052619707956,0.0,11.071132125640165,0.03710904868513382,21.03915913829048,14.482552479036524,2.149734980118288,0.009904890539703979,0.0,0.0001709797108286211,0.009762173960279888,8.717453584683726,0.003545437376859202,127.42781629116118,1.0,0.142857142857143,2.107118160944906,-0.3302597469544299,-0.3215238966496721,0.016063548102383054,0.14325237252694226,0.0,4.3317414862280055,0.2508156172418835,0.4536893002592364,Banks—Regional,Financial Services,WAL
2014Q1,2014,Q1,2014-04-30,2014-03-31,31085000.0,96305000.0,0.0,0.35,96305000.0,1.0,9746624000.0,894805000.0,7967303000.0,222024000.0,8851819000.0,0.0,-30379000.0,2121897600.0000002,2152709600.0,10.373829066963458,35.884872806543434,0.039567751869775625,0.4309899922329446,0.0,10.373829066963458,0.03473941249769503,22.033099008358864,17.06528550747949,2.3713519705410677,0.011355959465980376,0.0,0.0001663605255974652,0.009880857207582852,7.752643858321623,0.0031893094470454592,54.58397900910635,1.0,-0.027777777777777804,1.1588239996881433,-0.24938655044440836,-0.07433540201378219,0.030826866470430828,-0.008484577844406876,0.0,4.650417323573301,0.32797470638218273,0.3932479668141888,Banks—Regional,Financial Services,WAL
2013Q4,2013,Q4,2014-02-21,2013-12-31,31351000.0,93425000.0,0.0,0.36,93425000.0,1.0,9307095000.0,855251000.0,7500177000.0,188306000.0,8451844000.0,0.0,-61358000.0,2050504540.0,2127944540.0,9.951837931556105,39.82972927044279,0.04114645869629568,0.44776796519384365,0.0,9.951837931556105,0.036657074940573,21.94813529569173,16.351189276259127,2.397547082669298,0.011227712034703838,0.0,0.00017166506736922415,0.010038040870969944,8.901521990802205,0.0033685054251622014,82.54184606714435,1.0,0.12499999999999993,1.0937072026798274,-0.5754799529405213,-0.23485870178717255,0.0800078609081661,0.11205306469920545,0.0,3.725044091322929,0.45895199176267304,0.3352432915438792,Banks—Regional,Financial Services,WAL
2013Q3,2013,Q3,2013-10-31,2013-09-30,28192000.0,86504000.0,0.0,0.32,86504000.0,1.0,8921429000.0,826288000.0,7416742000.0,236700000.0,8095141000.0,0.0,-92357000.0,1624175070.0,1663511070.0,9.630508514085246,31.333933248838193,0.04710758780908305,0.5086204809945201,0.0,9.630508514085246,0.03411885444300292,18.775722163136965,14.402801060584563,1.9656282918304513,0.01252128263337117,0.0,0.00021734110227415325,0.00969620449818073,6.146248415716096,0.003160031873817524,45.18500681596884,1.0,-0.1794871794871795,1.1155282478172996,0.12313039787596394,-0.3289326643776623,0.03528172722485519,-0.17121354656632173,0.0,12.330203366868695,0.14710124170811037,0.266472968923044,Banks—Regional,Financial Services,WAL
2013Q2,2013,Q2,2013-08-09,2013-06-30,34016000.0,83556000.0,0.0,0.39,83556000.0,1.0,8593684000.0,799525000.0,7177044000.0,0.0,7794159000.0,0.0,-120196000.0,1387675800.0,1602845800.0,9.333811975390793,0.0,0.05335686068978101,0.573505518901848,0.0,9.333811975390793,0.04254526124886651,16.607733735458854,10.198699141580432,1.7356252775085208,0.010348071495766699,0.0,0.00025366155408921887,0.009722954672291883,0.0,0.003958255853950413,27.62918466898955,1.0,0.6250000000000001,3.8934081516394503,-0.47953541627565255,-0.4713680307100995,0.06789018966310516,0.6225911085670673,0.0,19.04965900642426,-0.23784383626746824,0.004118466489064303,Banks—Regional,Financial Services,WAL
2013Q1,2013,Q1,2013-05-03,2013-03-31,20964000.0,78244000.0,0.0,0.24,78244000.0,1.0,8174104000.0,781295000.0,6735480000.0,0.0,7392809000.0,0.0,-153860000.0,1164672600.0,1072916600.0,9.156802306502273,0.0,0.040433667102840874,0.42302715363595056,0.0,9.156802306502273,0.02683237445523138,14.885136240478504,13.888959645105896,1.4906950639643157,0.01683838962030147,0.0,0.0003030894690920006,0.009572180632886491,0.0,0.002564684765449522,33.12116369013764,1.0,-0.35135135135135137,0.7549910423417191,-0.5110165853127525,-0.45155370031031544,0.07701413646436978,-0.34722092480149463,0.0,43.404930031409684,-0.08363802884893018,0.10369096488628068,Banks—Regional,Financial Services,WAL
2012Q4,2012,Q4,2013-03-01,2012-12-31,32115000.0,72649000.0,0.0,0.37,72649000.0,1.0,7622637000.0,759616000.0,6248316000.0,217617000.0,6863021000.0,0.0,-174471000.0,888900480.0,914210480.0,8.998483699772555,28.712444340285916,0.03016475794400284,0.3026989952818266,0.0,8.998483699772555,0.042277940433060913,12.235550110806756,6.919667445119103,1.170197152245345,0.010991748404172505,0.0,0.0003971198215575269,0.009530691281770337,5.257930216848868,0.004213108928052064,43.97667243852966,1.0,1.0555555555555556,3.6072496374018286,-0.5183369454626253,-0.4691585044302843,-0.07955351712953578,1.077565014879027,0.0,1.9810624492632152,0.12182804994506118,0.08471018066649062,Banks—Regional,Financial Services,WAL
2012Q3,2012,Q3,2012-11-02,2012-09-30,15458000.0,78928000.0,0.0,0.18,78928000.0,1.0,7403603000.0,698011000.0,5901755000.0,0.0,6705592000.0,0.0,-206232000.0,830193920.0,921894920.0,8.542331603681221,0.0,0.035095344793609276,0.37224628265170606,0.0,8.542331603681221,0.02214578280284981,10.518370160145956,13.42660628800621,1.1893708265342524,0.022771380514943717,0.0,0.0004239973234205329,0.01066075531062376,0.0,0.002087902336200361,210.495415821501,1.0,0.2,-0.502166796703659,-0.4856292712723328,-0.5170648269105184,0.009283650034525972,0.10722727598309577,0.0,1.5671501629707163,0.2390721372336431,0.01574306552287688,Banks—Regional,Financial Services,WAL
2012Q2,2012,Q2,2012-08-03,2012-06-30,13961000.0,78202000.0,0.0,0.15,78202000.0,1.0,7163572000.0,672120000.0,5590581000.0,0.0,6491452000.0,0.0,-221338000.0,763682400.0,924963400.0,8.237774237038852,0.0,0.047490414000166396,0.5061611021841338,0.0,8.237774237038852,0.020771588406832114,9.765509833508094,13.675281140319461,1.1362292447777183,0.09490724160160446,0.0,0.0017350144510335712,0.01091662092598497,0.0,0.0019488880686897542,17.07239560046499,1.0,0.2796341952380545,-0.36625311854219317,-0.45592490034505756,-0.5332867819686828,0.029773113337986067,0.2354867256637168,0.0,1.461106998718778,-0.4325354310094,-0.4951615696391429,Banks—Regional,Financial Services,WAL
2012Q1,2012,Q1,2012-05-03,2012-03-31,11300000.0,75941000.0,0.0,0.117221,75941000.0,1.0,6925292000.0,654045000.0,5334420000.0,0.0,6271247000.0,0.0,-233974000.0,689110730.0,740048730.0,8.038999987708797,0.0,0.033311375173783284,0.35271426278008394,0.0,8.038999987708797,0.01727709867058077,9.07429096272106,15.24581261061947,1.0536136351474288,0.15601769911504426,0.0,0.0025583696832002603,0.010965747003880847,0.0,0.0016317001506940068,19.964386534171567,1.0,0.3630348837209304,-0.6693081047608512,-0.457693558957389,-0.5730836493925733,0.031148587179382733,0.5913251654696522,0.0,1.061210709437922,-0.3724800599239818,-0.28267396312402665,Banks—Regional,Financial Services,WAL
2011Q4,2011,Q4,2012-03-02,2011-12-31,7101000.0,73647000.0,0.0,0.086,73647000.0,1.0,6844541000.0,636683000.0,5186585000.0,0.0,6207858000.0,0.0,-243512000.0,506866570.00000006,742177570.0,7.825600117995551,0.0,0.05702442282104819,0.6130303463419001,0.0,7.825600117995551,0.01115311701427555,6.882379051420968,17.844901070271792,0.7961050789796492,0.25080974510632303,0.0,0.0035137452446311456,0.010759961844044765,0.0,0.0010374691305085322,15.192931179185901,1.0,-0.2833333333333334,-0.7369396660421149,-0.40636574773000184,-0.47999030003113424,-0.05175943450886477,-0.4542310352778418,0.0,1.0224194927436532,-0.646511856346122,-0.3983332651960385,Banks—Regional,Financial Services,WAL
2011Q3,2011,Q3,2011-11-08,2011-09-30,13011000.0,77667000.0,0.0,0.12,77667000.0,1.0,6545890000.0,632255000.0,5078035000.0,0.0,5913635000.0,0.0,-248833000.0,443501880.00000006,247106880.00000006,7.8122721824764305,0.0,0.016739205822279325,0.17330507469296408,0.0,7.8122721824764305,0.02057872219278614,5.7103001274672645,8.521671662439473,0.7014604550379199,0.1346552916762739,0.0,0.003950377842817712,0.011865002314429359,0.0,0.00198765943210167,16.16849726576741,1.0,1.6034886748242645,-0.6346214165595064,-0.42541284603915674,-0.4775129627342497,0.06234526528881533,1.08877829507144,0.0,1.056524964227347,0.06904956569726317,-0.4556299212047446,Banks—Regional,Financial Services,WAL
2011Q2,2011,Q2,2011-08-05,2011-06-30,6229000.0,73109000.0,0.0,0.046092,73109000.0,1.0,6508089000.0,615653000.0,5223140000.0,112738000.0,5892436000.0,0.0,-252424000.0,573949800.0,155261800.0,7.6158860931740024,46.32989763877308,0.017804304765961253,0.1882099169499702,0.0,7.6158860931740024,0.010117712412674023,7.850603892817574,23.035390913469254,0.9322618423040251,0.2809439717450634,0.0,0.003049047146631988,0.011233558729759228,4.952234384147315,0.0009571165975142626,13.504701176470588,1.0,0.5364000000000001,-0.8120601355894914,-0.45501922045393356,-0.4496366668756338,0.0762719349899894,0.20881040170774307,0.0,-0.05048032316966312,-0.5174505505452538,-0.5686648848362326,Banks—Regional,Financial Services,WAL
2011Q1,2011,Q1,2011-05-06,2011-03-31,5153000.0,67928000.0,0.0,0.03,67928000.0,1.0,6404836000.0,601575000.0,4929333000.0,0.0,5803261000.0,0.0,-256150000.0,664126680.0,416871680.0,7.445788053568334,0.0,0.0181242735957642,0.19296513319203756,0.0,7.445788053568334,0.008565847982379587,9.7769208573784,32.220390064040366,1.103979852886174,0.3396079953425189,0.0,0.002635039447594546,0.010605736040704243,0.0,0.0008045483131808528,16.94935762958426,1.0,1.2249550089982004,-0.8276230069132596,-0.4170511774947892,-0.5234743078038616,0.12833460682369358,1.4764238165680474,0.0,-0.5444322288574646,-0.551684236615423,-0.5540348290195777,Banks—Regional,Financial Services,WAL
2010Q4,2010,Q4,2010-12-31,2010-12-31,-10816000.0,60202000.0,0.0,-0.13336,60202000.0,1.0,6193883000.0,602174000.0,4767978000.0,72964000.0,5591709000.0,0.0,-258800000.0,594643840.0,494813840.0,7.45320197044335,65.34699303766241,0.018727831959370236,0.19263202994483322,0.0,7.45320197044335,-0.01796158585392262,9.877476495797481,-13.744541420118344,0.9874950429610047,-0.1617973372781065,0.0,0.002942938078699344,0.009719589472387515,2.958006688229812,-0.0017462389909528482,7.463367932224663,1.0,-6.410267036973618,-1.3616429556880136,-0.46926784774904434,-0.3040242340698517,-0.159600753821456,-6.383773021403684,0.0,-2.6212356920802944,-0.582967142596057,-0.5603182699688278,Banks—Regional,Financial Services,WAL
2010Q3,2010,Q3,2010-11-08,2010-09-30,2009000.0,71635000.0,0.0,0.024649430257068897,71635000.0,1.0,6179146000.0,619764000.0,5055323000.0,0.0,5559382000.0,0.0,-245502000.0,546069416.6,39325416.600000024,7.6041958655261555,0.0,0.017674125194646638,0.17621384914257684,0.0,7.6041958655261555,0.0032415564634280148,7.6229415313743285,67.95288907416625,0.8810925071478821,0.8710801393728222,0.0,0.0032047207677295877,0.011593025961840035,0.0,0.00032512583454088963,-27.291189794592434,1.0,0.44571821389565064,-0.9275016772114361,-0.3445964976074228,-0.272586006011765,-0.09651014668230605,0.6373268133659332,0.0,-0.9351330793243808,-0.5319597500205311,-0.5701017220003912,Banks—Regional,Financial Services,WAL
2010Q2,2010,Q2,2010-08-05,2010-06-30,1227000.0,79287000.0,0.0,0.017049954839157923,79287000.0,1.0,5959479000.0,575858000.0,4915485000.0,0.0,5383621000.0,0.0,-245045000.0,444181500.0,-80087500.0,9.295528652138822,0.0,0.006094995888063369,0.06307631395239799,0.0,9.295528652138822,0.0021307336183573034,5.602198342729578,90.50152811735941,0.7713385938894658,1.426242868785656,0.0,0.003939830902457667,0.013304350934032991,0.0,0.00020589048136590462,44.75831318016929,1.0,2.081424129785312,-0.9434105850045947,-0.12225139441946273,-0.2177642324186908,0.1416414686825054,2.1953125,0.0,-0.9266433494489743,-0.2734950157400167,-0.4733594335426359,Banks—Regional,Financial Services,WAL
2010Q1,2010,Q1,2010-05-07,2010-03-31,384000.0,69450000.0,0.0,0.00553314121037464,69450000.0,1.0,6096238000.0,575779000.0,5123623000.0,0.0,5520459000.0,0.0,-243806000.0,394886000.0,-310402000.0,8.296527377521613,0.0,0.020064833426778943,0.2124426212140422,0.0,8.296527377521613,0.0006669225518818853,5.685903527717783,257.08723958333337,0.6858291115167452,4.557291666666667,0.0,0.004431658757210942,0.01139227175841888,0.0,6.298966674201368e-05,-5.699033049502092,1.0,1.0142687637587668,-0.9810228604945768,-0.2575533745158167,0.10450623997723313,0.30447032306536437,1.014268727705113,0.0,-0.9868258542610128,-0.41858419604682245,-0.559407488973561,Banks—Regional,Financial Services,WAL
2009Q4,2009,Q4,2010-03-16,2009-12-31,-26912000.0,53240000.0,0.0,-0.38778,53240000.0,1.0,5753279000.0,575725000.0,4732147000.0,29352000.0,5177554000.0,0.0,-241724000.0,262332000.0,765000.0,8.295749279538905,161.2205982556555,0.022906937070147303,0.22891137261713493,0.0,8.295749279538905,-0.04674453949368188,4.9273478587528174,-2.436942627824019,0.45565504364062703,-0.058821343638525564,0.0,0.006034338166903009,0.009253853324339043,13.418710820387027,-0.004677680328035543,-15.81742538438348,1.0,-0.0480540540540541,-2.0475600919513863,-0.4535855631819493,-0.22534764498698762,-0.04744865096972733,-0.12531883754965503,0.0,-2.1687670517657054,-0.4969072380236395,-0.44874897403077185,Banks—Regional,Financial Services,WAL
2009Q3,2009,Q3,2009-11-09,2009-09-30,-23915000.0,55892000.0,0.0,-0.37,55892000.0,1.0,5831317000.0,602967000.0,4978333000.0,100727000.0,5228350000.0,0.0,-212365000.0,452408070.0,-119213930.0,8.409933470019666,49.4240173935489,0.031081314907078453,0.30058858942529193,0.0,8.409933470019666,-0.039662203735859505,8.094326021613112,-4.729333786326573,0.7503032006726735,-0.07317583106836713,0.0,0.003868189177085192,0.009584798768442876,7.686052399058842,-0.004101131871239378,18.43403430853231,1.0,-0.1935483870967742,-1.9810484935462578,-0.4186934583108502,-0.19550950517513338,-0.1313834581792186,-0.6916601824998232,0.0,-1.7580829319978157,-0.5332514740266792,-0.4375412018786376,Banks—Regional,Financial Services,WAL
2009Q2,2009,Q2,2009-08-10,2009-06-30,-14137000.0,64346000.0,0.0,-0.31,64346000.0,1.0,5701536000.0,621637000.0,4954793000.0,275440000.0,5079899000.0,0.0,-186011000.0,260576640.0,68770640.0,16.317644897102056,17.98864725530061,0.06257366435991986,0.5739137149172266,0.0,16.317644897102056,-0.022741567828169815,4.049616759394524,-4.608061116219848,0.41917813772346246,-0.12378863973969018,0.0,0.006715874454440736,0.011285730722387791,2.0796398489689225,-0.0024795072766356295,5.736667327125025,1.0,0.8669527896995708,-2.0602537868342665,0.15838159825457346,0.3731597156948051,0.13553100624713232,0.8364568149742023,0.0,-1.9050946929985735,0.017813200047413096,0.1791974465529483,Banks—Regional,Financial Services,WAL
2009Q1,2009,Q1,2009-05-11,2009-03-31,-86442000.0,56666000.0,0.0,-2.33,56666000.0,1.0,5267286000.0,426938000.0,4491591000.0,353003000.0,4840348000.0,0.0,-169450000.0,173717760.0,422990760.0,11.20689836203276,12.723945688846838,0.08991119905013702,1.109266450866402,0.0,11.20689836203276,-0.20246967943823224,3.0656435958070096,-0.5024113278267508,0.4068922419648754,-0.020244788413039956,0.0,0.010073811681661105,0.01075810199028494,0.8150893901751544,-0.016411108111463856,8.127146666666667,1.0,0.40149446575032816,-8.782236500596994,0.10355920403361986,0.4919602634221007,-0.41914387633769323,0.4171493301148278,0.0,-7.132586698706,0.03134481784270552,-0.2827656440233887,Banks—Regional,Financial Services,WAL
2008Q4,2008,Q4,2009-03-16,2008-12-31,-148309000.0,97556000.0,0.0,-3.89303,97556000.0,1.0,5242761000.0,495497000.0,4395427000.0,619958000.0,4747264000.0,0.0,-85424000.0,384388640.0,987753640.0,13.006536119277614,7.089878669200171,0.1411767578190194,1.4937648462049216,0.0,13.006536119277614,-0.29931361844774035,3.94018450940998,-0.6479523157731493,0.7757638088626168,0.0,0.0,0.0,0.01860775267077786,0.33046916081411964,-0.02828833891150102,21.486229178311905,1.0,-0.3707852112676057,-11.516726264184294,0.823972120945644,0.21454295396934062,2.26361568312592,-0.5659606369050133,0.0,-11.516726264184294,0.823972120945644,0.21454295396934062,Banks—Regional,Financial Services,WAL
2008Q3,2008,Q3,2008-11-10,2008-09-30,-94708000.0,29892000.0,0.0,-2.84,29892000.0,1.0,5228970000.0,477875000.0,4303532000.0,789799000.0,4751095000.0,0.0,63966000.0,514802540.0,1288811540.0,14.351031562509384,5.448895225240852,0.17436760968221274,1.9079529165576772,0.0,14.351031562509384,-0.19818571802249543,17.222084169677505,-1.3589204185496473,1.0772744755427677,0.0,0.0,0.0,0.005716613405699402,0.24400132185530748,-0.018112171230663016,29.89041049759043,1.0,-36.5,-9.365204223098532,-0.3306082954960689,0.3728132956256852,-0.46405135009144044,-40.21656314699793,0.0,-9.365204223098532,-0.3306082954960689,0.3728132956256852,Banks—Regional,Financial Services,WAL
2008Q2,2008,Q2,2008-08-11,2008-06-30,2415000.0,55774000.0,0.0,0.08,55774000.0,1.0,5219333000.0,525441000.0,4213473000.0,689943000.0,4693892000.0,0.0,158674000.0,230929840.0,891869840.0,17.65654087838973,6.10698709893426,0.15926958483009226,1.5820634476563495,0.0,17.65654087838973,0.00459613924303585,4.140456843690608,23.905780538302277,0.43949718426997514,0.0,0.0,0.0,0.010686039767916706,0.27347476530669923,0.0004627028012966408,36.99020342783918,1.0,-0.4285714285714286,-0.7681373719764656,0.28535452914727555,0.4858302656794057,0.005226732030855742,-0.41694833413809756,0.0,-0.7681373719764656,0.28535452914727555,0.4858302656794057,Banks—Regional,Financial Services,WAL
2008Q1,2008,Q1,2008-05-12,2008-03-31,4142000.0,55484000.0,0.0,0.14,55484000.0,1.0,5197303000.0,493960000.0,4080891000.0,681398000.0,4703343000.0,0.0,156259000.0,380472282.03999996,1060009282.04,16.695895863794263,5.988997619599705,0.1563178056003277,1.6447303425378572,0.0,16.695895863794263,0.008385294355818284,6.8573333220387855,22.96428549251569,0.7702491741031662,0.0,0.0,0.0,0.010675536908277236,0.22531618818957497,0.0007969518036566273,11.58140393400706,1.0,0.6867469879518073,-0.5198388301684894,0.3913556835834529,1.2227035872301983,0.04960084748969014,0.6954564060581253,0.0,-0.5198388301684894,0.3913556835834529,1.2227035872301983,Banks—Regional,Financial Services,WAL
2007Q4,2007,Q4,2008-02-25,2007-12-31,2443000.0,52862000.0,0.0,0.083,52862000.0,1.0,5016096000.0,501518000.0,3894295000.0,514921000.0,4514468000.0,0.0,152286000.0,555323851.78,1117612851.78,16.951356996150235,7.562897997945316,0.13295977588945665,1.3298406039264792,0.0,16.951356996150235,0.004871211003393697,10.505161586394763,56.82806506139991,1.1072859833146569,0.0,0.0,0.0,0.010538474542751973,0.246628123537397,0.00048703214611522586,61.21969482747216,1.0,-0.7628571428571428,-0.7769337564830131,0.27263869699571935,0.5829080864488173,-0.03483658937374475,-0.77957231796445,0.0,-0.7769337564830131,0.27263869699571935,0.5829080864488173,Banks—Regional,Financial Services,WAL
2007Q3,2007,Q3,2007-11-09,2007-09-30,11083000.0,54770000.0,0.0,0.35,54770000.0,1.0,5003432000.0,515895000.0,3833526000.0,318274000.0,4487519000.0,0.0,149844000.0,689770909.8499999,1030917909.8499999,17.68836083947532,12.04473503961995,0.09394471634669962,0.9111272642688919,0.0,17.68836083947532,0.021483053722172147,12.59395489958006,15.559210273617252,1.3370374007307688,0.0,0.0,0.0,0.010946486331781864,0.4728190175760508,0.002215079569383575,130.34219762849582,1.0,0.3999999999999999,0.11764705389835421,0.4003144012108516,0.6920607297452278,0.05641816954383258,0.39478983136169143,0.0,0.11764705389835421,0.4003144012108516,0.6920607297452278,Banks—Regional,Financial Services,WAL
2007Q2,2007,Q2,2007-08-09,2007-06-30,7946000.0,51845000.0,0.0,0.25,51845000.0,1.0,4746826000.0,519451000.0,3693594000.0,47254000.0,4227375000.0,0.0,138761000.0,878474455.5,956616455.5,17.650612664855114,78.16468447115588,0.042349982914899345,0.3870008913256496,0.0,17.650612664855114,0.015296919247436236,16.944246417205132,27.638889236722882,1.6911594269719377,0.0,0.0,0.0,0.010922035060901747,3.014834722986414,0.0016739606633990798,-160.2763100711549,1.0,-0.358974358974359,-0.22857144416588895,0.20817974356309538,0.48533139564864425,0.10945859191097795,-0.30316583355257387,0.0,-0.22857144416588895,0.20817974356309538,0.48533139564864425,Banks—Regional,Financial Services,WAL
2007Q1,2007,Q1,2007-05-10,2007-03-31,11403000.0,46730000.0,0.0,0.39,46730000.0,1.0,4727644000.0,511245000.0,3716954000.0,52236000.0,4216399000.0,0.0,130814000.0,842736000.0,880148000.0,18.83038674033149,71.15694157286163,0.03533832073650216,0.32678461403045506,0.0,18.83038674033149,0.02230437461491066,18.034153648619732,18.476190476190478,1.6483994953495877,0.0,0.0,0.0,0.009884416000866394,2.8478826862700055,0.002411983643438465,84.2736,1.0,0.2580645161290323,0.4404834955835368,0.2769632686901883,1.506865669151045,0.128743961352657,0.2658747779751332,0.0,0.4404834955835368,0.2769632686901883,1.506865669151045,Banks—Regional,Financial Services,WAL
