Quarters,Year,Quarter,FillingDate,Date,NetIncome,Revenue,OperatingIncome,EPSDiluted,GrossProfit,GrossProfitRatio,TotalAssets,CommonStockEquity,CurrentAssets,CurrentLiability,TotalLiability,Inventory,RetainedEarnings,MarketCap,EnterpriseValue,bookValuePerShare,currentRatio,debtToAssets,debtToEquity,roic,shareholdersEquityPerShare,roe,priceToSalesRatio,peRatio,pbRatio,payoutRatio,inventoryTurnover,dividendYield,assetTurnover,quickRatio,returnOnAssets,priceToFreeCashFlowsRatio,grossProfitMargin,epsdilutedGrowth,fiveYNetIncomeGrowthPerShare,fiveYRevenueGrowthPerShare,fiveYShareholdersEquityGrowthPerShare,grossProfitGrowth,netIncomeGrowth,operatingIncomeGrowth,threeYNetIncomeGrowthPerShare,threeYRevenueGrowthPerShare,threeYShareholdersEquityGrowthPerShare,Industry,Sector,Symbol
2023Q1,2023,Q1,2023-05-03,2023-03-31,11244000.0,97816000.0,6243000.0,0.25,46534000.0,0.4757299419,544255000.0,480405000.0,366370000.0,53672000.0,63596000.0,107382000.0,254323000.0,2072964280.0,1888398280.0,10.878243738961098,6.82609181696229,0.01530716300263663,0.017341618009804226,0.011403236283977254,10.878243738961098,0.023405251818777905,21.192486709740738,46.09045446460334,4.3150347727438305,0.0,0.4775660725261217,0.0,0.179724577633646,4.731666418244149,0.02065943353758808,86373.51166666667,0.4757299419317903,0.38888888888888895,1.5492443764934682,0.33973946432674534,1.941683000235939,-0.05301288182502696,0.3946911436368147,0.35924232527759636,6.9631109301919185,0.4195978141996158,1.138742479147499,Electronic Components,Technology,VICR
2022Q4,2022,Q4,2023-02-28,2022-12-31,8062000.0,105493000.0,4593000.0,0.18,49139000.0,0.4658034182,536901000.0,464088000.0,362604000.0,64549000.0,72565000.0,101410000.0,243079000.0,2368332500.0,2186180500.0,10.532613136035586,5.6174998838092,0.0157552323426479,0.018227146575649444,0.007753840282663252,10.532613136035586,0.017371705366223646,22.450138871773483,73.44122116100223,5.103197022978401,0.0,0.5557045656246918,0.0,0.19648501306572347,3.966599017800431,0.015015803658402573,-201.42307365198164,0.4658034182362811,3.4999999999999996,3.4729273329965245,0.6043722878355435,2.047488892667099,0.04617841175218224,-0.0035842293906810036,-0.22402432843385708,4.645555915666505,0.5353945906106201,1.0742221080403604,Electronic Components,Technology,VICR
2022Q3,2022,Q3,2022-11-03,2022-09-30,8091000.0,103118000.0,5919000.0,0.04,46970000.0,0.4554975853,526902000.0,458923000.0,357953000.0,57860000.0,67742000.0,94336000.0,241316000.0,2603993340.0,2430864340.0,10.42272489836706,6.186536467334946,0.017022140739644184,0.019543583564127314,0.011242854098290124,10.42272489836706,0.017630408587061445,25.25255862216102,80.45956433073786,5.674139975551454,0.0,0.5951916553595658,0.0,0.19570622240948032,4.464811614241272,0.015355796713620369,-333.88810616745735,0.4554975852906379,-0.8333333333333333,657.3128209257527,0.6173916166203467,2.0714672652793658,0.002582765907490021,-0.23619371282922685,-0.2534998108210367,0.24832124511843942,0.3346402615639167,1.0782687441028544,Electronic Components,Technology,VICR
2022Q2,2022,Q2,2022-08-03,2022-06-30,10593000.0,102186000.0,7929000.0,0.24,46849000.0,0.4584678919,513356000.0,444863000.0,352331000.0,59453000.0,68252000.0,83055000.0,233225000.0,2406642290.0,2228489290.0,10.116730721124327,5.926210620153735,0.018552427555146914,0.0214088382266001,0.015887326978482084,10.116730721124327,0.023811825213605087,23.551585246511262,56.79793944114037,5.409850425861444,0.0,0.6662693395942447,0.0,0.1990548469288369,4.409096260911981,0.020634803138562714,-713.7136091340451,0.45846789188342824,1.1818181818181819,21.558713613478503,0.5773842516410724,2.0058143520872114,0.2459509055610223,1.1228456913827656,4.342991913746631,2.785470092894499,0.4772702686745468,1.101748811239289,Electronic Components,Technology,VICR
2022Q1,2022,Q1,2022-05-05,2022-03-31,4990000.0,88282000.0,1484000.0,0.11,37601000.0,0.4259192134,489349000.0,431906000.0,344594000.0,49560000.0,57160000.0,73861000.0,222632000.0,3100813600.0,2917671600.0,9.826765562431744,6.9530669895076676,0.01616024555072147,0.018309539575741017,0.003346749987120827,9.826765562431744,0.011553439868860354,35.12396184952765,155.35138276553107,7.179371437303487,0.0,0.686167260123746,0.0,0.18040703056509771,5.3210653753026635,0.010197221206133046,-171.33460050834347,0.4259192134296912,-0.45,5.5541397970830975,0.44093153718612615,1.930642340993605,-0.07876813014504117,-0.43926283852118214,-0.8366718027734977,0.06563622157018195,0.2294253498023986,1.0779789627532506,Electronic Components,Technology,VICR
2021Q4,2021,Q4,2022-03-01,2021-12-31,8899000.0,90281000.0,9086000.0,0.2,40816000.0,0.4520995558,477205000.0,423599000.0,356760000.0,49093000.0,53300000.0,67322000.0,217633000.0,5572771260.0,5395129260.0,9.65203818898535,7.26702381194875,0.01000827736507371,0.011274814152063627,0.02050192628828231,9.65203818898535,0.02100807603417383,61.72695539482283,156.5561091133835,13.155770575473502,0.0,0.7347523840646445,0.0,0.18918703701763392,5.759069521112989,0.01864817007365807,-2141.726079938509,0.452099555831238,-0.3103448275862068,3.930067542915952,0.6616992728205234,1.8660449000953214,-0.04664471071870693,-0.328833245342786,-0.24106247911794187,0.1791221943923411,0.12126092869517499,1.1117643774764194,Electronic Components,Technology,VICR
2021Q3,2021,Q3,2021-11-03,2021-09-30,13259000.0,84911000.0,11972000.0,0.29,42813000.0,0.5042102907750469,458830000.0,411355000.0,350002000.0,42615000.0,47176000.0,63409000.0,208753000.0,5864133600.0,5690599600.0,9.411004346831389,8.213117446908365,0.011178432099034501,0.012468549063461001,0.030430206519939336,9.411004346831389,0.032232499908837864,69.06211916006171,110.56892676672447,14.255651687714991,0.0,0.6639120629563626,0.0,0.1850598260793758,6.569517775431186,0.02889741298520149,-1161.674643423138,0.5042102907750469,-0.32558139534883723,4.043160625526901,0.41741438233039924,1.75849579478853,-0.1415251348479076,-0.3163349489532845,-0.4016692488380229,-0.0647088307975117,-0.0012549525458728232,1.1509028961767993,Electronic Components,Technology,VICR
2021Q2,2021,Q2,2021-07-30,2021-06-30,19394000.0,95376000.0,20009000.0,0.43,49871000.0,0.522888357658111,446376000.0,392586000.0,349030000.0,49777000.0,53484000.0,57129000.0,195494000.0,4605294220.0,4449529220.0,9.01398296328611,7.011872953372039,0.008956574726239761,0.010183755915901229,0.0475015905875203,9.01398296328611,0.04940064087868645,48.28567165744003,59.364935289264714,11.730663396045706,0.0,0.796530658684731,0.0,0.2136674014731975,5.730437752375595,0.04344767639837267,790.7441998626374,0.522888357658111,0.26470588235294107,32.76093908908821,0.6049880655787371,1.6845112864755298,0.11568232662192393,0.2850516830108667,0.3593070652173913,1.249653959093682,0.17200506064508242,1.257660379134545,Electronic Components,Technology,VICR
2021Q1,2021,Q1,2021-05-03,2021-03-31,15092000.0,88796000.0,14720000.0,0.34,44700000.0,0.5034010541015361,417621000.0,370164000.0,332037000.0,42878000.0,47139000.0,54256000.0,176100000.0,3694978650.0,3571917650.0,8.518329306178806,7.74376136946686,0.010416142866378845,0.011751547962524719,0.039224579707755676,8.518329306178806,0.04077111766676392,41.61199434659219,61.20757106413995,9.982004327811456,0.0,0.8127396048363315,0.0,0.21262340734781057,6.316222771584496,0.03613802945733093,434.24358326477847,0.5034010541015361,0.3600000000000001,3.517889418811405,0.7222870687900501,1.5394415404776773,0.10504066648537737,0.34834271419637275,0.2684187850064627,2.4773340140728775,0.2359839548738545,1.3035174713589315,Electronic Components,Technology,VICR
2020Q4,2020,Q4,2021-03-01,2020-12-31,11193000.0,84302000.0,11605000.0,0.25,40451000.0,0.47983440487770157,396239000.0,350820000.0,316932000.0,40513000.0,45084000.0,57269000.0,161008000.0,3993218220.0,3836073220.0,8.101891411283804,7.822970404561499,0.011601583892549698,0.013103585884499173,0.03011509889722913,8.101891411283804,0.0319052505558406,47.36801285853242,89.19007906727418,11.382527278946469,0.0,0.7657022123662016,0.0,0.21275543295839128,6.242613482092168,0.028248102786449594,533.0687785342411,0.47983440487770157,0.923076923076923,6.71782699504235,0.46806088222437825,1.3252490150624119,0.21303265661078957,0.9348314606741573,0.9015238407340652,5.31919609805976,0.30462491138810194,1.3441878825880516,Electronic Components,Technology,VICR
2020Q3,2020,Q3,2020-10-30,2020-09-30,5785000.0,78112000.0,6103000.0,0.13,33347000.0,0.42691263826300696,380119000.0,337262000.0,309782000.0,37998000.0,42531000.0,58169000.0,149815000.0,3355137720.0,3155975720.0,7.813501992401075,8.152586978262013,0.011688444934349507,0.013173734366753445,0.015848073017710015,7.813501992401075,0.01715283666704224,42.952910180253994,144.9929870354365,9.94816409794166,0.0,0.7695679829462428,0.0,0.2054935428115932,6.440891625875046,0.015218918286115664,970.2538230190862,0.42691263826300696,1.1666666666666667,1.076805488866978,0.4423254393060454,1.218002022024299,0.0999076456230622,1.1691038620172478,2.001967535661584,479.6840043470568,0.2497850616697369,1.3025567527561763,Electronic Components,Technology,VICR
2020Q2,2020,Q2,2020-07-31,2020-06-30,2667000.0,70761000.0,2033000.0,0.06,30318000.0,0.42845635307584684,372734000.0,326324000.0,308678000.0,41919000.0,46091000.0,55630000.0,144030000.0,2996213850.0,2803065850.0,7.836226976922892,7.36367756864429,0.00954031561381575,0.010897145168605436,0.007189545549361794,7.836226976922892,0.008172858876454076,42.34272904566075,280.8599409448819,9.181714645566982,0.0,0.7269998202408772,0.0,0.18984315892835105,5.849519311052267,0.007155236710361813,-2794.9756063432837,0.42845635307584684,2.5,2.0828815114811303,0.1733126041778939,1.2723815020486877,0.10928981742343859,2.5371757925072047,1.8567214496418036,6.465678309201195,0.1534111618689023,1.3282465613387502,Electronic Components,Technology,VICR
2020Q1,2020,Q1,2020-05-04,2020-03-31,-1735000.0,63401000.0,-2373000.0,-0.04,27331000.0,0.43108152868251287,246725000.0,206681000.0,185190000.0,35220000.0,39728000.0,53352000.0,141363000.0,1809882900.0,1731102900.0,5.086280300233788,5.2580919931856895,0.016094842435910427,0.019213183601782455,-0.008601783938148769,5.086280300233788,-0.00839457908564406,28.546598634090945,-260.7900432276657,8.756890570492692,0.0,0.6760758734442945,0.0,0.2569703110750836,3.521578648495173,-0.0070321207822474415,-454.40193321616874,0.43108152868251287,-2.3333333333333335,-1.490035978456363,-0.05705137781217866,0.4911877370778776,-0.0816504821746581,-2.3224085365853657,-3.6513966480446927,-0.7127093529844114,0.11929784911672009,0.5168845039932073,Electronic Components,Technology,VICR
2019Q4,2019,Q4,2020-02-28,2019-12-31,1312000.0,63125000.0,895000.0,0.03,29761000.0,0.4714613861386139,240727000.0,205562000.0,179066000.0,29930000.0,34857000.0,49187000.0,143098000.0,1891319040.0,1811026040.0,5.077861765723037,5.982826595389241,0.01817411424559771,0.02128311652931962,0.004263698000871313,5.077861765723037,0.006382502602621107,29.96148974257426,360.3885365853658,9.200723090843638,0.0,0.678309309370362,0.0,0.2622265055436241,4.102338790511193,0.005450157232051245,820.1730442324371,0.4714613861386139,-0.7857142857142857,30.069783527103063,-0.009763857414101487,0.5327931819347886,-0.09820616932307133,-0.7790129695132222,-0.8521150033046927,1.4683216056048427,0.2595963518462875,0.5078037956426104,Electronic Components,Technology,VICR
2019Q3,2019,Q3,2019-10-29,2019-09-30,5937000.0,70772000.0,6052000.0,0.14,33002000.0,0.4663143616119369,237910000.0,202269000.0,176018000.0,30768000.0,35194000.0,49688000.0,141786000.0,1190600640.0,1113796640.0,5.015099672716453,5.7208138325533024,0.018599470387961833,0.02187680761757857,0.027436023722276524,5.015099672716453,0.029352001542500335,16.823046402532075,50.13477513895907,5.886223988846536,0.0,0.7601432941555305,0.0,0.29747383464335253,3.939677587103484,0.02495481484595015,148.047828898284,0.4663143616119369,1.3333333333333337,2.544632084995571,0.15832626391458074,0.5274785313374155,0.1334272074732974,1.3164260632071791,1.5417891642167156,1.4473164366749132,0.280340243445165,0.4699952149412739,Electronic Components,Technology,VICR
2019Q2,2019,Q2,2019-07-31,2019-06-30,2563000.0,63355000.0,2381000.0,0.06,29117000.0,0.45958487885723304,230603000.0,193863000.0,169645000.0,33157000.0,36287000.0,54572000.0,135849000.0,1270273500.0,1202843500.0,4.813482309124767,5.116415839792502,0.01757132387696604,0.020901358175618865,0.011289930190751554,4.813482309124767,0.013220676457085674,20.050090758424748,123.9049453765119,6.552428777022949,0.0,0.6273913362163747,0.0,0.27473623500127925,3.318122869982206,0.011114339362454088,263.706352501557,0.45958487885723304,-0.4000000000000001,1.5072836041254638,0.13620221986567005,0.42765748728942937,-0.06334041047416844,-0.4020065328978068,-0.4700645448475406,5.538967530215066,0.1529119066302813,0.43353361535364854,Electronic Components,Technology,VICR
2019Q1,2019,Q1,2019-04-30,2019-03-31,4286000.0,65725000.0,4493000.0,0.1,31086000.0,0.47297071129707113,225004000.0,190243000.0,163788000.0,30733000.0,34312000.0,51589000.0,133286000.0,1260374570.0,1198185570.0,4.729001466603694,5.329385351251098,0.019666317043252564,0.023259725719211744,0.020535709748018334,4.729001466603694,0.022529081227693003,19.176486420692278,73.51694878674755,6.625077243315128,0.0,0.6714415863846944,0.0,0.29210591811701125,3.5245176194969576,0.01904855024799559,-231.60135428151415,0.47297071129707113,-0.411764705882353,1.7635106697311482,0.1828601326722418,0.35867223416555805,-0.08227792046762908,-0.37973950795947903,-0.3594240091246079,1.7724004889796978,0.377029519017724,0.4097861608334962,Electronic Components,Technology,VICR
2018Q4,2018,Q4,2019-02-28,2018-12-31,6910000.0,73720000.0,7014000.0,0.17,33873000.0,0.45948182311448726,221068000.0,183656000.0,165060000.0,35998000.0,36978000.0,47370000.0,129000000.0,1518477780.0,1447920780.0,4.570603752924195,4.585254736374243,0.0,0.0,0.036284044046464715,4.570603752924195,0.03762468963714771,20.59790803038524,54.937691027496385,8.268054297164262,0.0,0.8411864048976145,0.0,0.33347205384768486,3.1732318462136786,0.031257350679428954,754.7106262425448,0.45948182311448726,-0.46875,1.514445735800748,0.30133551971523875,0.28718179927475873,-0.13155061019382627,-0.4689517368582847,-0.4622402821436786,4.803898597000088,0.3834322385893531,0.311766763490045,Electronic Components,Technology,VICR
2018Q3,2018,Q3,2018-10-26,2018-09-30,13012000.0,78035000.0,13043000.0,0.32,39004000.0,0.49982700070481195,207665000.0,175540000.0,160602000.0,30691000.0,31705000.0,43444000.0,122090000.0,1687447200.0,1619241200.0,4.375373878364905,5.232869570883972,0.0,0.0,0.0730316005258565,4.375373878364905,0.07412555542896206,21.624235279041457,32.42098063326161,9.612892787968555,0.0,0.8984209557131019,0.0,0.37577348132810057,3.6902675051317977,0.06265860881708521,153.71171433776644,0.49982700070481195,0.6842105263157895,14.410852635227366,0.3606205534347205,0.105953920429916,0.08697712008471978,0.655470737913486,0.5684223184223184,4.025708252788578,0.5502284399063209,0.24202798166094244,Electronic Components,Technology,VICR
2018Q2,2018,Q2,2018-07-31,2018-06-30,7860000.0,74196000.0,8316000.0,0.19,35883000.0,0.4836244541484716,190843000.0,158543000.0,144831000.0,30839000.0,31905000.0,41753000.0,109078000.0,1729326950.0,1675406950.0,3.992621320103755,4.6963585070851845,0.0,0.0,0.0501508685273785,3.992621320103755,0.04957645559879654,23.3075495983611,55.004037849872766,10.907620960874967,0.0,0.917610710607621,0.0,0.38878030632509447,3.209442588929602,0.041185686663906984,226.35169502617802,0.4836244541484716,0.8999999999999999,2.6525589783526105,0.536498332635473,0.006848799799494222,0.1877461851643441,0.9934060360131879,1.2561041779706998,8.528168356470342,0.2901889722938855,0.15779684013844772,Electronic Components,Technology,VICR
2018Q1,2018,Q1,2018-05-01,2018-03-31,3943000.0,65269000.0,3686000.0,0.1,30211000.0,0.46286904962539643,173630000.0,145992000.0,127004000.0,26111000.0,27275000.0,38959000.0,101218000.0,1127125450.0,1084447450.0,3.6979660072443576,4.864003676611389,0.0,0.0,0.024425989288335673,3.6979660072443576,0.027008329223519097,17.268924757541864,71.46369832614761,7.7204603676913806,0.0,0.8998690931492082,0.0,0.3759085411507228,3.2289839531232047,0.022709209238034902,-422.14436329588017,0.46286904962539643,1.5,1.8239660302900185,0.6225552061295219,-0.0662829188962993,0.12179272956815566,1.4475481067659839,7.083333333333333,0.1462764912871492,-0.0008446876400282579,0.08416391481219841,Electronic Components,Technology,VICR
2017Q4,2017,Q4,2018-03-09,2017-12-31,1611000.0,58771000.0,456000.0,0.04,26931000.0,0.45823620493100337,165724000.0,136114000.0,118832000.0,28036000.0,29305000.0,36499000.0,93605000.0,823104700.0,778874700.0,3.4561612878653225,4.238550435154801,0.0,0.0,0.007491526642803559,3.4561612878653225,0.011835667161350046,14.00528662095251,127.73195220360024,6.04717148860514,0.0,0.8723526671963615,0.0,0.3546317974463566,2.8077115137680124,0.009720981873476382,-150.11940543498085,0.45823620493100337,0.0,1.3552803710993635,0.23739268863581994,-0.18977325958252778,0.07111323231118005,147.45454545454547,3.56,37.69075666575532,-0.0523376473893792,0.04326992386186031,Electronic Components,Technology,VICR
2017Q3,2017,Q3,2017-10-31,2017-09-30,-11000.0,56888000.0,100000.0,0.0,25143000.0,0.4419737027141049,166076000.0,133320000.0,120100000.0,31779000.0,32459000.0,33883000.0,91994000.0,927196800.0,878260800.0,3.3934025656689064,3.7792252745523776,0.0,0.0,6.968912050129218e-05,3.3934025656689064,-8.250825082508251e-05,16.29863591618619,-21072.65454545455,6.954671467146715,0.0,0.9369005105805271,0.0,0.34254196873720466,2.6038264262563326,-6.623473590404394e-05,-290.47518796992483,0.4419737027141049,1.0,-1.0612900465990973,0.1434093495634241,-0.22553313788185173,-0.030350944851523332,0.9760348583877996,1.1858736059479553,0.9970620762140959,-0.044171583455045266,0.03354866413591581,Electronic Components,Technology,VICR
2017Q2,2017,Q2,2017-07-31,2017-06-30,-459000.0,57709000.0,-538000.0,-0.01,25930000.0,0.4493233291167755,163615000.0,131842000.0,119898000.0,30766000.0,31523000.0,30514000.0,92005000.0,701178800.0,649753800.0,3.365720412539569,3.8970941948904634,0.0,0.0,-0.010201604951381199,3.365720412539569,-0.003481439905341242,12.150250394219272,-381.9056644880174,5.318326481697789,0.0,1.0414563806777217,0.0,0.3527121596430645,2.779594357407528,-0.0028053662561501086,-299.7771697306541,0.4493233291167755,0.5,-3.226921015010722,0.11051308602209284,-0.22803747699489882,0.0963132081853543,0.528747433264887,0.6095791001451378,0.9065940141909608,0.06408933451904775,-0.001742265059100023,Electronic Components,Technology,VICR
2017Q1,2017,Q1,2017-04-28,2017-03-31,-974000.0,54462000.0,-1378000.0,-0.02,23652000.0,0.43428445521648124,156571000.0,131006000.0,113680000.0,24500000.0,25326000.0,27429000.0,92464000.0,629027000.0,576200000.0,3.3531098029178397,4.64,0.0,0.0,-0.00952967378932602,3.3531098029178397,-0.007434773979817719,11.549832911020529,-161.45456878850104,4.80151290780575,0.0,1.1232636990047031,0.0,0.34784219299870345,3.3797959183673467,-0.006220819947499856,-157.45356695869836,0.43428445521648124,0.7109826589595375,-4.197337640007475,-0.023214400460639547,-0.22803329128463312,0.10014419275315131,0.6376488095238095,0.4610872115760657,0.8213439504553764,0.009234786558799226,-0.036630202061511685,Electronic Components,Technology,VICR
2016Q4,2016,Q4,2017-03-07,2016-12-31,-2688000.0,48085000.0,-2557000.0,-0.0692,21499000.0,0.4471040865134657,154067000.0,130809000.0,111772000.0,22227000.0,23050000.0,27136000.0,93438000.0,586514200.0,530344200.0,3.367720508727666,5.028658838349755,0.0,0.0,-0.020017084391919866,3.367720508727666,-0.020549044790496067,12.19744618904024,-54.54931175595238,4.483745002255196,0.0,0.9797317216981132,0.0,0.3121044740275335,3.661582759706663,-0.01744695489624644,8625.208823529412,0.4471040865134657,-2.1533333333333333,-5.272520183081601,-0.11627156161481372,-0.22208066482472433,-0.17065926011649887,-2.1506849315068495,-2.124945006599208,0.792975972052341,-0.1219008774654949,-0.05157638285637706,Electronic Components,Technology,VICR
2016Q3,2016,Q3,2016-10-28,2016-09-30,2336000.0,53227000.0,2273000.0,0.06,25923000.0,0.4870272606008229,155038000.0,132498000.0,112740000.0,21441000.0,22303000.0,26562000.0,96126000.0,450509200.0,395443200.0,3.4116435358034862,5.2581502728417515,0.0,0.0,0.0162364526560836,3.4116435358034862,0.017630454799317727,8.463922445375466,48.21374143835616,3.4001207565397213,0.0,1.0279346434756418,0.0,0.343315832247578,3.8753789468774777,0.015067273829641766,644.5052932761088,0.4870272606008229,6.999999999999999,1.3242351784797326,-0.021489673071043294,-0.20533921508229153,0.0593355400269707,5.294117647058823,4.782029950083195,3.487141095152724,-0.04127328172513342,-0.13764614215293605,Electronic Components,Technology,VICR
2016Q2,2016,Q2,2016-07-29,2016-06-30,-544000.0,52941000.0,-601000.0,-0.01,24471000.0,0.46223154077180256,154149000.0,130285000.0,111579000.0,22729000.0,23646000.0,26130000.0,93790000.0,390726070.0,336573070.0,3.3577742841679337,4.909102908178978,0.0,0.0,-0.0047246371280723985,3.3577742841679337,-0.004175461488275703,7.380405923575301,-179.5616130514706,2.9990104002763176,0.0,1.0895522388059702,0.0,0.34344043749878367,3.6148092744951383,-0.0035290530590532535,-65.88972512647555,0.46223154077180256,0.9285714285714285,-1.1911346088904005,-0.12800560348004797,-0.2386817963229999,0.26687720024849865,0.8983367594842085,0.8892982132989501,0.8829478612751721,0.12199203230347201,-0.15324526496185845,Electronic Components,Technology,VICR
2016Q1,2016,Q1,2016-04-29,2016-03-31,-5351000.0,46027000.0,-5429000.0,-0.14,19316000.0,0.41966671736154865,151910000.0,130131000.0,110257000.0,20596000.0,21574000.0,24150000.0,94334000.0,406561120.0,346851120.0,3.3544104758467803,5.3533210332103325,0.0,0.0,-0.04189092668771778,3.3544104758467803,-0.04112010205101014,8.833100571403742,-18.994632778919826,3.1242449531625827,0.0,1.1060455486542442,0.0,0.3029886116779672,4.03277335404933,-0.03522480416035811,-149.41606762219772,0.41966671736154865,-2.125,-2.4339543624037763,-0.2965857525111661,-0.21952954683312528,-0.15395733870614514,-2.0542237442922375,-1.2141109298531811,-0.13793921296219303,0.16441227308407366,-0.15302889420952764,Electronic Components,Technology,VICR
2015Q4,2015,Q4,2016-03-08,2015-12-31,-1752000.0,51394000.0,-2452000.0,-0.0448,22831000.0,0.4442347355722458,157545000.0,135031000.0,115506000.0,20601000.0,21460000.0,23442000.0,99685000.0,353436479.99999994,290456479.99999994,3.4843112968983845,5.606815203145478,0.0,0.0,-0.012386412237522902,3.4843112968983845,-0.012974798379631345,6.876998871463594,-50.433287671232875,2.617446956624775,0.0,1.2184540568210904,0.0,0.3262179059951125,4.318334061453328,-0.011120632200323718,-71.04250854271356,0.4442347355722458,-1.7466666666666668,-1.1744409609450035,-0.24219435413118642,-0.16988544268922293,0.07258291835008926,-1.699960047942469,-0.1055004508566276,0.6073532240980837,0.09963649758025311,-0.1831740623339331,Electronic Components,Technology,VICR
2015Q3,2015,Q3,2015-10-29,2015-09-30,2503000.0,48664000.0,-2218000.0,0.06,21286000.0,0.43740752917968106,163275000.0,136634000.0,122479000.0,22012000.0,23719000.0,26259000.0,101437000.0,395617200.0,327046200.0,3.5227659464755323,5.564192258767945,0.0,0.0,-0.01750719794808342,3.5227659464755323,0.018319012837214748,8.129566003616636,39.51430283659608,2.895452083668779,0.0,1.0426139609276819,0.0,0.2980493033226152,4.233372705796838,0.015329964783340989,-247.26075,0.43740752917968106,1.9999999999999996,-0.8299134484170594,-0.23824333971736514,-0.0992543765974011,-0.1970577140701622,2.1093167701863353,-3.7969735182849935,13.126775516507143,-0.009227816750269156,-0.1960088920349539,Electronic Components,Technology,VICR
2015Q2,2015,Q2,2015-07-30,2015-06-30,805000.0,56119000.0,793000.0,0.02,26510000.0,0.47238903045314423,161787000.0,133628000.0,121131000.0,23612000.0,25347000.0,25462000.0,98934000.0,472362500.0,407214500.0,3.4484645161290324,5.130060985939353,0.0,0.0,0.005499291877450833,3.4484645161290324,0.006024186547729518,8.417158181720986,146.69642857142858,3.534906606399856,0.0,1.1628701594533029,0.0,0.3468696496010186,3.905514145349822,0.004975677897482492,88.27555597084657,0.47238903045314423,-0.7777777777777777,-0.8175704587617307,0.05218136029554387,-0.01809612013937761,-0.08241320826554982,-0.7611984574310293,-0.7803324099722991,2.948135483870968,0.09167683382796057,-0.20905926753556914,Electronic Components,Technology,VICR
2015Q1,2015,Q1,2015-04-30,2015-03-31,3371000.0,64017000.0,3610000.0,0.09,28891000.0,0.45130199790680603,161273000.0,131964000.0,120211000.0,24684000.0,26458000.0,24837000.0,98129000.0,588072800.0,528750800.0,3.4108919848018817,4.869996759034192,0.0,0.0,0.026294097911380654,3.4108919848018817,0.02554484556394168,9.186197416311293,43.61263719964402,4.456312327604498,0.0,1.4142609816000322,0.0,0.39694803221866026,3.730635229298331,0.020902444922584685,163.308192168842,0.45130199790680603,82.81818181818181,0.8598299798434681,0.33328650700048834,-0.07432325203215549,0.10625670087302803,79.3953488372093,21.280898876404493,10.174914335759423,0.1594629812130105,-0.21473044008286182,Electronic Components,Technology,VICR
2014Q4,2014,Q4,2015-03-06,2014-12-31,-43000.0,60735000.0,-178000.0,-0.0011,26116000.0,0.42999917675146127,155542000.0,127772000.0,113478000.0,23157000.0,24990000.0,26328000.0,94758000.0,466684900.0,411497900.0,3.3128159921180225,4.900375696333722,0.0,0.0,0.001426275672589419,3.3128159921180225,-0.00033653695645368315,7.683953239483,-2713.2843023255814,3.6524817643928245,0.0,1.3149118808872684,0.0,0.39047331267439017,3.6225763268126268,-0.0002764526623034293,-305.2223021582734,0.42999917675146127,0.989,-1.0201176630553999,0.33522534420448385,-0.09063162821360873,0.022152641878669277,0.9882961350027218,0.9569215876089061,-1.068831386730291,0.12411683349180251,-0.23476321521701632,Electronic Components,Technology,VICR
2014Q3,2014,Q3,2014-10-29,2014-09-30,-3674000.0,58402000.0,-4132000.0,-0.1,25550000.0,0.4374850176363823,158719000.0,126576000.0,114258000.0,27296000.0,29135000.0,28119000.0,94758000.0,362388800.0,309202800.0,3.283253787092758,4.185888042203986,0.0,0.0,-0.0285444170423608,3.283253787092758,-0.0290260396915687,6.205075168658608,-24.659009254218834,2.8630135254708633,0.0,1.1683203527863721,0.0,0.36795846748026384,2.9701787807737396,-0.023147827292258647,157.97244986922405,0.4374850176363823,0.23076923076923075,-3.348118538031194,0.32195051728344554,-0.0853874556106938,0.1274380019415762,0.24012409513960703,0.17590745911447947,-4.682520265016902,0.0815831335464016,-0.2352445370818322,Electronic Components,Technology,VICR
2014Q2,2014,Q2,2014-07-25,2014-06-30,-4835000.0,53361000.0,-5014000.0,-0.13,22662000.0,0.42469219092595717,158274000.0,129948000.0,112823000.0,22851000.0,25300000.0,29228000.0,98432000.0,322981960.00000006,272176960.00000006,3.371594624046495,4.93733315828629,0.0,0.0,-0.0378258016039406,3.371594624046495,-0.03720719056853511,6.052771874590057,-16.700204756980355,2.485470803706098,0.0,1.050328452169153,0.0,0.3371431820766519,3.435998424576605,-0.030548289674867633,972.8372289156629,0.42469219092595717,0.07142857142857148,-4.89766796526841,0.1394070588743778,-0.047048157144232834,-0.0057037557037557035,0.10096690219412421,0.07813936385364957,-2.7101948034561665,-0.11518151902431852,-0.23554826933753156,Electronic Components,Technology,VICR
2014Q1,2014,Q1,2014-04-30,2014-03-31,-5378000.0,53233000.0,-5439000.0,-0.14,22792000.0,0.42815546747318395,163088000.0,134146000.0,117037000.0,23284000.0,25824000.0,29521000.0,103267000.0,393118200.0,342811200.0,3.480605069925534,5.0264988833533755,0.0,0.0,-0.04067280639973571,3.480605069925534,-0.04009064750346637,7.384859016023895,-18.274367794719225,2.9305249504271464,0.0,1.0311642559533891,0.0,0.32640660257039145,3.552611235182958,-0.032976062003335624,-65.15051375538614,0.42815546747318395,0.5757575757575757,-1.2862454018994007,0.14073665248288447,0.00347647846583701,-0.02727156331355896,0.5895283162875897,-0.49669785360484314,-2.450650389843612,-0.18111858187196309,-0.19016785936612207,Electronic Components,Technology,VICR
2013Q4,2013,Q4,2014-03-14,2013-12-31,-13102000.0,55258000.0,-3634000.0,-0.33,23431000.0,0.42402909985884396,165640000.0,139176000.0,118524000.0,20655000.0,23303000.0,29696000.0,108645000.0,525996900.0,469657900.0,3.5508610792192883,5.738271604938272,0.0,0.0,-0.09329388711366073,3.5508610792192883,-0.09413979421739381,9.518927576097578,-10.03657647687376,3.779364976720124,0.0,1.0717605064655173,0.0,0.33360299444578606,4.090292907286371,-0.07909925138855349,-126.38080249879866,0.42402909985884396,-15.5,-2.9768595046140485,0.1441143423286716,0.0049324582326855885,0.019625761531766754,-13.05793991416309,-1.681918819188192,-2.2898459068092074,-0.19438703916315855,-0.15403038888285897,Electronic Components,Technology,VICR
2013Q3,2013,Q3,2013-10-30,2013-09-30,-932000.0,55091000.0,-1355000.0,-0.02,22980000.0,0.4171280245412136,180878000.0,152464000.0,123241000.0,22137000.0,24782000.0,27987000.0,121747000.0,315240840.0,254052840.0,3.956199076236442,5.567195193567331,0.0,0.0,-0.006120272101244699,3.956199076236442,-0.0061129184594396055,5.7221840227986425,-84.56031115879827,2.0676411480742996,0.0,1.1473541287026119,0.0,0.30457545970211963,4.043411483037449,-0.005152644323798361,6062.323846153846,0.4171280245412136,0.8333333333333333,-2.6543550174306025,0.16139424819947673,0.09052399536841586,0.24478630626726613,0.7980935875216638,0.8059295330850759,-1.0637398239492506,-0.1320895189498877,0.011571321334768247,Electronic Components,Technology,VICR
2013Q2,2013,Q2,2013-07-30,2013-06-30,-4616000.0,46865000.0,-6982000.0,-0.12,18461000.0,0.39391870265656675,177268000.0,152821000.0,119779000.0,18075000.0,20851000.0,28668000.0,122679000.0,263214540.0,202436540.0,3.9654626602314598,6.626777316735823,0.0,0.0,-0.029869558829707467,3.9654626602314598,-0.03020527283553962,5.616441694228102,-14.255553509532062,1.7223715327082012,0.0,0.9907911259941398,0.0,0.2643737166324435,4.662517289073306,-0.02603966875014103,-67.36998720245712,0.39391870265656675,0.0,-2.770151415177104,0.02726139422190997,0.058570110707376936,0.11163967001866683,0.07494989979959919,0.1782015065913371,-2.0518350055165113,-0.11648925412237736,0.12911214638057286,Electronic Components,Technology,VICR
2013Q1,2013,Q1,2013-05-01,2013-03-31,-4990000.0,41946000.0,-8496000.0,-0.12,16607000.0,0.3959137939255233,187843000.0,163041000.0,129225000.0,18296000.0,21205000.0,29921000.0,127295000.0,202541640.0,131138640.0,3.960478052809289,7.0630192391779625,0.0,0.0,-0.030635352675400993,3.960478052809289,-0.030605798541471163,4.828628236303819,-10.147376753507015,1.2422742745689734,0.0,0.8468634069716922,0.0,0.22330350345767477,5.1993878443375605,-0.026564737573399062,-71.01740532959327,0.3959137939255233,0.0,-9.140079315016647,-0.20657063249329927,0.048285564844710936,-0.17480745341614906,-0.036560033236393855,-0.997179125528914,-3.5873389257749424,-0.17897382391988223,0.07482806862776306,Electronic Components,Technology,VICR
2012Q4,2012,Q4,2013-03-07,2012-12-31,-4814000.0,50424000.0,-4254000.0,-0.12,20125000.0,0.39911550055529116,202581000.0,178352000.0,146063000.0,17565000.0,20608000.0,29955000.0,132285000.0,226615620.0,142061620.0,4.265671713185525,8.3155707372616,0.0,0.0,-0.026077495656205135,4.265671713185525,-0.026991567237821836,4.494201570680628,-11.768571873701703,1.2706087960886339,-0.0785209804736186,1.0114838925054248,0.0016680227073491228,0.24890784426969953,6.360318815826928,-0.023763334172503838,607.5485790884718,0.39911550055529116,0.0,-4.199305709231639,-0.07008885873531714,0.0790509988651076,-0.12320829521195487,-26.20418848167539,-15.371621621621621,-3.0776050125293657,0.022587900005406624,0.17092737707859731,Electronic Components,Technology,VICR
2012Q3,2012,Q3,2012-10-30,2012-09-30,191000.0,52948000.0,296000.0,0.0,22953000.0,0.43350079323109464,209799000.0,183199000.0,151858000.0,19667000.0,22709000.0,30762000.0,137099000.0,276370710.0,191618710.0,4.381598144029083,7.721462348095795,0.0,0.0,0.0012360770933885774,4.381598144029083,0.0010425821101643568,5.21966287678477,361.7417670157068,1.508581979159275,0.0,0.9750666406605553,0.0,0.2523748921586852,5.899730513042152,0.0009103951877749655,-435.9159463722398,0.43350079323109464,-1.0,-0.6498825526938221,0.1050327119231449,0.12155394658862599,-0.04783041566415001,-0.1318181818181818,-0.5825105782792666,-0.8874434971451676,0.1050791828563152,0.22057717339920133,Electronic Components,Technology,VICR
2012Q2,2012,Q2,2012-07-30,2012-06-30,220000.0,55467000.0,709000.0,0.01,24106000.0,0.4346007536012404,208842000.0,182294000.0,147189000.0,19578000.0,22755000.0,30730000.0,136908000.0,290168340.0,207924340.0,4.359953122384062,7.518081520073552,0.0,0.0,0.0011997401788142428,4.359953122384062,0.0012068416952834432,5.231368922061766,329.73675000000003,1.5917602334690115,0.0,1.0205336804425642,0.0,0.26559312781911687,5.69154152620288,0.0010534279503165071,75.564671875,0.4346007536012404,0.0,-0.7753968344005442,0.16839482344897314,0.08056684798120915,-0.01475456737646626,-0.32515337423312884,0.5280172413793104,-0.8365161960400939,0.09177542730894188,0.23230276057153668,Electronic Components,Technology,VICR
2012Q1,2012,Q1,2012-04-30,2012-03-31,326000.0,59668000.0,464000.0,0.01,24467000.0,0.41005228933431653,208424000.0,181610000.0,146003000.0,19748000.0,23060000.0,31489000.0,136688000.0,334488000.0,256238000.0,4.343593791107604,7.393305651205186,0.0,0.0,0.0016851635548234645,4.343593791107604,0.001795055338362425,5.605818864382919,256.50920245398777,1.8417928528164746,0.0,1.1178824351360792,0.0,0.28628181015622,5.560208628721896,0.001564119295282693,53.40699345361648,0.41005228933431653,-0.38271604938271603,-0.8650782930227775,0.2625728744164304,0.07745430630501692,-0.0009799518190355642,-0.518463810930576,-0.6158940397350994,1.1277474004252965,0.1786323554844458,0.2522805988672495,Electronic Components,Technology,VICR
2011Q4,2011,Q4,2012-03-02,2011-12-31,677000.0,58551000.0,1208000.0,0.0162,24491000.0,0.41828491400659257,208141000.0,180945000.0,144334000.0,19948000.0,23431000.0,35752000.0,136362000.0,332704120.0,260796120.0,4.329138454913032,7.235512332063364,0.0,0.0,0.004212672487315191,4.329138454913032,0.003741468402000608,5.682296117914297,122.85971935007385,1.838703031307856,0.0,0.9526739762810472,0.0,0.2813045003146905,5.179366352516543,0.0032526028029076443,94.03734313171283,0.41828491400659257,-0.46,1.0177635724261849,0.22019934984197612,0.05708230022939747,0.0020867430441898526,-0.37430683918669133,-0.27837514934289126,1.192697854649645,0.1368263783767237,0.2251934537754224,Electronic Components,Technology,VICR
2011Q3,2011,Q3,2011-10-28,2011-09-30,1082000.0,58560000.0,1674000.0,0.03,24440000.0,0.4173497267759563,207984000.0,179499000.0,140690000.0,20769000.0,24113000.0,36461000.0,135685000.0,365837500.0,298948500.0,4.293207366658694,6.774038230054408,0.0,0.0,0.0065459974707379985,4.293207366658694,0.0060278887347561825,6.247225068306011,84.528073012939,2.0381032763413724,0.0,0.9357944104659773,0.0,0.2815601200092315,4.759593625114353,0.005202323255635049,109.53218562874251,0.4173497267759563,-0.5714285714285715,-0.5616446183860259,0.24456945071368194,-0.1443295618323184,-0.10505694093522282,-0.6470971950424005,-0.6181569343065694,0.7703089549290343,0.1379130761901824,0.18342013640214114,Electronic Components,Technology,VICR
2011Q2,2011,Q2,2011-07-28,2011-06-30,3066000.0,65402000.0,4384000.0,0.07,27309000.0,0.4175560380416501,215100000.0,184349000.0,146608000.0,23016000.0,26485000.0,36177000.0,140875000.0,675873660.0000001,606094660.0000001,4.410474185367721,6.369829683698297,0.0,0.0,0.015455225551825883,4.410474185367721,0.016631497865461704,10.334143604171128,55.11037671232877,3.666272450623546,0.0,1.0529618265748957,0.0,0.30405392840539286,4.530022592978797,0.014253835425383542,131.74925146198834,0.4175560380416501,-0.3,0.07563676619062906,0.34004047431887097,-0.12508402455112885,-0.10327050633742695,-0.23693379790940766,-0.3171339563862928,3.308866452940332,0.3217735159879171,0.1773647986901543,Electronic Components,Technology,VICR
2011Q1,2011,Q1,2011-05-02,2011-03-31,4018000.0,70455000.0,6420000.0,0.1,30454000.0,0.43224753388687814,212562000.0,179529000.0,136578000.0,25808000.0,28912000.0,35610000.0,137809000.0,688803789.9999999,632403789.9999999,4.29793397333078,5.292079975201488,0.0,0.0,0.02396085464669732,4.29793397333078,0.02238078527703045,9.776506848342912,42.85737867098058,3.836727158286404,0.0,1.1233080595338387,0.0,0.3314562339458605,3.727371357718537,0.018902720147533424,99.35147699408624,0.43224753388687814,-0.6153846153846154,0.3117769282569502,0.4779734559369224,-0.1635012721569739,-0.07670385641523163,-0.628203941889516,-0.38990782096360355,5.4597003168582,0.31342078533147993,0.1376056331640233,Electronic Components,Technology,VICR
2010Q4,2010,Q4,2011-03-03,2010-12-31,10807000.0,72975000.0,10523000.0,0.26,32984000.0,0.4519904076738609,204912000.0,175031000.0,128154000.0,22700000.0,25900000.0,35489000.0,133791000.0,683880000.0,634601000.0,4.197386091127099,5.645550660792952,0.0,0.0,0.06286741316048815,4.197386091127099,0.06174334832115454,9.371428571428572,15.820301656333857,3.907193582851037,0.0,1.1268562089661585,0.0,0.3561284844225814,3.8812334801762116,0.05273971265714063,443.2145171743357,0.4519904076738609,-0.3157894736842105,4.2234580912193325,0.5847680044930229,-0.18830657734064596,0.015736150032334556,-0.3168341867374676,-0.07547004041468987,6.201273514254728,0.34937531280701434,0.06177736093781274,Electronic Components,Technology,VICR
2010Q3,2010,Q3,2010-11-03,2010-09-30,15819000.0,68672000.0,11382000.0,0.38,32473000.0,0.4728710391425909,198433000.0,163059000.0,125369000.0,28011000.0,31255000.0,29878000.0,122984000.0,609134730.0,562385730.0,3.9109442832130092,4.4757059726536,0.0,0.0,0.09658236019408152,3.9109442832130092,0.09701396427060144,8.870205178238583,9.626631424236678,3.735670708148584,0.0,1.2115603454046455,0.0,0.34607146996719296,3.0769697618792615,0.07971960309021181,173.29579800853486,0.4728710391425909,2.4545454545454546,8.31035840149962,0.5239682118852229,-0.2404004930765568,0.2616263258090835,2.3324204760901623,1.4524886877828054,28.07949239064337,0.4372511979721291,0.0010810785336732357,Electronic Components,Technology,VICR
2010Q2,2010,Q2,2010-08-03,2010-06-30,4747000.0,57377000.0,4641000.0,0.11,25739000.0,0.4485943845094724,193223000.0,146402000.0,121240000.0,38914000.0,42767000.0,25686000.0,107165000.0,520658140.0,474054140.0,3.5120184234515186,3.115588220177828,0.0,0.0,0.0297042509321351,3.5120184234515186,0.03242442043141487,9.07433536085888,27.420378133558035,3.556359475963443,0.0,1.231721560383088,0.0,0.29694705081693173,2.3162871974096726,0.024567468676089284,306.08944150499707,0.4485943845094724,1.2,52.47654373763832,0.2904513026025913,-0.31168378252885687,0.10354141656662665,1.4318647540983607,0.8016304347826086,3.8608559878729625,0.21225257323079755,-0.12958452273316678,Electronic Components,Technology,VICR
2010Q1,2010,Q1,2010-05-05,2010-03-31,1952000.0,51709000.0,2576000.0,0.05,23324000.0,0.45106267767700015,183375000.0,153529000.0,100035000.0,21623000.0,25508000.0,21710000.0,114924000.0,575407460.0,533746460.0,3.6847549560792974,4.6263238218563565,0.0,0.0,0.012728365897845893,3.6847549560792974,0.012714210344625445,11.127800963081862,73.69460297131148,3.7478747337636538,0.0,1.3074619990787655,0.0,0.2819850034083163,3.3930536928270825,0.010644853442399455,-292.38183943089433,0.45106267767700015,-0.09747292418772555,49.42847454790045,0.206546671120059,-0.2929059619030233,0.03676045694981553,-0.15461238631442184,0.001165954139137194,-0.18931379005311377,0.09796844210395819,-0.08597459015751689,Electronic Components,Technology,VICR
2009Q4,2009,Q4,2010-03-10,2009-12-31,2309000.0,49138000.0,2573000.0,0.0554,22497000.0,0.4578330416378363,180577000.0,151785000.0,95447000.0,20656000.0,24511000.0,21357000.0,112972000.0,387484500.0,347260500.0,3.6429857194287774,4.620788148721921,0.0,0.0,0.01571155459464236,3.6429857194287774,0.015212306881444149,7.885638406121536,41.95371372888697,2.55285107224034,0.2650498051104374,1.2474130261740881,0.0015794180154302944,0.2721166039971868,3.3584430673896204,0.012786789015212347,110.64663049685893,0.4578330416378363,0.3849999999999999,2.1517231965243,0.21955437717471782,-0.30612154715584466,0.08849429069092317,0.3654642223536369,0.33178053830227744,1.0607770057591295,0.027277257226070703,-0.11046140840649558,Electronic Components,Technology,VICR
2009Q3,2009,Q3,2009-11-04,2009-09-30,1691000.0,47746000.0,1932000.0,0.04,20668000.0,0.43287395802789763,176113000.0,149568000.0,90443000.0,18564000.0,21793000.0,22190000.0,110663000.0,321653800.0,285758800.0,3.589775591023641,4.871956474897651,0.0,0.0,0.011775186012582935,3.589775591023641,0.01130589430894309,6.736769572320195,47.55378474275577,2.1505522571673086,0.0,1.2202794051374493,0.0,0.2711100259492485,3.4711807800043095,0.009601789759983647,114.71248216833095,0.43287395802789763,0.3333333333333334,3.9870167394108353,0.12066057145166309,-0.322725133302052,-0.08540578812284273,0.2609992542878449,-0.08392603129445235,-0.31253360938661756,0.018272097797744757,-0.28452911994198543,Electronic Components,Technology,VICR
2009Q2,2009,Q2,2009-08-05,2009-06-30,1341000.0,50627000.0,2109000.0,0.03,22598000.0,0.44636261283504847,174586000.0,147413000.0,85768000.0,19473000.0,22722000.0,24763000.0,108972000.0,300821300.0,270392300.0,3.5380535221408858,4.404457453910543,0.0,0.0,0.01092582767884243,3.5380535221408858,0.009096891047600957,5.941914393505442,56.08152498135719,2.0406700901548707,0.0,1.1318903202358357,0.0,0.28998316016175407,2.940430339444359,0.007681028261143506,55.12576507238409,0.44636261283504847,1.5,21.18621557977073,0.12605450469175825,-0.3455237576546007,0.03513352572030599,1.5273299252850963,2.1455730581205867,-0.5280387081871584,0.0406224603383648,-0.2981481313769164,Electronic Components,Technology,VICR
2009Q1,2009,Q1,2009-05-06,2009-03-31,-2543000.0,50448000.0,-1841000.0,-0.06,21831000.0,0.43274262607040914,171761000.0,144517000.0,83950000.0,19415000.0,22597000.0,25631000.0,107631000.0,203741850.0,178605850.0,3.468546741869675,4.32397630697914,0.0,0.0,-0.015903400054660434,3.468546741869675,-0.01759654573510383,4.03865068981922,-20.029674596932757,1.4098123404166982,0.0,1.116499551324568,0.0,0.29371044649250994,2.8268349214524853,-0.014805456419093973,85.17635869565217,0.43274262607040914,0.28656361474435194,-1.1498997304429994,0.19360131955665105,-0.3562208918749949,0.04911336440963045,0.2736361039702942,-0.100418410041841,-1.8323383442489845,0.060967925348030076,-0.32492333408520835,Electronic Components,Technology,VICR
2008Q4,2008,Q4,2009-03-13,2008-12-31,-3501000.0,51324000.0,-1673000.0,-0.0841,20809000.0,0.4054438469332086,171922000.0,147171000.0,82756000.0,17459000.0,20496000.0,26681000.0,110174000.0,275313110.0,252674110.0,3.5334325706465632,4.740019474196689,0.0,0.0,-0.01667577628371444,3.5334325706465632,-0.023788654014717574,5.364217714909204,-19.65960511282491,1.8707021763798575,-0.1456726649528706,1.1436977624526816,0.0018524363042500954,0.29853072905154665,3.0453634228764535,-0.02036388594827887,-133.13013056092842,0.4054438469332086,-9.409999999999998,-21.474381530246067,0.3199841127530962,-0.34687197901769,-0.04994749577683422,-6.748768472906404,-5.192982456140351,-2.694164963718666,0.1158934007772053,-0.31670236791726614,Electronic Components,Technology,VICR
2008Q3,2008,Q3,2008-11-06,2008-09-30,609000.0,51278000.0,399000.0,0.01,21903000.0,0.42714224423729474,179021000.0,151134000.0,87277000.0,20423000.0,23487000.0,27104000.0,113675000.0,369940800.00000006,344504800.00000006,3.627796447431589,4.273466190079812,0.0,0.0,0.01087259607309568,3.627796447431589,0.004029536702528882,7.214415538827568,151.864039408867,2.4477668823692884,11.341543513957307,1.083788370720189,0.01867055485634458,0.28643566955831995,2.755569700827498,0.003401835538847398,-346.7111527647611,0.42714224423729474,1.3333333333333335,1.0859258571259043,0.4358250680757805,-0.32912567993982006,0.037417704731681906,1.4603174603174602,1.5215686274509803,-0.6412858188457694,0.1388621787415696,-0.2953946174800142,Electronic Components,Technology,VICR
2008Q2,2008,Q2,2008-08-11,2008-06-30,-1323000.0,49297000.0,-765000.0,-0.03,21113000.0,0.42828163985638074,184619000.0,155997000.0,92731000.0,19659000.0,23631000.0,26025000.0,119315000.0,415597140.0,382597140.0,3.7460557596714934,4.716974413754515,0.0,0.0,-0.007046735917494236,3.7460557596714934,-0.008480932325621646,8.43047528247155,-78.53309523809524,2.6641354641435413,0.0,1.0829586935638809,0.0,0.2670201875213277,3.1967037997863574,-0.0071661096636857526,211.49981679389313,0.42828163985638074,-4.0,0.7771137752466966,0.27882751045888726,-0.32819890122788287,-0.05997328584149599,-3.1338709677419354,-1.8528428093645486,-15.919427493243127,0.10987096302275105,-0.2658150897742105,Electronic Components,Technology,VICR
2008Q1,2008,Q1,2008-05-12,2008-03-31,620000.0,53469000.0,897000.0,0.01,22460000.0,0.42005648132562795,191626000.0,157303000.0,99608000.0,26741000.0,29838000.0,25528000.0,120638000.0,497133840.0,463040840.0,3.7780526467480064,3.724916794435511,0.0,0.0,0.004867035425947046,3.7780526467480064,0.003941437861960675,9.297608707849408,200.4571935483871,3.1603582894159676,0.0,1.2147054214979631,0.0,0.27902789809316064,2.578699375490819,0.0032354690908331855,252.60865853658535,0.42005648132562795,-0.7214484679665738,1.094467404008747,0.43099618680238955,-0.33481167912339105,0.0555007284176888,-0.5858383433533734,-0.29921875,15.028781798788522,0.24851239470100858,-0.2750023993523525,Electronic Components,Technology,VICR
2007Q4,2007,Q4,2008-03-19,2007-12-31,1497000.0,53947000.0,1280000.0,0.0359,21279000.0,0.39444269375498175,192458000.0,164440000.0,136961000.0,21037000.0,23978000.0,23078000.0,126263000.0,648497230.0,628480230.0,3.9531696997379617,6.510481532537909,0.0,0.0,0.006526055836286739,3.9531696997379617,0.009103624422281683,12.021006358092201,108.29947060788243,3.9436708221843833,0.0,1.415547274460525,0.0,0.2803053133670723,5.208014450729666,0.007778320464724771,-772.9406793802145,0.39444269375498175,2.59,1.4311350445517061,0.3186997945094784,-0.32522952358030544,0.1885053619302949,1.7569060773480663,1.5967365967365967,1.7479203626088935,0.3410975459455548,-0.24704089273381005,Electronic Components,Technology,VICR
2007Q3,2007,Q3,2008-02-27,2007-09-30,543000.0,47693000.0,-2145000.0,0.01,17904000.0,0.3754010022435158,191241000.0,162586000.0,135391000.0,20599000.0,24976000.0,21905000.0,124766000.0,523541860.0,474037860.0,3.906720811206959,6.572697703772028,0.0,0.0,0.01041707832375183,3.906720811206959,0.003339770951988486,10.97733126454616,241.04137200736648,3.2200918898306123,11.495395948434622,1.3599178269801415,0.011922637857458045,0.2493868992527753,5.159862129229574,0.0028393493027122846,228.42140488656196,0.3754010022435158,-0.5,1.2103911656980837,0.22795242384330566,-0.34419829669541296,-0.08648400428593296,-0.44250513347022585,-2.911764705882353,1.9602725049657792,0.12070769959724703,-0.26292779324353394,Electronic Components,Technology,VICR
2007Q2,2007,Q2,2008-02-27,2007-06-30,974000.0,47206000.0,1122000.0,0.02,19599000.0,0.41518027369402194,197371000.0,167754000.0,142958000.0,21712000.0,26027000.0,23583000.0,130465000.0,550050480.0,519801480.0,4.034875889936502,6.584285187914517,0.0,0.0,0.0057055580046663145,4.034875889936502,0.005806120867460686,11.652130661356606,141.1833880903491,3.2789112629207056,0.0944558521560575,1.170631387016071,0.00016725737608664571,0.23917394146049825,5.142179439941047,0.004934868851047013,80.87788266431407,0.41518027369402194,-0.6666666666666666,1.204797745417524,0.3075873127619761,-0.32994030989743495,-0.03104760963069165,-0.5945045795170691,0.3783783783783784,15.148868199497185,0.05221164400913175,-0.25362055880438533,Electronic Components,Technology,VICR
2007Q1,2007,Q1,2007-05-09,2007-03-31,2402000.0,46981000.0,814000.0,0.06,20227000.0,0.43053574849407206,193869000.0,167563000.0,136417000.0,18350000.0,22696000.0,22585000.0,130746000.0,416481300.0,383617300.0,4.031348490316372,7.434168937329701,0.0,0.0,0.004880223418180988,4.031348490316372,0.014334906870848577,8.864887933419894,43.347345961698586,2.485520669837613,2.595753538717735,1.1845915430595528,0.014970660147286326,0.24233374082499007,5.86425068119891,0.012389809613708226,-11.591786579086532,0.43053574849407206,1.065934065934066,1.4969666932356525,0.38447295282638677,-0.3410655825131508,0.028108163057842837,1.062961992136304,1.0214114738143463,3.035581285563666,0.1142462849351477,-0.2517621560901906,Electronic Components,Technology,VICR
