Quarters,Year,Quarter,FillingDate,Date,NetIncome,Revenue,OperatingIncome,EPSDiluted,GrossProfit,GrossProfitRatio,TotalAssets,CommonStockEquity,CurrentAssets,CurrentLiability,TotalLiability,Inventory,RetainedEarnings,MarketCap,EnterpriseValue,bookValuePerShare,currentRatio,debtToAssets,debtToEquity,roic,shareholdersEquityPerShare,roe,priceToSalesRatio,peRatio,pbRatio,payoutRatio,inventoryTurnover,dividendYield,assetTurnover,quickRatio,returnOnAssets,priceToFreeCashFlowsRatio,grossProfitMargin,epsdilutedGrowth,fiveYNetIncomeGrowthPerShare,fiveYRevenueGrowthPerShare,fiveYShareholdersEquityGrowthPerShare,grossProfitGrowth,netIncomeGrowth,operatingIncomeGrowth,threeYNetIncomeGrowthPerShare,threeYRevenueGrowthPerShare,threeYShareholdersEquityGrowthPerShare,Industry,Sector,Symbol
2023Q1,2023,Q1,2023-05-04,2023-03-31,6574000000.0,48842000000.0,9634000000.0,3.47,15909000000.0,0.3257237623,416320000000.0,159449000000.0,7408000000.0,33735000000.0,23206000000.0,9232000000.0,193738000000.0,308648956200.0,316186956200.0,84.28895778653535,0.2195938935823329,0.06278103382013836,0.16392075209000997,0.036019935080309214,84.28895778653535,0.04122948403564776,6.319334920764915,11.737486925768177,1.9357221192983338,0.00044113173106175843,3.5672660311958406,9.39578748525183e-06,0.1173184089162183,1.0321327997628575,0.015790737893927747,73487.84671428571,0.32572376233569467,0.04204204204204208,0.8111396212420013,0.36101238175522393,0.06288422858877041,-0.07446622840188492,0.03478671493782465,-0.029906353841506392,0.798208655953086,0.6186617841870586,0.09059299856878027,Oil & Gas Integrated,Energy,CVX
2022Q4,2022,Q4,2023-02-23,2022-12-31,6353000000.0,54523000000.0,9931000000.0,3.33,17189000000.0,0.3152614493,257709000000.0,159282000000.0,50343000000.0,34208000000.0,257709000000.0,8247000000.0,190024000000.0,342933952980.0,348594952980.0,83.36744125673479,1.4716732927970066,0.0905633873865484,0.14652628671161838,0.035362773800343306,83.36744125673479,0.03988523499202672,6.289711735964639,13.49496115929482,2.152998788186989,0.42499606485125135,4.526979507699769,0.00787323616264227,0.2115680864851441,1.1212874181478016,0.024651835985549594,39.41769574482758,0.31526144929662714,-0.42387543252595156,1.0181636492900568,0.4810940826707251,0.06271987803141538,-0.18984776358580382,-0.4343335410916214,-0.3351409252192542,1.941860423376139,0.5453941671407484,0.08235927074179118,Oil & Gas Integrated,Energy,CVX
2022Q3,2022,Q3,2022-11-03,2022-09-30,11231000000.0,63508000000.0,14937000000.0,5.78,21217000000.0,0.3340838949,259735000000.0,158680000000.0,15431000000.0,36883000000.0,100108000000.0,9002000000.0,186394000000.0,277604633460.0,288302633460.0,82.12238864984542,0.41837703006805305,0.09957071630700522,0.16298210234434082,0.061423060578457846,82.12238864984542,0.0707776657423746,4.371175811866221,6.1794282223310475,1.7494620207965714,0.24040601905440298,4.697956009775606,0.009726062444808014,0.2445107513427147,1.0274923406447414,0.043240225614568695,22.569482395121952,0.33408389494236945,-0.02857142857142856,4.605928879544061,0.825745370897694,0.053810602957007694,-0.020859292076237945,-0.03364309069007056,-0.07407636994792959,3.2367823164304212,0.7772510316807846,-0.008990323781162634,Oil & Gas Integrated,Energy,CVX
2022Q2,2022,Q2,2022-08-04,2022-06-30,11622000000.0,65372000000.0,16132000000.0,5.95,21669000000.0,0.3314721899,257936000000.0,153554000000.0,51188000000.0,39121000000.0,78147000000.0,7715000000.0,177909000000.0,281988440340.0,296194440340.0,78.8385087459433,1.3084532603972292,0.1017112772160536,0.17085194784896518,0.06568496671673353,78.8385087459433,0.07568672909855816,4.3135966520834605,6.065832910428497,1.8364122089948813,0.2409223885733953,5.664679196370707,0.009929485040677467,0.25344271447180694,1.0027862273459267,0.045057688728987036,26.602683050943398,0.3314721899284097,0.8421052631578948,6.740754929586642,0.9203042342559677,0.014320724491190404,0.3533820498407345,0.8515214274334874,0.7553862894450489,1.6186524431662297,0.7457425894132046,-0.04762405942706244,Oil & Gas Integrated,Energy,CVX
2022Q1,2022,Q1,2022-05-04,2022-03-31,6277000000.0,52314000000.0,9190000000.0,3.23,16011000000.0,0.3060557403,249048000000.0,146219000000.0,44709000000.0,31203000000.0,102829000000.0,6525000000.0,169059000000.0,315184820440.0,332846820440.0,75.53929702820939,1.4328429958657822,0.1177805081751309,0.20061004383835207,0.03629287461321913,75.53929702820939,0.042928757548608594,6.024865627556677,12.553163152779991,2.155566789815277,0.4301417874780946,5.56367816091954,0.008566402392827114,0.21005589283993448,1.120373041053745,0.025203976743439015,51.66964269508197,0.3060557403371946,0.22348484848484843,1.2723500639080911,0.6112335296445031,-0.031553974742824085,0.1680892974392646,0.23514364423455333,0.2920005623506256,1.3112224635285643,0.49246140591650184,-0.08014870606692648,Oil & Gas Integrated,Energy,CVX
2021Q4,2021,Q4,2022-02-24,2021-12-31,5082000000.0,45861000000.0,7113000000.0,2.64,13707000000.0,0.2988814025,239535000000.0,139067000000.0,33738000000.0,26791000000.0,99595000000.0,6305000000.0,165546000000.0,224776884000.0,250505884000.0,72.60316167564633,1.2593034974431712,0.1309578975932536,0.22556753219671094,0.030284270468766236,72.60316167564633,0.03654353656870429,4.9012643422515865,11.057501180637543,1.6163207950124758,0.5051160960251869,5.099762093576526,0.011420213477111819,0.19145845074832488,0.8993318651786048,0.021216106205773688,32.80456567425569,0.29888140249885525,-0.17241379310344823,10.99167916874867,0.4899266606549987,-0.0644060379782367,-0.04904953517413626,-0.16838487972508592,0.15264948954788526,0.3467928311979558,0.12383906900579335,-0.11055560300945208,Oil & Gas Integrated,Energy,CVX
2021Q3,2021,Q3,2021-11-04,2021-09-30,6111000000.0,42552000000.0,6171000000.0,3.19,14414000000.0,0.33873848467757095,239948000000.0,135862000000.0,32137000000.0,25188000000.0,103226000000.0,6129000000.0,163044000000.0,194581708700.0,225930708700.0,70.83502345665238,1.275885342226457,0.15564622334839215,0.27488922583209435,0.027046807415026637,70.83502345665238,0.04497946445658094,4.572798192799398,7.9603055432826055,1.4322011209904169,0.4207167403043692,4.590961005057921,0.013212958284603655,0.17733842332505376,0.8972129585516913,0.02546801807058196,29.163925164868104,0.33873848467757095,0.9937499999999999,3.6529019580512334,0.42556040931570976,-0.09591300500999134,0.3144264089002371,0.9828033744321869,0.8745443499392467,0.49639613214040523,0.0015065713911119349,-0.12331217138559056,Oil & Gas Integrated,Energy,CVX
2021Q2,2021,Q2,2021-08-05,2021-06-30,3082000000.0,36117000000.0,3292000000.0,1.6,10966000000.0,0.30362433203200706,242806000000.0,133182000000.0,32973000000.0,28147000000.0,108895000000.0,6239000000.0,159640000000.0,200842720640.0,236333720640.0,69.45475860687883,1.1714569936405301,0.17717025114700624,0.32300160682374496,0.013072404975432406,69.45475860687883,0.023141265336156538,5.560891564637151,16.291589928617782,1.5080320211439984,0.8348475016223231,4.031255008815515,0.012811019447460915,0.14874838348310998,0.826588979287313,0.01269326128678863,38.945650696141165,0.30362433203200706,1.2222222222222223,3.0468049465918905,0.2663133993266927,-0.1164969398674658,0.1891129906744741,1.2381989832970226,0.8715179079022172,-0.10401360445670607,-0.11600674987983843,-0.1327738413937939,Oil & Gas Integrated,Energy,CVX
2021Q1,2021,Q1,2021-05-06,2021-03-31,1377000000.0,31076000000.0,1759000000.0,0.72,9222000000.0,0.29675633929720685,241645000000.0,131888000000.0,30433000000.0,27480000000.0,108712000000.0,5620000000.0,159285000000.0,200455410750.0,238819410750.0,68.94572447952743,1.1074599708879185,0.18804444536406711,0.34453475676331435,0.006369968224477012,68.94572447952743,0.010440676938008008,6.450489469365427,36.39350231481482,1.5198912012465122,1.7923021060275963,3.8886120996441282,0.012311964993940678,0.12860187465083076,0.7724163027656478,0.005698441929276418,81.818535,0.29675633929720685,3.1818181818181817,2.8564674516774047,0.3166456965157385,-0.14233540694240185,0.32309899569583933,3.0706766917293233,3.512857142857143,-0.6248462042336448,-0.14365863536849457,-0.13059402913126703,Oil & Gas Integrated,Energy,CVX
2020Q4,2020,Q4,2021-02-25,2020-12-31,-665000000.0,24843000000.0,-700000000.0,-0.33,6970000000.0,0.2805619289135773,239790000000.0,131688000000.0,26078000000.0,22183000000.0,107064000000.0,5676000000.0,160377000000.0,161360641800.0,200079641800.0,68.92047203049734,1.175584907361493,0.18480753993077276,0.33651509628819637,-0.002719369854731049,68.92047203049734,-0.005049814713565397,6.49521562613211,-60.66189541353384,1.2253253280481138,-3.706766917293233,3.148872445384073,0.015276339834191214,0.10360315275866383,0.7707704097732497,-0.002773259935777138,943.6294842105264,0.2805619289135773,-1.7500000000000002,-0.10629867451888841,-0.13252495948638054,-0.1564909734475385,0.0670545009185548,-2.21256038647343,-5.25,-1.2112377042111326,-0.3251935707634671,-0.12144172201997627,Oil & Gas Integrated,Energy,CVX
2020Q3,2020,Q3,2020-11-05,2020-09-30,-207000000.0,23997000000.0,-112000000.0,-0.12,6532000000.0,0.2722006917531358,223063000000.0,131774000000.0,24803000000.0,19664000000.0,91025000000.0,5681000000.0,163509000000.0,133454376000.0,161398376000.0,71.0934199714815,1.2613405207485762,0.15605456754369842,0.2641644026894532,-0.0031935840176727658,71.0934199714815,-0.001570871340325102,5.561294161770221,-161.17678260869565,1.0127519541032373,-11.545893719806763,3.074282696708326,0.017908742085759707,0.10757947306366362,0.8449959316517494,-0.000927988953793323,69.98131934976402,0.2722006917531358,0.9729729729729729,-1.1024375256956145,-0.2617558167633787,-0.1425191464496309,5.133333333333334,0.9749697702539298,0.9858120091208513,-1.1077109355838681,-0.28083421065916786,-0.08771528692542836,Oil & Gas Integrated,Energy,CVX
2020Q2,2020,Q2,2020-08-05,2020-06-30,-8270000000.0,15926000000.0,-7894000000.0,-4.44,1065000000.0,0.06687178199171166,223403000000.0,134118000000.0,23732000000.0,20825000000.0,89017000000.0,5511000000.0,166122000000.0,165371118990.0,192569118990.0,72.36662128847097,1.1395918367346938,0.15242857078911207,0.2539032792018968,-0.03666367852580201,72.36662128847097,-0.06166211843302167,10.383719640210975,-4.999126934401452,1.2330270283630833,-0.2894800483675937,2.6966067864271457,0.01447653021048231,0.07128821009565672,0.7435294117647059,-0.03701830324570395,-82.19240506461233,0.06687178199171166,-3.300518134715026,-15.594708500261996,-0.5642445690932747,-0.12620447781961394,-0.8925111021396851,-3.297860516810225,-4.0256803372939824,-6.788711659829608,-0.5083467209742957,-0.06894530475148691,Oil & Gas Integrated,Energy,CVX
2020Q1,2020,Q1,2020-05-06,2020-03-31,3599000000.0,29705000000.0,2609000000.0,1.93,9908000000.0,0.33354654098636594,236677000000.0,143930000000.0,28562000000.0,28235000000.0,91763000000.0,6574000000.0,176113000000.0,134940301579.99998,158799301580.0,77.28727205946711,1.0115813706392776,0.1366883981121951,0.22476898492322656,0.012786402157609024,77.28727205946711,0.025005210866393384,4.542679736744655,9.373458014726312,0.9375411768220662,0.667407613225896,3.011408579251597,0.017800464145072057,0.12550860455388568,0.6626173189304055,0.015206378313059571,84.9215239647577,0.33354654098636594,1.5498575498575498,0.4053247313724048,-0.07860445590030651,-0.07403148317962692,7.4005167958656335,1.5444780635400908,1.2634023220595658,0.35423015024842597,-0.04905008634081726,-0.009144188871528992,Oil & Gas Integrated,Energy,CVX
2019Q4,2019,Q4,2020-02-21,2019-12-31,-6610000000.0,34574000000.0,-9905000000.0,-3.51,-1548000000.0,-0.044773529241626656,237428000000.0,144213000000.0,28329000000.0,26530000000.0,92220000000.0,5848000000.0,174945000000.0,225632921670.0,246919921670.0,77.02381594569722,1.0678100263852244,0.11360496655828294,0.1870358428158349,-0.045820954834958655,77.02381594569722,-0.04583498020289433,6.526086703013825,-8.53377162140696,1.564581013292838,-0.33706505295007566,6.176812585499316,0.009874445553023362,0.14561888235591422,0.7189596683000377,-0.027840018868878144,155.9315284519696,-0.044773529241626656,-3.580882352941176,-2.9033484790253996,-0.17941129162861263,-0.07025097697645931,-1.1469248291571754,-3.562015503875969,-4.268976897689769,-16.956438820269536,0.14910620764879612,-0.007439683513914846,Oil & Gas Integrated,Energy,CVX
2019Q3,2019,Q3,2019-11-07,2019-09-30,2580000000.0,34779000000.0,3030000000.0,1.36,10536000000.0,0.3029414301733805,256537000000.0,155841000000.0,33988000000.0,30233000000.0,99645000000.0,5951000000.0,183783000000.0,223039990200.0,244193990200.0,82.86739334693533,1.1242020308933947,0.12805560211587413,0.2107981853299196,0.010232012687392072,82.86739334693533,0.016555335245538722,6.413065073751402,21.61240215116279,1.4312022522956087,0.8670542635658914,4.0737691144345485,0.01002959154541785,0.1355710872115913,0.8176826646379783,0.010057028810658892,50.14388268884892,0.3029414301733805,-0.4008810572687224,-0.5386335518642666,-0.32876585239685263,-0.0017514848395614238,-0.055406132329209254,-0.40069686411149824,-0.18174453146097758,1.0034718139903271,0.1883234077832204,0.05765945965321548,Oil & Gas Integrated,Energy,CVX
2019Q2,2019,Q2,2019-08-07,2019-06-30,4305000000.0,36323000000.0,3703000000.0,2.27,11154000000.0,0.30707815984362524,255878000000.0,156395000000.0,33087000000.0,28829000000.0,98427000000.0,6809000000.0,183442000000.0,235855842600.0,257991842600.0,82.78086980915859,1.1476984980401679,0.11977973878176318,0.1959717382269254,0.014310226227556944,82.78086980915859,0.02752645544934301,6.4932919252264405,13.696622682926828,1.5080778963521853,0.5226480836236934,3.6964311940079306,0.009539725517064633,0.14195436887891885,0.7962121474903743,0.016824424139629042,45.36561696480092,0.30707815984362524,0.6330935251798563,-0.24076325847813027,-0.3471044593472298,0.017394412995023,0.07332563510392609,0.6251415628539071,0.13172371638141808,3.9018010027331114,0.29259327184544476,0.05301858740577342,Oil & Gas Integrated,Energy,CVX
2019Q1,2019,Q1,2019-05-02,2019-03-31,2649000000.0,34189000000.0,3272000000.0,1.39,10392000000.0,0.303957413203077,256809000000.0,155045000000.0,33671000000.0,29951000000.0,100691000000.0,6723000000.0,181387000000.0,235886969880.0,260274969880.0,82.12120538007905,1.1242028646789757,0.12883894256042427,0.21340256054693799,0.011612276962785707,82.12120538007905,0.017085362314166855,6.899498958144433,22.26188843714609,1.5214097189848108,0.8471121177802945,3.5396400416480738,0.009513030758509313,0.1331300694290309,0.7907248505892959,0.01031505905166875,112.11357884030419,0.303957413203077,-0.2871794871794872,-0.4107128577239381,-0.32684092773118784,0.03293030096589007,-0.0693175711982805,-0.2898123324396783,-0.00547112462006079,4.618518942246883,0.4676608258654916,0.021563711533975866,Oil & Gas Integrated,Energy,CVX
2018Q4,2018,Q4,2019-02-22,2018-12-31,3730000000.0,40338000000.0,3290000000.0,1.95,11166000000.0,0.2768109474936784,253863000000.0,154554000000.0,34021000000.0,27171000000.0,98221000000.0,5704000000.0,180987000000.0,205983529950.0,231100529950.0,81.62754402782289,1.2521070258731737,0.13573856765263154,0.22295767175226783,0.013230567661603283,81.62754402782289,0.024133959651642792,5.106438840547375,13.805866618632708,1.3327609117201755,0.5683646112600537,5.114305750350631,0.01029208500560508,0.15889672776261213,0.9346361929998895,0.014692964315398464,39.91928875,0.2768109474936784,-0.07582938388625589,-0.2392019865388098,-0.2481514438883306,0.04225070852905405,-0.07289936898040518,-0.07832962688411169,-0.20856386817416406,7.262013760006606,0.4214177983592857,-0.0009707105269193705,Oil & Gas Integrated,Energy,CVX
2018Q3,2018,Q3,2018-11-08,2018-09-30,4047000000.0,42105000000.0,4157000000.0,2.11,12044000000.0,0.2860467877924237,256606000000.0,153575000000.0,35583000000.0,29183000000.0,101933000000.0,6029000000.0,178816000000.0,236430187630.0,262854187630.0,80.79845658243705,1.2193057602028579,0.1407215731510565,0.23512941559498615,0.01558609592534437,80.79845658243705,0.02635194530359759,5.615252051537822,14.605274748579193,1.5395096052742958,0.5260686928589078,4.986067341184276,0.009004772281159652,0.16408423809264008,0.9092279751910359,0.015771260219948093,39.464227613086294,0.2860467877924237,0.18539325842696622,-0.17669046677616593,-0.2509180011080946,0.06819389156054326,0.07067294870655169,0.18715165737753006,0.19488358723771199,0.9530115076494704,0.2631636439486142,-0.025463544394785244,Oil & Gas Integrated,Energy,CVX
2018Q2,2018,Q2,2018-08-02,2018-06-30,3409000000.0,40491000000.0,3479000000.0,1.78,11249000000.0,0.27781482304709687,257929000000.0,152198000000.0,34256000000.0,31862000000.0,104549000000.0,6644000000.0,176899000000.0,240264411250.0,271153411250.0,80.08840360455173,1.0751365262695374,0.1493317928577244,0.25307165665777476,0.012717211092922131,80.08840360455173,0.02239845464460768,5.93377321503544,17.619860021267236,1.5786305421227613,0.6245233206218832,4.401264298615292,0.008861070971450417,0.1569850617805675,0.7644843387106899,0.013216815480229056,66.20678182694957,0.27781482304709687,-0.06315789473684205,-0.357558306114964,-0.2597901765862305,0.07728969896705604,0.07687152977216159,-0.06294667399670148,-0.011647727272727273,4.867139043093739,0.08044848113233323,-0.032967310035493615,Oil & Gas Integrated,Energy,CVX
2018Q1,2018,Q1,2018-05-03,2018-03-31,3638000000.0,35968000000.0,3520000000.0,1.9,10446000000.0,0.29042482206405695,256442000000.0,150356000000.0,31726000000.0,30630000000.0,104876000000.0,6128000000.0,175619000000.0,216218699600.0,249497699600.0,79.30210602376594,1.0357819131570356,0.15498631269448843,0.26433930139136447,0.01334904658797546,79.30210602376594,0.02419590837745085,6.011418471975089,14.858349340296868,1.438045037111921,0.5838372732270478,4.164817232375979,0.009823387172013127,0.1402578360798933,0.7272282076395691,0.014186443718267678,105.67873880742913,0.29042482206405695,0.15853658536585366,-0.4008795718525472,-0.32601878753803265,0.09163281394471604,-0.004004576659038902,0.16939890710382513,7.400954653937948,0.3952911563194947,0.09582232707611513,-0.0498920257004498,Oil & Gas Integrated,Energy,CVX
2017Q4,2017,Q4,2018-02-22,2017-12-31,3111000000.0,36381000000.0,419000000.0,1.64,10488000000.0,0.2882823451801765,253806000000.0,148124000000.0,28560000000.0,27737000000.0,104487000000.0,5585000000.0,174106000000.0,236383632810.0,270333632810.0,78.44723993604488,1.0296715578469193,0.15272688588922248,0.26169290594366884,0.004717779046476722,78.44723993604488,0.02100267343577003,6.497447371155273,18.995791771938283,1.5958496449596282,0.6554162648666024,4.636168307967771,0.00862580871510213,0.14334176497009526,0.7273677758950139,0.012257393442235408,91.30306404403244,0.2882823451801765,0.5922330097087377,-0.5592166115917285,-0.3123262958878362,0.11373027406696647,0.04806635355251324,0.59375,0.10263157894736842,-0.11172287494236659,-0.14378632770445526,-0.05306892687773351,Oil & Gas Integrated,Energy,CVX
2017Q3,2017,Q3,2017-11-02,2017-09-30,1952000000.0,33892000000.0,380000000.0,1.03,10007000000.0,0.295261418623864,255160000000.0,146713000000.0,29398000000.0,28223000000.0,107249000000.0,5761000000.0,173035000000.0,221211375000.0,256542375000.0,77.92898308235732,1.0416327109095418,0.1644928672205675,0.2860823512572165,0.001504037913713113,77.92898308235732,0.013304887774089549,6.526949575120972,28.33137487192623,1.5077830526265565,1.040983606557377,4.145981600416595,0.009185784410950838,0.1328264618278727,0.7362080572582645,0.007650101896849036,103.0807898415657,0.295261418623864,0.33766233766233766,-0.6159303844489873,-0.38295641488674187,0.140636315666154,0.08289146196299102,0.34620689655172415,-0.04522613065326633,-0.6513139479902272,-0.3465947659828885,-0.06124123725917683,Oil & Gas Integrated,Energy,CVX
2017Q2,2017,Q2,2017-08-03,2017-06-30,1450000000.0,32877000000.0,398000000.0,0.77,9241000000.0,0.2810779572345409,254599000000.0,146203000000.0,26626000000.0,27956000000.0,107211000000.0,6075000000.0,173116000000.0,196246712270.0,234348712270.0,77.72542435775503,0.9524252396623265,0.16835887022337087,0.29318139846651575,0.0015793758527337884,77.72542435775503,0.009917717146706976,5.969118601758068,33.835640046551724,1.342289229837965,1.4013793103448275,3.890699588477366,0.010354313590763933,0.12913247891782764,0.6418300186006581,0.005695230539004474,108.30392509381899,0.2810779572345409,-0.4539007092198581,-0.7910719333679778,-0.43561061250471345,0.16838776919801154,-0.05934446254071661,-0.459358687546607,-0.6897895557287607,-0.7431546191278297,-0.40645470055055205,-0.04473808173856139,Oil & Gas Integrated,Energy,CVX
2017Q1,2017,Q1,2017-05-04,2017-03-31,2682000000.0,31524000000.0,1283000000.0,1.41,9824000000.0,0.31163557924121305,259111000000.0,146592000000.0,29568000000.0,28426000000.0,111321000000.0,5921000000.0,173698000000.0,201788171640.0,240061171640.0,78.00052357915304,1.0401744881446564,0.1746587369891668,0.30872080331805285,0.0057656954582835165,78.00052357915304,0.01829567779960707,6.401096676817663,18.80948654362416,1.3765292215127702,0.7565249813571961,3.6649214659685865,0.010055098787553491,0.12166214479508781,0.7298951663969605,0.010350776308223116,357.78044617021277,0.31163557924121305,5.409090909090909,-0.5669025883019421,-0.44163656995857486,0.22050773452638217,0.09606158652236975,5.462650602409639,2.6343949044585986,-0.4006321022762651,-0.37646286716400135,-0.018900125452177074,Oil & Gas Integrated,Energy,CVX
2016Q4,2016,Q4,2017-02-23,2016-12-31,415000000.0,30142000000.0,-785000000.0,0.22,8963000000.0,0.29735916661137285,260078000000.0,145556000000.0,29619000000.0,31785000000.0,113356000000.0,5419000000.0,173046000000.0,220769183800.0,259907183800.0,77.60114389660573,0.9318546484190656,0.17735448596190373,0.31689521558712797,-0.0035017232107938993,77.60114389660573,0.0028511363324081455,7.324304419083007,132.99348421686747,1.5167302192970404,4.879518072289157,3.9082856615611736,0.009172475819064019,0.11589600043064004,0.6636149126946673,0.001595675143610763,-1512.1176972602739,0.29735916661137285,-0.6764705882352942,-0.9147988471277276,-0.45731588230501125,0.2612394711131427,-0.024382279307717428,-0.676539360872954,-5.088541666666667,-0.9145543091922049,-0.43288699796644337,-0.00915985930760865,Oil & Gas Integrated,Energy,CVX
2016Q3,2016,Q3,2016-11-03,2016-09-30,1283000000.0,29159000000.0,192000000.0,0.68,9187000000.0,0.3150656744058438,259863000000.0,146800000000.0,28873000000.0,24744000000.0,111911000000.0,5976000000.0,174657000000.0,192835955080.0,231069955080.0,78.34978696650226,1.1668687358551568,0.175419355583519,0.31052452316076296,0.0011703797716776443,78.34978696650226,0.008739782016348775,6.613256801673582,37.575205588464534,1.3135964242506812,1.5627435697583787,3.3420348058902274,0.010397438585393503,0.11220912557770825,0.8161170384739735,0.00493721691814533,154.76400889245585,0.3150656744058438,1.8717948717948716,-0.826414068463231,-0.5034745741560422,0.28625254365138814,0.5717707442258341,1.8727891156462586,1.0559930008748906,-0.7352196087135129,-0.4737434208339546,0.035821318657213795,Oil & Gas Integrated,Energy,CVX
2016Q2,2016,Q2,2016-08-04,2016-06-30,-1470000000.0,27844000000.0,-3429000000.0,-0.78,5845000000.0,0.20991955178853614,261478000000.0,147163000000.0,32471000000.0,24927000000.0,113153000000.0,6427000000.0,175379000000.0,196241235850.0,232562235850.0,78.6129236456294,1.3026437196614113,0.17242368382808496,0.30636097388609906,-0.012601610393039716,78.6129236456294,-0.009988923846347248,7.047882339103577,-33.374359838435375,1.333495755386884,-1.361904761904762,3.422903376380893,0.010201729475094927,0.10648697022311629,0.9056043647450556,-0.005621887883493066,-101.25966762125903,0.20991955178853614,-1.0,-1.2025104709044945,-0.5577669311942063,0.35538827388697686,-0.21459285138403655,-1.0275862068965518,-0.5628988149498633,-1.281228076280174,-0.4832712913577901,0.05744263885298693,Oil & Gas Integrated,Energy,CVX
2016Q1,2016,Q1,2016-05-05,2016-03-31,-725000000.0,23070000000.0,-2194000000.0,-0.39,7442000000.0,0.3225834416991764,263842000000.0,150307000000.0,31713000000.0,29162000000.0,112366000000.0,6508000000.0,178853000000.0,178376535000.0,212153535000.0,80.38774718883288,1.0874768534394075,0.16047103948575284,0.2816834877949796,-0.004704129192131882,80.38774718883288,-0.0048234613158402466,7.731969440832249,-61.509150000000005,1.1867480223808606,-2.7586206896551726,2.4013521819299326,0.011212237080398493,0.08743869437011545,0.7317056443316645,-0.002747856671795999,-40.3110813559322,0.3225834416991764,-0.2580645161290323,-1.1245295264396324,-0.5803900103190548,0.4564237319592783,-0.07483838886126305,-0.23299319727891157,0.36276503049665987,-1.1210698860018244,-0.561645177025968,0.1065772029323309,Oil & Gas Integrated,Energy,CVX
2015Q4,2015,Q4,2016-02-25,2015-12-31,-588000000.0,28014000000.0,-3443000000.0,-0.31,8044000000.0,0.28714214321410725,266103000000.0,152716000000.0,35347000000.0,26464000000.0,112217000000.0,6334000000.0,181578000000.0,168141717120.0,195711717120.0,81.70685773474752,1.3356635429262393,0.14502654986978727,0.2527043662746536,-0.004517758670241031,81.70685773474752,-0.0038502841876424214,6.002060295566502,-71.48882530612245,1.1010091746771784,-3.3996598639455784,3.1528260183138617,0.01188878069190495,0.10527502508427188,0.9141475211608222,-0.0022096706914239974,-58.14028946058091,0.28714214321410725,-1.2844036697247707,-1.1186360977525658,-0.43012355485014325,0.5526223544573762,-0.27216793340571843,-1.288659793814433,-3.7855987055016183,-1.0841635926774107,-0.4650605319122104,0.16000768328190285,Oil & Gas Integrated,Energy,CVX
2015Q3,2015,Q3,2015-11-06,2015-09-30,2037000000.0,32767000000.0,1236000000.0,1.09,11052000000.0,0.337290566728721,268449000000.0,154912000000.0,39819000000.0,30144000000.0,112511000000.0,6864000000.0,184167000000.0,147382862720.0,170325862720.0,82.90962961694329,1.3209593949044587,0.13364177180768042,0.2315895476141293,0.004784502179267566,82.90962961694329,0.013149400950216897,4.4979052925199134,18.088225665193914,0.9513973269985541,0.9813451153657339,3.163607226107226,0.01356331369270339,0.12206042861027606,0.9115910297239915,0.0075880334812198965,-101.6433536,0.337290566728721,2.6333333333333337,-0.42199062317625596,-0.2772890193090759,0.6199672171981413,0.18456591639871384,2.5674255691768826,1.5709006928406466,-0.5961587578436877,-0.3989026300212096,0.21353738646341572,Oil & Gas Integrated,Energy,CVX
2015Q2,2015,Q2,2015-08-05,2015-06-30,571000000.0,36829000000.0,-2165000000.0,0.3,9330000000.0,0.25333297129979093,266455000000.0,154669000000.0,40738000000.0,28268000000.0,110564000000.0,7116000000.0,184129000000.0,180163609670.0,199917609670.0,82.81871381978955,1.4411348521296166,0.11975755756131429,0.20631154271379526,-0.005173911740231961,82.81871381978955,0.003691754650253121,4.891895236634174,78.8807397854641,1.1648333516735738,3.497373029772329,3.864390106801574,0.011084369388789678,0.13821846090334203,1.0143625300693364,0.0021429509673303185,-425.9186989834515,0.25333297129979093,-0.7810218978102189,-0.8871529087481904,-0.23336808958540883,0.6605439498120009,-0.12893287274764262,-0.777561355668095,-4.270392749244713,-0.9171326830298301,-0.3632118538787352,0.2449513539143232,Oil & Gas Integrated,Energy,CVX
2015Q1,2015,Q1,2015-05-07,2015-03-31,2567000000.0,32315000000.0,662000000.0,1.37,10711000000.0,0.3314559801949559,269604000000.0,155803000000.0,41270000000.0,29445000000.0,112603000000.0,6837000000.0,185557000000.0,195961441900.0,217219441900.0,83.46641452223362,1.401596196298183,0.1258623759291405,0.21779426583570277,0.0031216679420762294,83.46641452223362,0.016475934352997053,6.064101559647223,19.084674902610054,1.2577514033747745,0.777950915465524,3.1598654380576274,0.01019078029145692,0.11986098129107876,0.962676175921209,0.009521372086467559,-37.09283397690706,0.3314559801949559,-0.2594594594594594,-0.397303379023912,-0.2643026200091628,0.7463641783637918,-0.1744894026974952,-0.26044367617401326,-0.5294953802416489,-0.5826490775955455,-0.4237266948071027,0.3060348805760855,Oil & Gas Integrated,Energy,CVX
2014Q4,2014,Q4,2015-02-20,2014-12-31,3471000000.0,42111000000.0,1407000000.0,1.85,12975000000.0,0.30811426943079007,266026000000.0,155028000000.0,42232000000.0,31926000000.0,109835000000.0,6505000000.0,184987000000.0,209926023760.0,224959023760.0,82.84366429901269,1.322808995802794,0.10456872636509214,0.17943855303558068,0.004960458443262604,82.84366429901269,0.02238950383156591,4.985063849350526,15.119995949294152,1.35411682895993,0.5767790262172284,4.479016141429669,0.009536692803217225,0.15829655747934412,0.9381381945749546,0.013047596851435575,-66.2018365689057,0.30811426943079007,-0.3728813559322034,0.20532619013225523,-0.06037201345654931,0.7981123869512504,-0.2426895464892313,-0.3794028249597711,-0.7657342657342657,-0.2857288099344919,-0.2400557281937546,0.34644534988783454,Oil & Gas Integrated,Energy,CVX
2014Q3,2014,Q3,2014-11-07,2014-09-30,5593000000.0,51822000000.0,6006000000.0,2.95,17133000000.0,0.33061248118559683,265431000000.0,156140000000.0,47083000000.0,37088000000.0,108124000000.0,7304000000.0,183519000000.0,224430777800.0,235924777800.0,83.01278898833812,1.269494176013805,0.09685756373596151,0.16465351607531703,0.020958973705182918,83.01278898833812,0.03582041757397208,4.33080116166879,10.031770865367422,1.4373688856154734,0.3597353835151082,4.749315443592552,0.008964902317421813,0.19523718028414164,0.9292493528904228,0.021071389551333492,539.4970620192307,0.33061248118559683,-0.010067114093959667,0.546505130464707,0.20508001446459262,0.8246695656222256,-0.04268871877968375,-0.012709620476610768,-0.09982014388489209,-0.24620760234203956,-0.12097322790146448,0.3628041010181265,Oil & Gas Integrated,Energy,CVX
2014Q2,2014,Q2,2014-08-06,2014-06-30,5665000000.0,55583000000.0,6672000000.0,2.98,17897000000.0,0.3219869384524045,262045000000.0,153581000000.0,48920000000.0,36328000000.0,107298000000.0,7215000000.0,179939000000.0,246418738650.00003,256007738650.00003,81.36556359245856,1.3466196872935476,0.08986242820889542,0.1533262578053275,0.023730920255707784,81.36556359245856,0.03688607314706897,4.433347222172247,10.874613356134159,1.604487134801831,0.35639894086496027,5.223284823284823,0.008193370403002019,0.21211242343872236,0.9858236071349923,0.0216184243164342,-234.68451300000004,0.3219869384524045,0.26271186440677974,2.42539639852938,0.4858713567923938,0.8423345605693449,0.11681747269890795,0.25554078014184395,0.18276901258642084,-0.22600546654697284,-0.1244732828862412,0.4028473395615117,Oil & Gas Integrated,Energy,CVX
2014Q1,2014,Q1,2014-05-02,2014-03-31,4512000000.0,50978000000.0,5641000000.0,2.36,16025000000.0,0.3143512887912433,258238000000.0,150661000000.0,49749000000.0,35652000000.0,106428000000.0,7472000000.0,176294000000.0,225338255120.0,232780255120.0,79.50314295484192,1.3954055873443285,0.08927423539525554,0.15301902947677234,0.018508647928769176,79.50314295484192,0.02994802901879053,4.420303957001059,12.485497291666666,1.4956641408194555,0.4199911347517731,4.677864025695931,0.008409579629481247,0.19740704311526577,1.022887916526422,0.017472254277062244,-1774.316969448819,0.3143512887912433,-0.08171206225680933,1.5807299759901903,0.5080116423014189,0.8130282320546593,-0.09072855197458012,-0.08478701825557809,-0.058263772954924874,-0.23532617977986256,-0.08514173043690125,0.44039692881041415,Oil & Gas Integrated,Energy,CVX
2013Q4,2013,Q4,2014-02-21,2013-12-31,4930000000.0,53950000000.0,5990000000.0,2.57,17624000000.0,0.3266728452270621,253753000000.0,149113000000.0,50250000000.0,33018000000.0,103326000000.0,6380000000.0,173677000000.0,237819896300.0,242005896300.0,78.31853061824752,1.5218971470107214,0.08051530425256057,0.13701689322862526,0.021354755677172255,78.31853061824752,0.03306217432417026,4.408153777571826,12.059832469574037,1.594897133717382,0.38600405679513183,5.693730407523511,0.008001853627921206,0.21260832384247674,1.1550669331879582,0.019428341733890832,-204.84056528854435,0.3266728452270621,0.0,0.05327657543911357,0.24816612830487245,0.7997209310411084,-0.027534072725266236,-0.00404040404040404,-0.1362653208363374,-0.023524163555203346,0.07738788006851523,0.4882361747517438,Oil & Gas Integrated,Energy,CVX
2013Q3,2013,Q3,2013-11-08,2013-09-30,4950000000.0,56603000000.0,6935000000.0,2.57,18123000000.0,0.3201773757574687,247838000000.0,144779000000.0,53503000000.0,33470000000.0,101765000000.0,6893000000.0,170651000000.0,232556710500.0,234123710500.0,75.64025334801079,1.5985360023902002,0.07497236097773545,0.1283404361129722,0.023992018536404505,75.64025334801079,0.034190041373403604,4.1085580357931555,11.745288409090909,1.6062875865975037,0.38686868686868686,5.582474974611925,0.008234550600078256,0.228387091567879,1.2017030176277264,0.019972724118173968,328.006643864598,0.3201773757574687,-0.07220216606498202,-0.3340728276267877,-0.23790735790896525,0.767989362569377,0.02843037112700034,-0.07735321528424977,0.06250957560900873,0.371123397594823,0.21869466525914816,0.4779312281392511,Oil & Gas Integrated,Energy,CVX
2013Q2,2013,Q2,2013-08-07,2013-06-30,5365000000.0,55307000000.0,6527000000.0,2.77,17622000000.0,0.3186215126475853,244048000000.0,142841000000.0,56104000000.0,33413000000.0,99884000000.0,7423000000.0,167615000000.0,228799240280.0,228133240280.0,74.34249457814677,1.6791069344267202,0.08180357962368058,0.13976379330864389,0.02521017905174692,74.34249457814677,0.03755924419459399,4.136894792340933,10.66166077726002,1.6017756826121352,0.3580615097856477,5.076788360501145,0.008396006899538294,0.22662345112436896,1.2740250800586599,0.021983380318625845,-4316.9667977358495,0.3186215126475853,-0.12893081761006292,-0.041629017770813966,-0.28868591363511686,0.8532063576786816,-0.015805640882435076,-0.13159598575590806,-0.1590001288493751,0.03058313506896062,0.11901552369970304,0.49059281280669853,Oil & Gas Integrated,Energy,CVX
2013Q1,2013,Q1,2013-05-02,2013-03-31,6178000000.0,54296000000.0,7761000000.0,3.18,17905000000.0,0.3297664653013113,237410000000.0,140134000000.0,54696000000.0,34685000000.0,95924000000.0,6664000000.0,164173000000.0,230729364540.0,227498364540.0,72.64540329930213,1.5769352746143865,0.05957204835516617,0.10092482909215465,0.030503517948691907,72.64540329930213,0.04408637447015,4.249472604611758,9.336733754451279,1.6464909625073143,0.2808352217546131,5.4608343337334935,0.007519632377348375,0.22870140263678868,1.1825573014271298,0.026022492734088708,-93.11112370460049,0.3297664653013113,-0.14054054054054055,0.2805856058688556,-0.11801216539576942,0.8952593778974307,1.581831290555155,-0.14727398205659076,0.35421392427150583,0.40361974935798783,0.19616630264876042,0.5199566289132729,Oil & Gas Integrated,Energy,CVX
2012Q4,2012,Q4,2013-02-22,2012-12-31,7245000000.0,54307000000.0,5731000000.0,3.7,6935000000.0,0.12769992818605336,232982000000.0,136524000000.0,55720000000.0,34212000000.0,95150000000.0,6144000000.0,159730000000.0,209603111980.0,200856111980.0,70.43647978570438,1.628668303519233,0.052330222935677434,0.08930297969587765,0.023464767678914145,70.43647978570438,0.053067592511206824,3.8595965893899495,7.232681572808834,1.5352839938765344,0.24085576259489302,7.710286458333333,0.00832525807234439,0.2330952605780704,1.2542382789664446,0.031096822930526822,91.37014471665213,0.12769992818605336,0.37546468401487,0.5844225150582355,-0.05719049892360535,0.8881194292078566,-0.6956731613129717,0.3792118789263278,-0.3380688380688381,1.4290018886457172,0.16991870437845635,0.528815846903887,Oil & Gas Integrated,Energy,CVX
2012Q3,2012,Q3,2012-11-06,2012-09-30,5253000000.0,56770000000.0,8658000000.0,2.69,22788000000.0,0.4014091949973578,226864000000.0,132941000000.0,58465000000.0,35669000000.0,92642000000.0,7995000000.0,154229000000.0,228149740000.0,219172740000.0,68.3206224561115,1.6390983767417084,0.054376190140348404,0.09279304353058876,0.0318287123737918,68.3206224561115,0.039513769266065396,4.018843403205919,10.858068722634686,1.7161728887250736,0.3333333333333333,4.25040650406504,0.007674784113275781,0.25023802806968054,1.206593961142729,0.02315484166725439,950.6239166666667,0.4014091949973578,-0.2650273224043716,0.5315758382230168,0.11540551157815164,0.9229259630482292,-0.040303221730890716,-0.2714285714285714,-0.4479724560061209,0.4040287138594904,0.276093954880113,0.5017271678168288,Oil & Gas Integrated,Energy,CVX
2012Q2,2012,Q2,2012-08-02,2012-06-30,7210000000.0,60517000000.0,15684000000.0,3.66,23745000000.0,0.3923690863724243,219379000000.0,129997000000.0,56008000000.0,32656000000.0,88090000000.0,7186000000.0,150728000000.0,206162508500.0,195184508500.0,66.52365456641697,1.7150906418422343,0.04663618669061305,0.07870181619575836,0.06541939182730022,66.52365456641697,0.055462818372731676,3.40668751755705,7.14849197295423,1.5859020477395631,0.24382801664355064,5.117172279432229,0.008527253634964382,0.2758559388090929,1.2912175404213622,0.0328654976091604,72.38852124297753,0.3923690863724243,0.1192660550458716,0.45921407958824495,0.17470009224385694,0.9081757749660019,0.03495619578956544,0.11420182352032143,0.5138996138996139,3.2110055235804946,0.5626303026792194,0.5062739381608139,Oil & Gas Integrated,Energy,CVX
2012Q1,2012,Q1,2012-05-03,2012-03-31,6471000000.0,58996000000.0,10360000000.0,3.27,22943000000.0,0.38889077225574614,214890000000.0,125507000000.0,55222000000.0,34257000000.0,88564000000.0,7347000000.0,145278000000.0,210545645020.0,200949645020.0,63.908258319576426,1.61199170972356,0.043161617571780914,0.07390026054323663,0.041355753030362846,63.908258319576426,0.051558877194100725,3.5688122079463014,8.13420047210632,1.6775609728541037,0.24571163653222067,4.9071729957805905,0.007551806639595722,0.2745404625622411,1.2001926613538838,0.03011308111126623,84.48862159711075,0.38889077225574614,0.26744186046511625,0.4993771857111382,0.33645246230540826,0.9187841949804223,3.9877588227633805,0.2631270739800898,32.09904153354633,2.5714983708566947,0.6840308751133131,0.45739491909957924,Oil & Gas Integrated,Energy,CVX
2011Q4,2011,Q4,2012-02-23,2011-12-31,5123000000.0,58418000000.0,313000000.0,2.58,-7679000000.0,-0.13144921085966654,209474000000.0,121382000000.0,53234000000.0,33600000000.0,87293000000.0,5543000000.0,140399000000.0,209906239200.0,204194239200.0,61.5276842137811,1.584345238095238,0.04846424854635897,0.08363678304855744,0.0012290864785876204,61.5276842137811,0.04220559885320723,3.593177431613544,10.243326137029085,1.7293028554480896,0.3119266055045872,11.92440916471225,0.007612922827307745,0.2788794790761622,1.1281547619047618,0.024456495794227446,118.92704770538244,-0.13144921085966654,-0.34183673469387754,0.47707012607335325,0.33063252075564625,0.9149743088269122,-1.3120910384068278,-0.34563801251756293,-0.9718347880860254,0.0562996105813546,0.3043522317662883,0.4138756210555067,Oil & Gas Integrated,Energy,CVX
2011Q3,2011,Q3,2011-11-03,2011-09-30,7829000000.0,62205000000.0,11113000000.0,3.92,24605000000.0,0.3955469817538783,204099000000.0,120891000000.0,53025000000.0,32338000000.0,82423000000.0,6072000000.0,136873000000.0,183758095370.0,179272095370.0,60.913222176482115,1.6397117941740367,0.047736637612139206,0.0805932616985549,0.05006073060236181,60.913222176482115,0.06476081759601625,2.9540727492966803,5.867866118597522,1.520031229537352,0.19785413207306168,6.19235836627141,0.008429560596397469,0.3047785633442594,1.0932958129754469,0.038358835663085074,38.71036346534653,0.3955469817538783,0.01818181818181814,0.7128990860247055,0.2595037078683993,0.906522067487218,-0.06469760900140648,0.012545266425245732,-0.32993668977992163,0.015776196309629772,-0.19227446177050228,0.4237647823885511,Oil & Gas Integrated,Energy,CVX
2011Q2,2011,Q2,2011-08-04,2011-06-30,7732000000.0,67066000000.0,16585000000.0,3.85,26307000000.0,0.39225539021262634,201717000000.0,115653000000.0,54006000000.0,35220000000.0,85287000000.0,7286000000.0,130592000000.0,205063679880.0,203248679880.0,58.00029789263528,1.5333901192504258,0.057109713112925536,0.09960831106845477,0.07654568875976935,58.00029789263528,0.06685516156087606,3.0576399349894134,6.630356954216245,1.7730943415216207,0.20124159337816866,5.594153170463904,0.0075878868501264895,0.3324756961485646,1.0553378762067007,0.03833092897475176,70.29951315735345,0.39225539021262634,0.24595469255663438,0.9562994609372715,0.3797126379318161,0.9038117091463351,0.43050570962479606,0.2448881017549509,0.7578166401695814,0.33089823203345975,-0.16886267623791937,0.44582881448647504,Oil & Gas Integrated,Energy,CVX
2011Q1,2011,Q1,2011-05-05,2011-03-31,6211000000.0,58654000000.0,9435000000.0,3.09,18390000000.0,0.313533603846285,194736000000.0,110100000000.0,50851000000.0,33313000000.0,83886000000.0,6232000000.0,124417000000.0,214414065150.0,212840065150.0,55.19530163154504,1.5264611412961906,0.05943944622463232,0.10513169845594914,0.04340060224485404,55.19530163154504,0.056412352406902816,3.6555744731817095,8.630416404363226,1.9474483664850135,0.23120270487844147,6.460847240051348,0.006697321833786425,0.3011975186919727,1.061807702698646,0.031894462246323224,41.4807632327336,0.313533603846285,0.17095593767705383,0.7251407548589882,0.19179791364622087,0.8846300011753072,0.07764430120128919,0.17299338999055713,0.29958677685950413,0.24500877623812176,-0.07861197156635696,0.4400004443786746,Oil & Gas Integrated,Energy,CVX
2010Q4,2010,Q4,2011-02-24,2010-12-31,5295000000.0,52517000000.0,7260000000.0,2.6388695770482635,17065000000.0,0.3249423996039378,184769000000.0,105081000000.0,48841000000.0,29012000000.0,78958000000.0,5493000000.0,119641000000.0,182206722500.0,179622722500.0,52.625068485055486,1.683475803115952,0.06210998598249706,0.10921098961753314,0.03770891941949189,52.625068485055486,0.05038969937476804,3.4694807871736772,8.602772544853634,1.7339644892987314,0.2721435316336166,6.454032404878937,0.007908599530404264,0.2842305798050539,1.205501171928857,0.028657404651213136,66.18478841264076,0.3249423996039378,0.4111602016300874,0.4167342329354934,-0.03497897870303171,0.8589388142916451,0.12262351161107822,0.4052547770700637,0.2872340425531915,0.12403133373793226,-0.11499059610843154,0.4106669522998179,Oil & Gas Integrated,Energy,CVX
2010Q3,2010,Q3,2010-11-05,2010-09-30,3768000000.0,48476000000.0,5640000000.0,1.87,15201000000.0,0.31357785295816487,177199000000.0,102243000000.0,44483000000.0,26850000000.0,74234000000.0,6137000000.0,115784000000.0,161915287050.0,161539287050.0,51.1798194042111,1.6567225325884545,0.05992697475719389,0.1038604109816809,0.027496501996421556,51.1798194042111,0.03685337871541328,3.340112365913029,10.742787091958597,1.583632004636014,0.38190021231422505,5.422030307968063,0.008887363424527247,0.273568135260357,1.082122905027933,0.021264228353433147,67.6620505850397,0.31357785295816487,-0.3074074074074074,0.14480286346391893,0.014271001056105867,0.854935330066191,-0.05928584689646636,-0.3033832501386578,-0.2093088462077667,0.07007518176160232,-0.07228845640549718,0.4404875128252516,Oil & Gas Integrated,Energy,CVX
2010Q2,2010,Q2,2010-08-05,2010-06-30,5409000000.0,51354000000.0,7133000000.0,2.7,16159000000.0,0.31465903337617324,171746000000.0,99569000000.0,42394000000.0,26013000000.0,71455000000.0,5911000000.0,113456000000.0,135475228980.0,136552228980.0,49.874448567992374,1.6297235997385922,0.060979586133010376,0.10518334019624583,0.04014471173289513,49.874448567992374,0.0543241370306019,2.638065758850333,6.261565399334443,1.360616547118079,0.26566833056017747,5.954153273557774,0.010607105157298844,0.29901133068601304,1.0515895898204743,0.03149418327064386,44.40354932153392,0.31465903337617324,0.18942731277533045,0.5280696476323061,0.1826038401204485,1.1350836796333814,0.06232331865097627,0.18826889279437609,0.10846930846930847,0.07154871533859634,-0.024257816787315468,0.4306071301632154,Oil & Gas Integrated,Energy,CVX
2010Q1,2010,Q1,2010-05-05,2010-03-31,4552000000.0,46944000000.0,6435000000.0,2.27,15211000000.0,0.32402436946148605,168932000000.0,95349000000.0,40826000000.0,27566000000.0,72880000000.0,6078000000.0,109484000000.0,151279560890.0,154288560890.0,47.79439223291627,1.4810273525357325,0.06147443941941136,0.10891566770495757,0.03633694479829206,47.79439223291627,0.0477404062968673,3.2225536999403546,8.308411736050088,1.5865878078427669,0.2981107205623902,5.220960842382363,0.00897014766579549,0.277886960433784,0.9207356888921134,0.026945753320862832,42.61396081408451,0.32402436946148605,0.47511772312703593,0.781917112779312,0.1823534031202063,1.1445610094364882,0.0657184894556155,0.4827361563517915,0.3071297989031079,0.03827768351395142,0.04684602478197722,0.43498081212961176,Oil & Gas Integrated,Energy,CVX
2009Q4,2009,Q4,2010-02-25,2009-12-31,3070000000.0,47778000000.0,4923000000.0,1.5388602308891854,14273000000.0,0.29873581983339614,164621000000.0,91914000000.0,37216000000.0,26211000000.0,72060000000.0,5529000000.0,106289000000.0,153593741170.0,155391741170.0,46.07257304949466,1.419861890046164,0.0638679147860844,0.11438953804643472,0.025537652284480357,46.07257304949466,0.03340078769284331,3.2147377698940933,12.507633645765472,1.671059263768305,0.4420195439739414,6.059866160245976,0.008834995421447875,0.2902302865369546,1.011979703178055,0.018648896556332423,92.2484931951952,0.29873581983339614,-0.19851029641188256,-0.06478050917470668,0.031227433807622308,1.1295541868324337,0.006487553769127706,-0.19864265204907336,-0.04035087719298246,-0.12469450560527487,0.07617756868568716,0.43395277847255637,Oil & Gas Integrated,Energy,CVX
2009Q3,2009,Q3,2009-11-05,2009-09-30,3831000000.0,45553000000.0,5130000000.0,1.92,14181000000.0,0.311307707505543,162561000000.0,90646000000.0,35541000000.0,25393000000.0,71339000000.0,6323000000.0,104575000000.0,140328394360.0,143302394360.0,45.494696986426774,1.3996376954278738,0.06484950264823666,0.11629856805595393,0.03140780347901265,45.494696986426774,0.04226331001919555,3.0805521998551137,9.157425891412165,1.5480925177062421,0.3536935525972331,4.961568875533765,0.009655921783896907,0.28022096320765744,0.9750324892686961,0.02356653809954417,54.15993607101505,0.311307707505543,1.2068965517241377,0.2694823981733302,0.24935789950523435,1.244290718143899,0.2242942242942243,1.1954154727793695,0.9602598395108903,-0.16510441280417215,-0.08127471579919263,0.4239378686447962,Oil & Gas Integrated,Energy,CVX
2009Q2,2009,Q2,2009-08-06,2009-06-30,1745000000.0,39470000000.0,2617000000.0,0.87,11583000000.0,0.2934633899163922,161201000000.0,87958000000.0,34716000000.0,25364000000.0,72721000000.0,6484000000.0,102097000000.0,131943831250.0,136767831250.0,44.16437998498698,1.3687115596909005,0.07481343167846354,0.1371108938356943,0.013723866644336216,44.16437998498698,0.019839014074899384,3.342889061312389,18.903127686246417,1.5000776649082517,0.7421203438395415,4.300894509561998,0.009814782455015304,0.24484959770721026,0.9446853808547547,0.010824994882165744,-115.13423320244328,0.2934633899163922,-0.05434782608695657,-0.5491042706305169,0.09840286450106751,1.2851821002742274,0.07518796992481203,-0.050081654872074034,0.018287937743190662,-0.5579591637298894,-0.18702566616768992,0.44965917068647654,Oil & Gas Integrated,Energy,CVX
2009Q1,2009,Q1,2009-05-07,2009-03-31,1837000000.0,35519000000.0,2570000000.0,0.92,10773000000.0,0.3033024578394662,159426000000.0,87313000000.0,34074000000.0,24893000000.0,71610000000.0,6428000000.0,101647000000.0,133883446719.99998,136927446719.99998,43.85102313864302,1.3688185433656048,0.07648689674206215,0.1396584701018176,0.015041458810440946,43.85102313864302,0.02103924959628005,3.769347299191981,18.22039285792052,1.5333735723202728,0.7049537289058248,3.8497199751088984,0.009672592331061852,0.22279301995910328,0.9528783192062026,0.011522587281873721,-37.39761081564245,0.3033024578394662,-0.6257736956077631,-0.23411920658652235,0.130296252143884,1.4436185434596887,-0.3213430767292428,-0.6247191011235955,-0.6453215567209495,-0.48883843574943286,-0.276977613194474,0.4972824016978899,Oil & Gas Integrated,Energy,CVX
2008Q4,2008,Q4,2009-02-26,2008-12-31,4895000000.0,45203000000.0,7246000000.0,2.458405486739175,15874000000.0,0.35117138243036966,161165000000.0,86648000000.0,36470000000.0,32023000000.0,74048000000.0,6854000000.0,101102000000.0,147283738160.0,146837738160.0,43.51704159652217,1.1388689379508479,0.05522911302081718,0.10272597174776106,0.051090380955618464,43.51704159652217,0.056492936940264055,3.2582735252085038,7.5221521021450455,1.6997938574462192,0.2657814096016343,4.279107090749927,0.00883329019383439,0.28047653026401514,0.793679542828592,0.030372599509819128,-178.30961036319613,0.35117138243036966,-0.361453120327487,2.0116331551083375,0.5838532091396991,1.5483589150777157,-0.32970188328688455,-0.3798302293171164,-0.4947353741022244,0.3134316070296329,-0.16701637003344447,0.5372049868190082,Oil & Gas Integrated,Energy,CVX
2008Q3,2008,Q3,2008-11-06,2008-09-30,7893000000.0,78867000000.0,14341000000.0,3.85,23682000000.0,0.3002776826809692,165710000000.0,86954000000.0,47347000000.0,39425000000.0,78545000000.0,6289000000.0,97507000000.0,167635073840.0,163960073840.0,42.7832061376685,1.2009384908053267,0.0420071208738157,0.08005382156082526,0.08389258760249005,42.7832061376685,0.09077213239183936,2.1255414031217112,5.309612119599645,1.9278592570784554,0.1676168757126568,8.774844967403403,0.007892143151753211,0.47593386035845753,0.910716550412175,0.047631404260455014,37.65388001796945,0.3002776826809692,0.32758620689655177,3.179331278873116,1.6630904072617856,1.5800977902741342,0.10777434746000561,0.3210041841004184,0.21895452613684657,1.3571135956729319,0.6219637742762474,0.5506127517076823,Oil & Gas Integrated,Energy,CVX
2008Q2,2008,Q2,2008-08-07,2008-06-30,5975000000.0,82989000000.0,11765000000.0,2.9,21378000000.0,0.25760040487293495,163066000000.0,82268000000.0,49709000000.0,42487000000.0,80572000000.0,6371000000.0,90937000000.0,203293127490.0,201777127490.0,40.115605188872685,1.169981406077153,0.04086688825383587,0.08100354937521272,0.06708819261362038,40.115605188872685,0.07262848252054262,2.4496394400462713,8.50598859790795,2.4711081768123693,0.22359832635983265,9.670538377020875,0.0065717912675907755,0.5089288999546197,0.9225880857674112,0.03664160523959624,75.71438640223464,0.25760040487293495,0.16935483870967738,2.868650747791199,1.9281362821886376,1.4992253778781348,0.14259754142169961,0.1561532507739938,0.21226172076249356,0.6432079406219164,0.8604327973378879,0.7173157076737178,Oil & Gas Integrated,Energy,CVX
2008Q1,2008,Q1,2008-05-08,2008-03-31,5168000000.0,65946000000.0,9705000000.0,2.48,18710000000.0,0.283716980559852,152847000000.0,79206000000.0,41488000000.0,35439000000.0,73424000000.0,5652000000.0,86298000000.0,176389611200.0,174975611200.0,38.33005874894746,1.170687660487034,0.04444967843660654,0.08577633007600434,0.05998719221591304,38.33005874894746,0.06524758225386966,2.674758305280078,8.532779179566562,2.226972845491503,0.23258513931888544,8.357395612172683,0.006814460283815173,0.4314510589020393,0.9186207285758627,0.03381158936714492,48.25981154582763,0.283716980559852,0.05122494358974352,1.7667132125447231,1.2114264981357605,1.4811613691147372,0.03330203788590048,0.0601025641025641,-0.13099928366762179,0.9531174173389448,0.6035269911280619,0.7198910926999977,Oil & Gas Integrated,Energy,CVX
2007Q4,2007,Q4,2008-02-28,2007-12-31,4875000000.0,61410000000.0,11168000000.0,2.359152544013318,18107000000.0,0.29485425826412637,148786000000.0,77088000000.0,39377000000.0,33798000000.0,71494000000.0,5310000000.0,82329000000.0,192858978600.0,192728978600.0,37.305097705209974,1.1650689389904727,0.04860672375089054,0.09381486093814861,0.07491129071658569,37.305097705209974,0.06323941469489415,3.140514225696141,9.89020403076923,2.501802856475716,0.24902564102564104,8.154990583804143,0.006294754897141201,0.4127404460097052,0.9036037635363039,0.032765179519578455,107.98375061590146,0.29485425826412637,0.3480871680076102,4.5430533348128135,1.3328470873237759,1.5071919978226793,0.09785969805371976,0.3111888111888112,0.16771225428690925,0.4337399828160286,0.2796352411620177,0.7243062792038762,Oil & Gas Integrated,Energy,CVX
2007Q3,2007,Q3,2007-11-06,2007-09-30,3718000000.0,55173000000.0,9564000000.0,1.75,16493000000.0,0.29893244884273107,139554000000.0,74944000000.0,37509000000.0,29434000000.0,64401000000.0,5659000000.0,78668000000.0,199206541800.0,197305541800.0,35.529512716032706,1.2743425969966704,0.04334522837037993,0.08071359948761742,0.06267697690315646,35.529512716032706,0.04961037574722459,3.610580207710293,13.394737883270574,2.658071917698548,0.32947821409359873,6.835129881604524,0.006149396445172365,0.395352336729868,0.9682679894000136,0.026642016710377345,155.50861967213115,0.29893244884273107,-0.3055555555555556,5.139975228648025,1.1625763830098508,1.3269874563225237,-0.11132065305242739,-0.30892193308550187,-0.18625031906747214,0.16376198572220088,0.42934389913908877,0.7527000044105716,Oil & Gas Integrated,Energy,CVX
2007Q2,2007,Q2,2007-08-03,2007-06-30,5380000000.0,56094000000.0,11753000000.0,2.52,18559000000.0,0.33085534994830107,139606000000.0,74179000000.0,39823000000.0,30489000000.0,65218000000.0,5150000000.0,76175000000.0,179242755120.0,176215755120.0,34.86243533701827,1.306143199186592,0.05865793733793676,0.11039512530500546,0.08426459692773433,34.86243533701827,0.07252726512894485,3.195399777516312,8.329124308550185,2.416354428072635,0.2295539033457249,7.288349514563107,0.006890097171141944,0.4018022148045213,1.0319459477188495,0.03853702562927095,63.96957713062098,0.33085534994830107,0.1559633027522935,12.175838207517018,1.2070906649368776,1.1719823602711725,0.1469624868673135,0.14103923647932132,0.1664350932909885,0.30119660541482907,0.46113685693208956,0.8038748247162864,Oil & Gas Integrated,Energy,CVX
2007Q1,2007,Q1,2007-05-04,2007-03-31,4715000000.0,48227000000.0,10076000000.0,2.18,16181000000.0,0.3355174487320381,136006000000.0,71460000000.0,37997000000.0,29502000000.0,64332000000.0,4672000000.0,72030000000.0,158682511280.0,156830511280.0,33.30664203236701,1.2879465798928886,0.07314383188976957,0.13921074727120067,0.07677856462799283,33.30664203236701,0.06598096837391548,3.290325155618222,8.413706854718981,2.220578103554436,0.23690349946977732,6.859160958904109,0.007039213023475665,0.354594650236019,1.022574740695546,0.03466758819463847,65.30144497119342,0.3355174487320381,0.2399865429480382,5.426583648588232,1.2527535962015137,1.05187883688343,0.04738170755388698,0.25,-0.3809289751781765,0.8243188118467504,0.42425850550019983,0.8560280300265874,Oil & Gas Integrated,Energy,CVX
