Quarters,Year,Quarter,FillingDate,Date,NetIncome,Revenue,OperatingIncome,EPSDiluted,GrossProfit,GrossProfitRatio,TotalAssets,CommonStockEquity,CurrentAssets,CurrentLiability,TotalLiability,Inventory,RetainedEarnings,MarketCap,EnterpriseValue,bookValuePerShare,currentRatio,debtToAssets,debtToEquity,roic,shareholdersEquityPerShare,roe,priceToSalesRatio,peRatio,pbRatio,payoutRatio,inventoryTurnover,dividendYield,assetTurnover,quickRatio,returnOnAssets,priceToFreeCashFlowsRatio,grossProfitMargin,epsdilutedGrowth,fiveYNetIncomeGrowthPerShare,fiveYRevenueGrowthPerShare,fiveYShareholdersEquityGrowthPerShare,grossProfitGrowth,netIncomeGrowth,operatingIncomeGrowth,threeYNetIncomeGrowthPerShare,threeYRevenueGrowthPerShare,threeYShareholdersEquityGrowthPerShare,Industry,Sector,Symbol
2023Q1,2023,Q1,2023-05-15,2023-03-31,5924107.0,0.0,1348194.0,0.18,0.0,0.0,46055756.0,30920581.0,303010.0,304675.0,15135175.0,0.0,-15021587.0,330362828.18,330320488.18,0.9303424868748803,0.9945351604168376,0.0,0.0,0.0397795833784222,0.9303424868748803,0.1915910635702479,0.0,13.941461058181426,10.684237407440694,0.0,0.0,0.0,0.0,150.30798719947484,0.12862902521891076,-192.49243297258306,0.0,2.9271948608137044,7.537255955224399,0.0,-0.8862688150681667,1.0,2.7129736616261506,1.5767309706166197,7.537255955224399,0.0,-0.8862688150681667,Shell Companies,Financial Services,FRXB
2022Q4,2022,Q4,2023-03-29,2022-12-31,-3458376.0,0.0,-2337648.0,-0.0934,-3208926.0,0.0,354809179.0,335013173.0,196047.0,833660.0,19796006.0,0.0,-18804337.0,371709114.345,371554802.345,9.044322727945564,0.23516421562747403,0.0,0.0,-0.00846620264400626,9.044322727945564,-0.01032310451863933,0.0,-26.870206879254887,1.109535816208039,0.0,0.0,0.0,0.0,0.18510184007868916,-0.009747143548391684,-1614.5260973686954,0.0,-1.58375,-2.0985463131714583,0.0,0.21567747149761166,0.0,-1.481543824844041,-6.070348156684118,-2.0985463131714583,0.0,0.21567747149761166,Shell Companies,Financial Services,FRXB
2022Q3,2022,Q3,2022-11-03,2022-09-30,7181851.0,0.0,-330627.0,0.16,0.0,0.0,352164875.0,338471549.0,378024.0,264648.0,13693326.0,0.0,-13059229.0,430062500.0,429796960.0,7.736492548571428,1.4284030107916932,0.0,0.0,-0.0009516258050292003,7.736492548571428,0.021218477657039353,0.0,14.970461653966368,1.2706016244809988,0.0,0.0,0.0,0.0,1.0033705147970133,0.02039343361543368,-3390.697436059163,0.0,1.0,0.6708592563847363,0.0,0.045341278183059545,0.0,1.0541406866726921,-0.30084630729099043,0.6708592563847363,0.0,0.045341278183059545,Shell Companies,Financial Services,FRXB
2022Q2,2022,Q2,2022-08-15,2022-06-30,3496280.0,0.0,-254163.0,0.08,0.0,0.0,350817367.0,331289698.0,313573.0,111277.0,19527669.0,0.0,-18936153.0,428531250.0,428400910.0,7.572335954285714,2.817949800947186,0.0,0.0,-0.0007637448682651116,7.572335954285714,0.010553542778743454,0.0,30.64194300799707,1.293524225434864,0.0,0.0,0.0,0.0,1.1713112323301311,0.009966097259945515,-1386.2134386584632,0.0,-0.2727272727272727,0.29536895715051215,0.0,-0.08157996209668877,0.0,-0.29043991028923827,0.11283195107648487,0.29536895715051215,0.0,-0.08157996209668877,Shell Companies,Financial Services,FRXB
2022Q1,2022,Q1,2022-05-16,2022-03-31,4927391.0,0.0,-286488.0,0.11,0.0,0.0,350694285.0,327793418.0,635078.0,287677.0,22900867.0,0.0,-22207457.0,427437500.0,426998022.0,7.492420982857142,2.2076078379571533,0.0,0.0,-0.001868446065341256,7.492420982857142,0.015032001039142281,0.0,21.68680646613999,1.3039843893387755,0.0,0.0,0.0,0.0,1.527678611776402,0.01405038864548363,-1053.2868587255707,0.0,0.29411764705882343,5.1306305701121895,0.0,-0.08407717758774827,0.0,0.32516807348706966,0.08559099149707632,5.1306305701121895,0.0,-0.08407717758774827,Shell Companies,Financial Services,FRXB
2021Q4,2021,Q4,2022-04-15,2021-12-31,3718314.0,0.0,-313304.0,0.085,0.0,0.0,351120069.0,325488568.0,1052831.0,458176.0,25631501.0,0.0,-24512307.0,425687500.0,424842209.0,7.439738697142857,2.297874615868138,0.0,0.0,-0.0021077290927517837,7.439738697142857,0.01142379292411892,0.0,28.621002691004577,1.3078416320907467,0.0,0.0,0.0,0.0,1.8449045781533733,0.010589864631178345,-4438.637193055628,0.0,-0.5952380952380952,0.0,0.0,0.0,0.0,-0.13493340852588628,0.1791684896945435,0.0,0.0,0.0,Shell Companies,Financial Services,FRXB
2021Q3,2021,Q3,2021-11-15,2021-09-30,4298298.0,0.0,-381691.0,0.21,0.0,0.0,351261948.0,323790475.0,1151223.0,295575.0,27471473.0,0.0,-26210400.0,426562500.0,425621304.0,7.400925142857143,3.8948591727987822,0.0,0.0,-0.0024647415505590054,7.400925142857143,0.013274936515658775,0.0,24.809965479359505,1.3174028667767326,0.0,0.0,0.0,0.0,3.184288251712763,0.0122367310904966,-3806.6564337792374,0.0,0.6153846153846153,0.0,0.0,0.0,0.0,0.7980019216957103,-0.873495572615004,0.0,0.0,0.0,Shell Companies,Financial Services,FRXB
2021Q2,2021,Q2,2021-08-13,2021-06-30,2390597.0,0.0,-203732.0,0.13,0.0,0.0,351420967.0,319492178.0,1410610.0,81725.0,31928789.0,0.0,1835371.0,379750000.0,378696746.0,8.244959432258064,17.260446619761396,0.0,0.0,-0.0013320208080601621,8.244959432258064,0.007482489915606009,0.0,39.71288343455631,1.1886049992748182,0.0,0.0,0.0,0.0,12.887782196390333,0.006802658988756354,-3343.4877926377235,0.0,5.761904761904762,0.0,0.0,0.0,0.0,3.2617710448286497,-3.0550137335297163,0.0,0.0,0.0,Shell Companies,Financial Services,FRXB
2021Q1,2021,Q1,2021-05-24,2021-03-31,-1056958.0,0.0,-50242.0,-0.0273,0.0,0.0,351583651.0,317101581.0,1582021.0,49404.0,34482070.0,0.0,-555226.0,379892913.40000004,378726081.40000004,8.180188111400554,32.022123714678976,0.0,0.0,-0.00030205864525870255,8.180188111400554,-0.00333318426438246,0.0,-89.85525285772945,1.1980164595899634,0.0,0.0,0.0,0.0,23.61816856934661,-0.0030062774449088362,-900.5680236679098,0.0,0.0,0.0,0.0,0.0,0.0,0.0,0.0,0.0,0.0,0.0,Shell Companies,Financial Services,FRXB
