Quarters,Year,Quarter,FillingDate,Date,NetIncome,Revenue,OperatingIncome,EPSDiluted,GrossProfit,GrossProfitRatio,TotalAssets,CommonStockEquity,CurrentAssets,CurrentLiability,TotalLiability,Inventory,RetainedEarnings,MarketCap,EnterpriseValue,bookValuePerShare,currentRatio,debtToAssets,debtToEquity,roic,shareholdersEquityPerShare,roe,priceToSalesRatio,peRatio,pbRatio,payoutRatio,inventoryTurnover,dividendYield,assetTurnover,quickRatio,returnOnAssets,priceToFreeCashFlowsRatio,grossProfitMargin,epsdilutedGrowth,fiveYNetIncomeGrowthPerShare,fiveYRevenueGrowthPerShare,fiveYShareholdersEquityGrowthPerShare,grossProfitGrowth,netIncomeGrowth,operatingIncomeGrowth,threeYNetIncomeGrowthPerShare,threeYRevenueGrowthPerShare,threeYShareholdersEquityGrowthPerShare,Industry,Sector,Symbol
2023Q1,2023,Q1,2023-05-15,2023-03-31,-23366000.0,0.0,-28753000.0,-0.5,0.0,0.0,348818000.0,306345000.0,347489000.0,16678000.0,42473000.0,0.0,-448168000.0,1796079697.34,1564238697.34,6.525745888313578,20.835172082983572,0.07466071131650316,0.08501199627870538,-0.07791489136067609,6.525745888313578,-0.07627348251154743,0.0,-19.216807512411194,5.862931326902674,0.0,0.0,0.0,0.0,20.57932605828037,-0.06698622204129374,-72.91651905407599,0.0,-0.13636363636363635,-24.093030310750816,0.0,0.0,0.0,-0.1406394923114474,-0.13111723052714397,-0.1934517571147105,0.0,0.5718020317296352,Biotechnology,Healthcare,AKRO
2022Q4,2022,Q4,2023-03-17,2022-12-31,-20485000.0,0.0,-25420000.0,-0.44,0.0,0.0,356570000.0,326562000.0,355173000.0,19083000.0,30008000.0,0.0,-422337000.0,2562490908.4,2323662908.4,6.9836726215641,18.61201069014306,0.030695235157192136,0.03351584078980408,-0.06663238835272367,6.9836726215641,-0.06272928264770548,0.0,-31.272771642665365,7.846874126199618,0.0,0.0,0.0,0.0,18.416863176649375,-0.05745015004066523,-100.4583232084052,0.0,0.5164835164835165,0.8487454934638435,0.0,3.969268481746612,0.0,0.4145972051553168,0.2956692804300241,0.20484298582696447,0.0,0.5372589229792779,Biotechnology,Healthcare,AKRO
2022Q3,2022,Q3,2022-11-04,2022-09-30,-34993000.0,0.0,-36091000.0,-0.91,0.0,0.0,379408000.0,343508000.0,377946000.0,25243000.0,35900000.0,0.0,-399278000.0,1316491119.4499998,953378119.4499998,8.884562324192897,14.97230915501327,0.028702610382490615,0.03170231843217625,-0.09985785748079361,8.884562324192897,-0.1018695343339893,0.0,-9.405389073886205,3.8324904207471144,0.0,0.0,0.0,0.0,14.816107435724755,-0.09223052755872306,-53.46373941885964,0.0,-0.18181818181818182,-0.7231174152098404,0.0,0.0,0.0,-0.2859400264589152,-0.3079292599840545,-0.6307239928239342,0.0,0.7365110169002976,Biotechnology,Healthcare,AKRO
2022Q2,2022,Q2,2022-08-05,2022-06-30,-27212000.0,0.0,-27594000.0,-0.77,0.0,0.0,185675000.0,148372000.0,184147000.0,26697000.0,37303000.0,0.0,-363736000.0,334375823.25,167468823.25,4.193231993784706,6.897666404464921,0.058273865625420765,0.07292481061116653,-0.17057174609017753,4.193231993784706,-0.18340387674224248,0.0,-3.0719519260804056,2.2536315696357803,0.0,0.0,0.0,0.0,6.769487208300558,-0.14655715632152955,-17.139567545748115,0.0,-0.04054054054054058,-0.8819996072590277,0.0,0.0,0.0,-0.04633367939400931,-0.05922997197804307,0.6522452014841095,0.0,-0.9134717845546976,Biotechnology,Healthcare,AKRO
2022Q1,2022,Q1,2022-05-06,2022-03-31,-26007000.0,0.0,-26051000.0,-0.74,0.0,0.0,169887000.0,146535000.0,167934000.0,22097000.0,23352000.0,0.0,-336333000.0,496728059.19,347706059.19,4.186056357256535,7.5998551839616235,0.008635151600769924,0.0100112601085065,-0.17414300895406784,4.186056357256535,-0.17747978298699968,0.0,-4.774945776041066,3.389825360425837,0.0,0.0,0.0,0.0,7.484092863284609,-0.15308410884882304,-21.713938590225563,0.0,0.20430107526881724,-36.45444247839301,0.0,0.0,0.0,0.19790895632864544,0.19655193683691094,-2.643362135267017,0.0,0.5800990872058824,Biotechnology,Healthcare,AKRO
2021Q4,2021,Q4,2022-02-25,2021-12-31,-32424000.0,0.0,-32424000.0,-0.93,0.0,0.0,195548000.0,169109000.0,193582000.0,25128000.0,26439000.0,0.0,-310304000.0,737851040.0999999,588884040.0999999,4.84739487460133,7.703836357847819,0.007752572258473623,0.00896463227858955,-0.18835721879157202,4.84739487460133,-0.19173432519854058,0.0,-5.689080928478904,4.363168371287157,0.0,0.0,0.0,0.0,7.491961158866603,-0.16581095178677357,-27.640046454392206,0.0,-0.32857142857142874,0.6791054079372548,0.0,3.060981033860407,0.0,-0.33267570900123306,-0.33141707387180225,0.6791054079372548,0.0,3.060981033860407,Biotechnology,Healthcare,AKRO
2021Q3,2021,Q3,2021-11-12,2021-09-30,-24330000.0,0.0,-24353000.0,-0.7,0.0,0.0,223533000.0,198628000.0,221807000.0,23540000.0,24905000.0,0.0,-277880000.0,779168292.6,615797292.6,5.69753138335034,9.422557349192862,0.006996729789337592,0.007874015748031496,-0.1207052082713773,5.69753138335034,-0.12249028334373804,0.0,-8.006250437731197,3.922751538554484,0.0,0.0,0.0,0.0,9.136830926083263,-0.10884298962569285,-53.345768355470355,0.0,0.1566265060240964,-0.3286875876957887,0.0,0.0,0.0,0.15909169460477654,0.15925567907201546,-0.3286875876957887,0.0,0.0,Biotechnology,Healthcare,AKRO
2021Q2,2021,Q2,2021-08-13,2021-06-30,-28933000.0,0.0,-28966000.0,-0.83,0.0,0.0,238009000.0,220133000.0,236222000.0,16459000.0,17876000.0,0.0,-253550000.0,863750995.11,707856995.11,6.323002533044225,14.352147761103348,0.006907301824720914,0.007468212398867957,-0.12964761593583415,6.323002533044225,-0.1314341784284955,0.0,-7.463372231621332,3.9237687902767866,0.0,0.0,0.0,0.0,13.975818701014642,-0.12156262998458041,-43.11425552111411,0.0,-0.9302325581395349,-1.0337323499333477,0.0,0.0,0.0,-0.9173624917163684,-0.914727657324167,-1.0337323499333477,0.0,0.0,Biotechnology,Healthcare,AKRO
2021Q1,2021,Q1,2021-05-13,2021-03-31,-15090000.0,0.0,-15128000.0,-0.43,0.0,0.0,257623000.0,246020000.0,255776000.0,10136000.0,11603000.0,0.0,-224617000.0,1007931417.75,821775417.75,7.080878792261459,25.234411996842937,0.007002480368600629,0.007332737175839363,-0.06060217603794446,7.080878792261459,-0.061336476709210636,0.0,-16.698664972664016,4.096949100682871,0.0,0.0,0.0,0.0,24.662983425414364,-0.058573962728483094,-54.94011870434972,0.0,0.5,-20.895524993368113,0.0,0.0,0.0,0.4921073003264784,0.4920592284188967,-20.895524993368113,0.0,0.0,Biotechnology,Healthcare,AKRO
2020Q4,2020,Q4,2021-03-16,2020-12-31,-29711000.0,0.0,-29783000.0,-0.86,0.0,0.0,273339000.0,258712000.0,271345000.0,13111000.0,14627000.0,0.0,-209527000.0,894859222.8000001,709427222.8000001,7.45901637926327,20.6959804744108,0.006621813938003724,0.0069961965428739295,-0.11353170791211137,7.45901637926327,-0.11484198645598194,0.0,-7.529696264009964,3.45890110547636,0.0,0.0,0.0,0.0,20.470368392952484,-0.10869652702322025,-38.24184712820513,0.0,-0.36507936507936506,0.7042420779257187,0.0,4.171371775273426,0.0,-0.38816988272672054,-0.38281177453802584,0.7042420779257187,0.0,4.171371775273426,Biotechnology,Healthcare,AKRO
2020Q3,2020,Q3,2020-11-12,2020-09-30,-21403000.0,0.0,-21538000.0,-0.63,0.0,0.0,300036000.0,286458000.0,298033000.0,12014000.0,13578000.0,0.0,-179816000.0,1046945257.51,856133257.51,8.424549188920468,24.807141668053937,0.0062225866229385805,0.006517534856767833,-0.07421982687324254,8.424549188920468,-0.07471601421499836,0.0,-12.22895455672102,3.6547949699781466,0.0,0.0,0.0,0.0,24.29415681704678,-0.07133477316055406,-76.693667680756,0.0,-0.10526315789473695,-0.19838090141795345,0.0,0.0,0.0,-0.3206022089220707,-0.3089826182083384,-0.19838090141795345,0.0,0.0,Biotechnology,Healthcare,AKRO
2020Q2,2020,Q2,2020-08-12,2020-06-30,-16207000.0,0.0,-16454000.0,-0.57,0.0,0.0,114058000.0,103663000.0,113193000.0,10393000.0,10395000.0,0.0,-158413000.0,712786161.9200001,649539161.9200001,3.6242032996846203,10.891272972192823,0.0,0.0,-0.15872587133306965,3.6242032996846203,-0.15634315040081803,0.0,-10.995035508113778,6.875993960429469,0.0,0.0,0.0,0.0,9.894448186279227,-0.14209437303827877,-31.561555168260718,0.0,-0.3571428571428571,-0.3866074737782743,0.0,0.0,0.0,-0.3635369342083123,-0.32918652556749334,-0.3866074737782743,0.0,0.0,Biotechnology,Healthcare,AKRO
2020Q1,2020,Q1,2020-05-13,2020-03-31,-11886000.0,0.0,-12379000.0,-0.42,0.0,0.0,126621000.0,118323000.0,126218000.0,8286000.0,8298000.0,0.0,-142206000.0,604188870.0,557173870.0,4.151760690328506,15.232681631667873,0.001816444349673435,0.0019438317148821446,-0.10421524965693744,4.151760690328506,-0.10045384244821379,0.0,-12.707994068652194,5.106267336020892,0.0,0.0,0.0,0.0,15.12008206613565,-0.09387068495747151,-53.3877237783865,0.0,0.23636363636363644,-20.02559249769403,0.0,0.0,0.0,0.23861379796297483,0.2368534615621725,-20.02559249769403,0.0,0.0,Biotechnology,Healthcare,AKRO
2019Q4,2019,Q4,2020-03-16,2019-12-31,-15611000.0,0.0,-16221000.0,-0.55,0.0,0.0,138118000.0,128726000.0,138049000.0,9369000.0,9392000.0,0.0,-130320000.0,628904313.975,564116313.975,4.542938419267344,14.734656847048777,0.0,0.0,-0.1260118391001041,4.542938419267344,-0.12127309168310986,0.0,-10.071493081400934,4.88560441538617,0.0,0.0,0.0,0.0,14.558650869890062,-0.11302654252161196,-53.987837065413345,0.0,0.01785714285714287,0.8097803278595721,0.0,2.931534393693441,0.0,-0.0036646521795036646,0.005395793733521369,0.8097803278595721,0.0,2.931534393693441,Biotechnology,Healthcare,AKRO
2019Q3,2019,Q3,2019-11-12,2019-09-30,-15554000.0,0.0,-16309000.0,-0.56,0.0,0.0,150143000.0,143384000.0,150073000.0,6725000.0,6759000.0,0.0,-114709000.0,637563722.25,489728722.25,5.116329374087125,22.315687732342006,0.0,0.0,-0.11374351392066061,5.116329374087125,-0.10847793338168833,0.0,-10.247584580333033,4.446547189714333,0.0,0.0,0.0,0.0,21.982899628252788,-0.10359457317357453,-48.25641252270663,0.0,0.746606334841629,-0.05665791562059984,0.0,0.0,0.0,-1.1519092418372994,-1.1433828361151268,-0.05665791562059984,0.0,0.0,Biotechnology,Healthcare,AKRO
2019Q2,2019,Q2,2019-08-12,2019-06-30,-7228000.0,0.0,-7609000.0,-2.21,0.0,0.0,163168000.0,158389000.0,163108000.0,4740000.0,4779000.0,0.0,-99155000.0,62197461.7,-100456538.3,48.46086299370638,34.41097046413502,0.0,0.0,-0.04803995226941265,48.46086299370638,-0.04563448219257651,0.0,-2.1512680444106254,0.3926880130564623,0.0,0.0,0.0,0.0,34.31518987341772,-0.0442979015493234,-11.686858643367156,0.0,-10.049999999999999,-4.411858054269324,0.0,0.0,0.0,-0.3480044759418128,-0.38044267053701014,-4.411858054269324,0.0,0.0,Biotechnology,Healthcare,AKRO
2019Q1,2019,Q1,2019-03-31,2019-03-31,-5362000.0,0.0,-5512000.0,-0.2,0.0,0.0,72066000.0,69662000.0,70699000.0,2404000.0,2404000.0,0.0,-91927000.0,481726635.04,411930635.04,2.649236615064954,29.40890183028286,0.0,0.0,-0.07912491745858574,2.649236615064954,-0.07697166317360972,0.0,-22.460212375979115,6.915199607246419,0.0,0.0,0.0,0.0,29.033277870216306,-0.07440401853856188,-88.48762583394563,0.0,0.9310344827586207,-9.280186566095502,0.0,0.0,0.0,0.9127732951587715,-0.8571428571428571,-9.280186566095502,0.0,0.0,Biotechnology,Healthcare,AKRO
2018Q4,2018,Q4,2018-12-31,2018-12-31,-61472000.0,0.0,-2968000.0,-2.9,0.0,0.0,77151000.0,-49919000.0,77131000.0,2342000.0,127070000.0,0.0,-86565000.0,388827472.24,312852472.24,-2.351984222543627,32.933817250213494,0.0,0.0,0.059456319237164205,-2.351984222543627,1.231434924577816,0.0,-1.5813194309604373,-7.7891678967928035,0.0,0.0,0.0,0.0,32.4402220324509,-0.7967751552150977,-187.38673360963855,0.0,-4.37037037037037,0.0,0.0,0.0,0.0,-4.514172945819878,-0.7185871453387377,0.0,0.0,0.0,Biotechnology,Healthcare,AKRO
2018Q3,2018,Q3,2018-09-30,2018-09-30,-11148000.0,0.0,-1727000.0,-0.54,0.0,0.0,,,,,,,,388827472.24,,,0.0,0.0,0.0,0.0,,0.0,0.0,-8.719668824901326,0.0,0.0,0.0,0.0,0.0,0.0,0.0,-198.28020002039776,0.0,-0.3170731707317075,0.0,0.0,0.0,0.0,-0.2853683846419924,0.8006234126067883,0.0,0.0,0.0,Biotechnology,Healthcare,AKRO
2018Q2,2018,Q2,2018-06-30,2018-06-30,-8673000.0,0.0,-8662000.0,-0.41,0.0,0.0,,,,,,,,388827472.24,,,0.0,0.0,0.0,0.0,,0.0,0.0,-11.20798663207656,0.0,0.0,0.0,0.0,0.0,0.0,0.0,-74.04827123214626,0.0,-19.707070707070706,0.0,0.0,0.0,0.0,-19.600950118764846,-19.574821852731592,0.0,0.0,0.0,Biotechnology,Healthcare,AKRO
2018Q1,2018,Q1,2018-03-31,2018-03-31,-421000.0,0.0,-421000.0,-0.0198,0.0,0.0,,,,,,,,388827472.24,,,0.0,0.0,0.0,0.0,,0.0,0.0,-230.8951735391924,0.0,0.0,0.0,0.0,0.0,0.0,0.0,-1150.3771368047337,0.0,0.0,0.0,0.0,0.0,0.0,0.0,0.0,0.0,0.0,0.0,Biotechnology,Healthcare,AKRO
