Year,Date,FillingDate,NetIncome,Revenue,OperatingIncome,EPSDiluted,GrossProfit,GrossProfitRatio,TotalAssets,CommonStockEquity,CurrentAssets,CurrentLiability,TotalLiability,Inventory,RetainedEarnings,EnterpriseValue,bookValuePerShare,currentRatio,debtToAssets,debtToEquity,roic,shareholdersEquityPerShare,roe,priceToSalesRatio,peRatio,pbRatio,payoutRatio,inventoryTurnover,dividendYield,assetTurnover,quickRatio,returnOnAssets,priceToFreeCashFlowsRatio,grossProfitMargin,epsdilutedGrowth,fiveYNetIncomeGrowthPerShare,fiveYRevenueGrowthPerShare,fiveYShareholdersEquityGrowthPerShare,grossProfitGrowth,netIncomeGrowth,operatingIncomeGrowth,threeYNetIncomeGrowthPerShare,threeYRevenueGrowthPerShare,threeYShareholdersEquityGrowthPerShare,Industry,Sector,Price,MarketCap,AvgVolume,Symbol
2022,2022-12-31,2023-03-31,-19722000.0,100000.0,-19906000.0,-0.46,100000.0,1.0,7977000.0,5193000.0,7478000.0,2537000.0,2784000.0,0.0,-319676000.0,21444791.5125,0.12236898147793594,2.9475758770201024,0.060799799423342106,0.0933949547467745,-3.3087129090378586,0.12236898147793594,-3.797804737146158,273.507915125,-1.3868163225078591,5.266857599171962,0.0,0.0,0.0,0.012536041118214868,2.5880961765865194,-2.472358029334336,-1.4265264440880405,1.0,0.38666666666666666,0.8029183939841243,-0.7921237519392206,1.0707354365170487,-0.8888888888888888,0.08286830357142858,0.11489550911516229,0.8112290959143109,-0.9419646844536642,1.060075609585547,Biotechnology,Healthcare,0.3515,22970736,152319,VCNX
2021,2021-12-31,2022-03-31,-21504000.0,900000.0,-22490000.0,-0.75,900000.0,1.0,9843000.0,7412000.0,9405000.0,2256000.0,2431000.0,0.0,-299861000.0,21804164.880000003,0.2569222290658558,4.1688829787234045,0.03962206644315757,0.0526173772261198,-2.7205960430534044,0.2569222290658558,-2.901241230437129,33.33684986666667,-1.3952364620535713,4.04791754991905,0.0,0.0,0.0,0.09143553794574824,3.80718085106383,-2.1846997866504116,-1.1844913099091987,1.0,0.5192307692307693,0.5755528213450115,-0.2161805176682093,1.612748480011235,17.75,0.2678492390453168,0.20616991987575448,0.868091914599146,-0.7749168227229364,1.1556742776970679,Biotechnology,Healthcare,0.3515,22970736,152319,VCNX
2020,2020-12-31,2021-03-31,-29371000.0,50000.0,-28331000.0,-1.56,48000.0,0.96,11702000.0,-26575000.0,11286000.0,13180000.0,14314000.0,0.0,-277481000.0,37500609.76,-1.414559438856114,0.8562974203338392,0.7868740386258759,-0.34649106302916277,1.6607144416351938,-1.414559438856114,1.105211665098777,777.7721951999999,-1.3240478621769771,-1.4633531424270931,0.0,0.0,0.0,0.004272773884806016,0.8158573596358119,-2.50991283541275,-1.3439060635172961,0.96,0.36585365853658536,0.10976474305690737,-0.9331309418941747,-2.3736634980792344,-0.8518518518518519,0.07379142884172685,0.11507106044041855,0.33700725416314814,-0.7652153070951025,0.18231337567486192,Biotechnology,Healthcare,0.3515,22970736,152319,VCNX
2019,2019-12-31,2020-03-09,-31711000.0,523000.0,-32015000.0,-2.46,324000.0,0.6195028681,4604000.0,-26237000.0,4010000.0,6878000.0,6878000.0,0.0,-248630000.0,59695618.099999994,-2.0369161848234567,0.5830183192788602,0.0,0.0,1.214402366720547,-2.0369161848234567,1.2086366581545147,119.44860057361376,-1.9700298981426003,-2.381050352555551,0.0,0.0,0.0,0.11359687228496959,0.53416690898517,-6.887706342311034,-2.0287603708635076,0.6195028680688337,0.5646017699115045,-0.4018677677775405,0.020159190422076943,-3.857957603352929,2.0485436893203883,-0.07429365133139101,-0.1735273633664455,-0.4018677677775405,0.020159190422076943,-3.857957603352929,Biotechnology,Healthcare,0.3515,22970736,152319,VCNX
2018,2018-12-31,2019-03-13,-29518000.0,724000.0,-27281000.0,-5.65,-309000.0,-0.42679558011049723,22028000.0,-8621000.0,21424000.0,6686000.0,6686000.0,0.0,-216767000.0,13421104.848000001,-1.6503833058779949,3.2043075082261443,0.0,0.0,3.1644820786451686,-1.6503833058779949,3.423964737269458,26.29710614364641,-0.6449998254624296,-2.2084566579283145,0.0,0.0,0.0,0.032867259851098604,3.04561770864493,-1.34002179044852,-0.7463096251812944,-0.42679558011049723,-2.284883720930233,-2.217749521305996,2.4823547979641174,-2.9360932909135085,-3.414285714285714,-0.5766477940390984,-0.29269332827899924,-2.217749521305996,2.4823547979641174,-2.9360932909135085,Biotechnology,Healthcare,0.3515,22970736,152319,VCNX
2017,2017-12-31,2017-12-31,-18722000.0,90000.0,-21104000.0,-1.72,-70000.0,-0.7777777777777778,5575000.0,-13735000.0,4974000.0,4165000.0,7347000.0,0.0,-187249000.0,88984760.36,-1.7299530122846187,1.1942376950780311,0.5045739910313901,-0.20480524208227158,1.9322468412378686,-1.7299530122846187,1.3630870040043683,1003.9084484444444,-4.825967330413418,-6.578213349836185,0.0,0.0,0.0,0.016143497757847534,1.0316926770708283,-3.358206278026906,-4.211221643439758,-0.7777777777777778,0.02058539482177435,-0.34275263573119125,-0.7151898734177216,-3.1258636227095224,-1.3482587064676617,-0.3427526357311913,-0.041709857347351796,-0.34275263573119125,-0.7151898734177216,-3.1258636227095224,Biotechnology,Healthcare,0.3515,22970736,152319,VCNX
2016,2016-12-31,2016-12-31,-13943000.0,316000.0,-20259000.0,-1.7561510629985029,201000.0,0.6360759493670886,2842000.0,-3329000.0,2112000.0,4440000.0,6171000.0,0.0,-168527000.0,89727760.36,-0.4192947635890423,0.4756756756756757,0.3648838845883181,-0.3115049564433764,8.839005235602095,-0.4192947635890423,4.188344848302793,285.92329227848103,-6.4800803528652375,-27.140811162511266,0.0,0.0,0.0,0.11118930330752991,0.3975225225225225,-4.906052076002815,-4.404609777214449,0.6360759493670886,0.0,0.0,0.0,0.0,0.0,0.0,0.0,0.0,0.0,0.0,Biotechnology,Healthcare,0.3515,22970736,152319,VCNX
TTM,,,,,,,,,,,,,,,,20074736.0,0.048114743076995155,1.9125541125541126,0.08723186925434116,0.17791666666666667,-6.510568230138993,0.048114743076995155,-3.226522893699203,35.339593846153846,-0.8745554415153631,7.305453121458333,0.0,0.0,0.0,0.13278855975485188,1.4385281385281385,-4.0956077630234935,-1.1890845843254996,1.0,,,,,,,,,,,Biotechnology,Healthcare,0.3515,22970736,152319,VCNX
