Quarters,Year,Quarter,FillingDate,Date,NetIncome,Revenue,OperatingIncome,EPSDiluted,GrossProfit,GrossProfitRatio,TotalAssets,CommonStockEquity,CurrentAssets,CurrentLiability,TotalLiability,Inventory,RetainedEarnings,MarketCap,EnterpriseValue,bookValuePerShare,currentRatio,debtToAssets,debtToEquity,roic,shareholdersEquityPerShare,roe,priceToSalesRatio,peRatio,pbRatio,payoutRatio,inventoryTurnover,dividendYield,assetTurnover,quickRatio,returnOnAssets,priceToFreeCashFlowsRatio,grossProfitMargin,epsdilutedGrowth,fiveYNetIncomeGrowthPerShare,fiveYRevenueGrowthPerShare,fiveYShareholdersEquityGrowthPerShare,grossProfitGrowth,netIncomeGrowth,operatingIncomeGrowth,threeYNetIncomeGrowthPerShare,threeYRevenueGrowthPerShare,threeYShareholdersEquityGrowthPerShare,Industry,Sector,Symbol
2023Q4,2023,Q4,2023-06-14,2023-03-31,-2942566.0,43683722.0,-3487884.0,-0.0251,11910047.0,0.2726426791,412335387.0,372596085.0,128451893.0,25463399.0,39739302.0,54344819.0,-18941825.0,230840433.45,206562987.45,3.179747483921561,5.044569776407306,0.03603033226929902,0.03987315379333629,-0.007369466989388623,3.179747483921561,-0.007897468917312966,5.284358174653707,-19.612171269055647,0.6195460519935414,-0.2600930616339617,0.5846679699126425,0.0033154546998620704,0.10594220961200208,2.6893662939499947,-0.007136341174617642,15.237191446462468,0.27264267911969586,0.2828571428571429,0.6350382572354415,4.496092837870794,7.670250704737944,-0.0492634455051692,0.2828243389214505,0.1950928570192291,0.7429504612338453,2.3612521949175003,6.635777664974897,Aerospace & Defense,Industrials,POWW
2023Q3,2023,Q3,2023-02-14,2022-12-31,-4102992.0,38711494.0,-4333275.0,-0.035,12527179.0,0.3236036047,418219959.0,375096676.0,128997594.0,28196795.0,43123283.0,67145401.0,-15233633.0,203012924.03,190800636.03,3.1964331954753136,4.574902715007149,0.03558253421377242,0.03967330811537237,-0.009414409213386361,3.1964331954753136,-0.010938492027585976,5.244254433321535,-12.369809886906921,0.5412282673227422,-0.18872764070707426,0.38996438490254903,0.0038142793307364593,0.09256252162752472,2.0397078816936465,-0.009810607819413038,-140.998430384547,0.3236036046555062,-4.072463768115942,0.5012822147751614,210.6708731569952,32.24895251863292,-0.02403684907471804,-4.106355016197743,-7.694110329745293,0.48023487832487816,4.73311688211321,5.255737021388082,Aerospace & Defense,Industrials,POWW
2023Q2,2023,Q2,2022-11-14,2022-09-30,-803507.0,48288559.0,-498415.0,-0.0069,12835709.0,0.2658126328,424421227.0,377663589.0,132876446.0,31925735.0,46757638.0,68607008.0,-10348003.0,342597888.51,328999603.51,3.229892398293929,4.162048140786736,0.03629944267608463,0.04079359103903448,-0.0016995074044669869,3.229892398293929,-0.0021275733838349983,7.0948045583634,-106.59455627331188,0.9071509631552012,-0.9740500082762191,0.5167526034658151,0.0022844740911973113,0.1137750798689435,1.8618391401168994,-0.001893182877961945,36.61237953934589,0.2658126327604847,-1.345,0.7742309330839166,51.72525832622356,61.160488400129154,-0.2922392907410824,-1.2470028684053345,-1.0984476590842787,0.9143446921817046,5.619948693257782,4.679632455428047,Aerospace & Defense,Industrials,POWW
2023Q1,2023,Q1,2022-08-15,2022-06-30,3253027.0,60756026.0,5062741.0,0.02,18135662.0,0.2984998064,422134969.0,378005368.0,131122718.0,34354389.0,44129601.0,64588248.0,-8761857.0,448757432.2,438925233.2,3.243000700100717,3.816767575170672,0.026221258158785704,0.029282414846553185,0.008185033248924403,3.243000700100717,0.008605769323360508,7.386220951976023,34.48768118125057,1.1871721149737746,0.1961468503028103,0.6598780013354751,0.001421861687887606,0.14392559361742902,1.788931422998092,0.007706130121619941,-8568.979037616957,0.2984998064224938,3.347826086956522,1.8132701711364083,29.43386542987788,34.0692439543148,-0.1385989936866622,5.168080212818806,0.9244777738624834,1.3082928596229573,4.5531094300001556,4.09969161405005,Aerospace & Defense,Industrials,POWW
2022Q4,2022,Q4,2022-06-29,2022-03-31,527397.0,70101563.0,2630709.0,0.0046,21053681.0,0.300331121,414178313.0,374303566.0,129691636.0,35823311.0,39874747.0,59016152.0,-11240752.0,539177664.0,521034416.0,3.3322172574270437,3.6203140463482004,0.012405833040321453,0.013727432668915582,0.0014741995304062285,3.3322172574270437,0.001409008750934529,7.691378635880059,255.5843434831825,1.4404823062786423,1.4518133398559339,0.8310925117584759,0.0014200922091609494,0.1692545476179966,1.8773127643059013,0.0012733573522474607,8754.447450031661,0.3003311210051051,-0.9407979407979408,1.0529254672576065,15.340551667481233,65.8839734752966,-0.06523081920391481,-0.9418389131644741,-0.7520496340136181,1.0133802132376095,15.63375921654191,2.8646990872728506,Aerospace & Defense,Industrials,POWW
2022Q3,2022,Q3,2022-02-14,2021-12-31,9067867.0,64689186.0,10609821.0,0.0777,22522866.0,0.3481704964,411204284.0,371129681.0,123474142.0,35613312.0,40074603.0,46466594.0,-11002466.0,625425726.3000001,606468231.3000001,3.2340479075204938,3.467078321724191,0.02056660479733718,0.022787387894206177,0.024144146851504344,3.2340479075204938,0.02443314955453536,9.66816503611593,17.242911874975672,1.685194578387817,0.15666969972100384,0.9074545037667275,0.0022715087343857477,0.15731642037075663,2.052147522813941,0.022051975995464095,-154.03971280435078,0.34817049637941033,-0.3524999999999999,5.267522401969101,0.0,89.49750382541495,-0.14087551191887357,-0.35759560120808936,-0.25431656784730283,1.8682279747241846,42.440209737120504,4.91426412006148,Aerospace & Defense,Industrials,POWW
2022Q2,2022,Q2,2021-11-15,2021-09-30,14115512.0,57064967.0,14228318.0,0.12,26216068.0,0.4594073979,396512596.0,350258688.0,110951670.0,42997607.0,46253908.0,34960878.0,-19287751.0,696022332.45,671793041.45,3.094858930197822,2.5804149984439833,0.021963312358430097,0.02486370873404288,0.03898744385088276,3.094858930197822,0.040300248026966856,12.197016296355697,12.327259763053583,1.9871665037756323,0.0,0.8823834172585712,0.0,0.1439171607047762,1.687961262588404,0.035599151558857414,-35.82724473907176,0.4594073978873939,0.3333333333333333,14.750477101421843,0.0,6.38971705346312,0.3819099932770696,0.4801316184072831,0.46978951737480057,3.558923358542687,11.478698256666187,6.043493900511973,Aerospace & Defense,Industrials,POWW
2022Q1,2022,Q1,2021-08-16,2021-06-30,9536660.0,42078561.0,9680514.0,0.09,18970894.0,0.4508446475,381071625.0,335265247.0,106191817.0,42714920.0,45806378.0,27939525.0,-32620624.0,1036534527.93,992384036.93,3.166558064095342,2.4860591334362794,0.017902030884613885,0.020347936629411516,0.027644713319199116,3.166558064095342,0.028445119454925193,24.633316902876025,27.17236768244857,3.0916849784015934,0.0,0.8270601236062531,0.0,0.11042165892041948,1.7509496213501043,0.02502589900258252,-23.778039928709088,0.45084464746786374,7.293706293706294,10.784532050796305,0.0,6.603089761623628,2.3377636524286762,13.413937637818234,21.996714015213133,2.535972578754054,9.797546577669774,6.25918992608338,Aerospace & Defense,Industrials,POWW
2021Q4,2021,Q4,2021-06-29,2021-03-31,-768222.0,26896778.0,-461049.0,-0.0143,5683714.0,0.211315794,179379341.0,160347529.0,145620332.0,12098493.0,19031812.0,15866918.0,-41819539.0,318591649.44,210857339.44,2.979542537754972,12.03623724045631,0.059132567556929534,0.06615107239974992,-0.0044151975440199585,2.979542537754972,-0.004790981219298989,11.844974496201738,-103.67824972468895,1.9868821891231014,0.0,1.3369366376003204,0.0,0.1499435656863072,10.526190989241387,-0.004282667088179346,-26.309097673392316,0.21131579403302508,0.7997198879551821,-0.37883325377050203,0.0,6.342836168926829,0.7007402362603855,0.8002058221612263,-0.07519000389452597,0.7925369097438962,6.368306062075995,7.124349785130294,Aerospace & Defense,Industrials,POWW
2021Q3,2021,Q3,2021-02-12,2020-12-31,-3845067.0,15418403.0,-428807.0,-0.0714,3341906.0,0.2167478694,67105132.0,42774675.0,36502859.0,14122250.0,24330457.0,9548591.0,-41356096.0,177593318.1,173937898.1,0.7948296085132946,2.5847764343500503,0.22878239774567466,0.3589150122122494,-0.014283047755554381,0.7948296085132946,-0.08989120314765688,11.518269311030462,-11.546828579319945,4.1518332541392775,0.0,1.2647412586841347,0.0,0.22976488594046726,1.8340276514011578,-0.05729914963880855,-47.77816915561015,0.21674786941293467,-0.22680412371134026,-7.532321534202191,0.0,2.4385938490286767,1.591376104389955,-0.3827644738214341,0.7492268734575482,-0.019114543918766175,182.83384186252954,7.267731655168334,Aerospace & Defense,Industrials,POWW
2021Q2,2021,Q2,2020-11-13,2020-09-30,-2780710.0,11148302.0,-1709940.0,-0.0582,1289626.0,0.1156791411,47351219.0,17494086.0,17399018.0,14830115.0,29857133.0,7603031.0,-39449659.0,120431064.6,138979582.6,0.3660608404187436,1.1732220552571575,0.46381547220568914,1.2554087135503964,-0.048410348748966284,0.3660608404187436,-0.1589514307863812,10.802637442006862,-10.827366445979624,6.884101552947665,0.0,1.2966770752348635,0.0,0.23543854277542464,0.5907347987524034,-0.05872520409664638,-31.739476781603862,0.11567914109251795,0.21457489878542507,-5.532170374716756,0.0,1.6727443304633376,0.20367741423644653,0.18867977927220983,0.03946154031959528,-0.9116551410572096,28.78257694588418,6.044977918338726,Aerospace & Defense,Industrials,POWW
2021Q1,2021,Q1,2020-08-19,2020-06-30,-3427389.0,9018847.0,-1780189.0,-0.0741,1071405.0,0.1187962275,43737147.0,18358284.0,14157457.0,13233802.0,25378863.0,6518757.0,-37111034.0,122093806.56,139649766.56,0.3969560055954406,1.0697951352151105,0.42466128391959357,1.0117216293200388,-0.04965579789543428,0.3969560055954406,-0.18669441000041181,13.53762920692634,-8.90574476372539,6.650611057111874,0.0,1.2191652488350155,0.0,0.20620565397189716,0.5295981457180635,-0.07836334180645116,-54.70490852929079,0.1187962275000341,0.24155578300921185,-7.404840910039396,0.0,1.7380322578553842,1.7576628677624935,0.24140502315698611,0.5855322818612095,-1.1595924072188548,10.386231085945484,3.292613010821896,Aerospace & Defense,Industrials,POWW
2020Q4,2020,Q4,2020-08-19,2020-03-31,-4518075.0,5129353.0,-4295121.0,-0.0977,-1414092.0,-0.2756862318,41105736.0,19258793.0,9157110.0,12225609.0,21846943.0,4408073.0,-34007245.0,90182925.3,103618998.3,0.4164274581365792,0.7490105400884324,0.34837831391706503,0.7435744804983365,-0.11881914692538185,0.4164274581365792,-0.2345980352974353,17.58173502584049,-4.990118872528677,4.682688333583521,0.0,1.484423012050844,0.0,0.12478436099526354,0.3194049474345204,-0.10991349236515313,-38.175187567940995,-0.2756862317723112,-0.4517087667161961,-10.337975583851877,0.0,1.7871382679004149,-0.5885336451779233,-0.4675030450669915,-0.6207428868560889,-0.10123861102768472,1.9040397028463316,7.358495533961131,Aerospace & Defense,Industrials,POWW
2020Q3,2020,Q3,2020-02-14,2019-12-31,-3078750.0,2633480.0,-2650094.0,-0.0673,-890187.0,-0.3380268694,40745596.0,23385444.0,7216311.0,12787476.0,17360152.0,5022980.0,-29600647.0,45309958.65,56576917.65,0.5109602888591469,0.564326455040854,0.27973155675523803,0.48738989090820767,-0.07312543303744092,0.5109602888591469,-0.13165240736930203,17.205355138447985,-3.679249585870889,1.9375282611696403,0.0,0.7015092634252973,0.0,0.06463226111602344,0.10993615941097368,-0.07556031331582437,-865.1231269332111,-0.338026869389553,0.16084788029925182,-5.9801694749621035,0.0,1.9818133665956053,-0.23973879038053378,0.1550213073230389,0.1833141906915296,-2.6330038730382626,0.0,14.98207800595512,Aerospace & Defense,Industrials,POWW
2020Q2,2020,Q2,2019-11-14,2019-09-30,-3643583.0,2833237.0,-3244937.0,-0.0802,-718044.0,-0.2534359109,46021221.0,25827250.0,9074286.0,15495709.0,20193971.0,5029211.0,-26736227.0,77207460.1,90987682.1,0.5686798263164209,0.5855999231787329,0.3105949753049794,0.5534449079944632,-0.07729722928103393,0.5686798263164209,-0.14107514350153424,27.250618321022912,-5.297495631360669,2.9893798255718282,0.0,0.7061308423925741,0.0,0.061563707751256753,0.19907491809506747,-0.07917180206931058,-54.78923800643214,-0.25343591093861895,0.11381215469613264,-7.746198657318978,0.0,2.1133385093397377,-0.09924435408808112,0.09710905539215699,0.11032804445759253,-7.844789738859257,0.0,1.9903596341504792,Aerospace & Defense,Industrials,POWW
2020Q1,2020,Q1,2019-08-14,2019-06-30,-4035463.0,4184295.0,-3647341.0,-0.0905,-653216.0,-0.156111364,47937175.0,28348052.0,9846714.0,14766073.0,19589123.0,5553121.0,-23291967.0,98071490.00000001,110868160.00000001,0.6359209429774138,0.6668471705374882,0.2781902145881563,0.4704257280182779,-0.08313183444364211,0.6359209429774138,-0.14235415541074922,23.437996125990164,-6.075603344647194,3.4595495309518975,0.0,0.8711337282223817,0.0,0.0872870585302534,0.23917604904161047,-0.08418232822438952,-49.08654957881408,-0.15611136404101528,0.7414285714285713,-8.848558529747585,0.0,2.24896368400566,-0.3856966179393677,0.6642010954192715,-0.05606372040757295,-8.833726363287123,0.0,2.1252350510164235,Aerospace & Defense,Industrials,POWW
2019Q4,2019,Q4,2019-07-01,2019-03-31,-12017499.0,1284922.0,-3453713.0,-0.35,-471399.0,-0.36686974,43587164.0,29528933.0,8626870.0,4482375.0,14058231.0,4772597.0,-19450565.0,109592316.80000001,117817523.80000001,0.8622190711821871,1.9246203184695614,0.23875040367388894,0.3524154767122808,-0.13435323001835098,0.8622190711821871,-0.40697369593408605,85.29102684832232,-2.279848677332946,3.7113537695385066,0.0,0.36800111134462016,0.0,0.029479366907193136,0.7644880225326975,-0.27571188159890375,-39.82430899434753,-0.36686973995308664,-13.727272727272727,-34.128766584193,0.0,2.724545732959045,-4.1753178314999015,-13.73713435385866,-0.5926113110622826,-32.893908702927426,0.0,2.5461082299304048,Aerospace & Defense,Industrials,POWW
2019Q3,2019,Q3,2019-02-14,2018-12-31,943501.0,444417.0,-2168585.0,0.0275,-91086.0,-0.204956156,22313708.0,18727330.0,10901406.0,3586378.0,3586378.0,3951308.0,-11714959.0,103085272.99,98587475.99,0.5468216910621968,3.039670107278151,0.06926258065221612,0.0825267136318952,0.16476632545344042,0.5468216910621968,0.05038096728150783,231.9561875220795,27.314563786895825,5.504536577825029,0.0,0.13552550193505544,0.0,0.01991677044442815,1.8590446963482377,0.04228346987421364,-42.46157131494387,-0.20495615604263565,1.5646817248459959,4.154166444967658,0.0,2.1160085780507814,-1.4839362657330024,1.5964564141596769,-0.3733635543801519,4.2899418217377905,0.0,1.9897144153310409,Aerospace & Defense,Industrials,POWW
2019Q2,2019,Q2,2018-11-14,2018-09-30,-1581844.0,1311368.0,-1579032.0,-0.0487,188219.0,0.1435287425,15248588.0,14260182.0,11562716.0,988406.0,988406.0,3378406.0,-11102417.0,98985639.39999999,92315710.39999999,0.4393925761720139,11.698346630837936,0.0018302678254537403,0.001957127896404127,-0.11061216989622474,0.4393925761720139,-0.11092733599052242,75.4827320782572,-15.644026749793278,6.941400846076158,0.0,0.33244938589382095,0.0,0.08599930695222403,7.873846374870245,-0.10373708044312037,-42.745358065902174,0.14352874250401107,0.1689419795221843,-4.709522638698365,0.0,1.9130320011235098,0.3019049331820823,0.1124818565433987,0.11256883915228719,-4.471810995764232,0.0,1.8075129372736556,Aerospace & Defense,Industrials,POWW
2019Q1,2019,Q1,2018-08-14,2018-06-30,-1782323.0,1118689.0,-1779329.0,-0.0586,144572.0,0.1292334152,14184167.0,13257876.0,11224651.0,926291.0,926291.0,3123239.0,-9521979.0,183574179.04,176577430.04,0.43621369551407035,12.117845255972474,0.004919076319391896,0.005262758529345123,-0.13361882066297953,0.43621369551407035,-0.13443503318329422,164.09759910037553,-25.74928604972275,13.84642449816245,0.0,0.31189319805496796,0.0,0.07886885426546374,8.523737140920078,-0.12565581045400834,-78.42426189868945,0.12923341518509612,0.14825581395348839,-5.856895125600091,0.0,1.9227957840109144,-0.5067047912813829,0.0054789185231973805,0.012753049690564464,-5.650703114158107,0.0,1.8110213073228998,Aerospace & Defense,Industrials,POWW
2018Q4,2018,Q4,2018-03-31,2018-03-31,-1792142.0,1766685.0,-1802314.0,-0.0688,293074.0,0.1658892219,10672711.0,9552129.0,8323045.0,1120582.0,1120582.0,2405007.0,-7741153.0,123717977.5,119436241.5,0.36674227680451693,7.427430567330191,0.00936097679399358,0.010459134293517183,-0.18620046662272247,0.36674227680451693,-0.18761702234130212,70.02831715897288,-17.258394912345114,12.951874655377875,0.0,0.6127262831251634,0.0,0.1655329184871585,4.994693828742564,-0.16791816062479345,-42.85400770498004,0.165889221904301,0.01854493580599138,-4.17116049220954,0.0,1.7901263704824657,2.1189148121423145,0.018557218180663165,0.08367134648373113,-6.985553149474025,0.0,1.6932224926317951,Aerospace & Defense,Industrials,POWW
2018Q3,2018,Q3,2018-04-11,2017-12-31,-1826028.0,40592.0,-1966886.0,-0.0701,-261927.0,-6.452675404,4917504.0,2503957.0,3019061.0,2413547.0,2413547.0,1792314.0,-5943925.0,82044553.5,82939610.5,0.09613635779003904,1.250881379148614,0.342019040553907,0.6716888508868164,-0.4524403286517433,0.09613635779003904,-0.729256932127828,2021.200076369728,-11.232652716716283,32.76595943939932,0.0,0.1687868308789643,0.0,0.008254594200635118,0.4027329900764311,-0.3713322856473528,-50.96210385281689,-6.452675404020496,-1.305921052631579,-5.119331519820741,0.0,1.2132333143207101,-5.896472435645785,-2.0790663793365103,-2.6121199432899194,-6.274752864149419,0.0,1.1847266082161176,Aerospace & Defense,Industrials,POWW
2018Q2,2018,Q2,2017-11-17,2017-09-30,-593046.0,152612.0,-544524.0,-0.0304,53493.0,0.3505163421,3871716.0,1012404.0,2182006.0,2859312.0,2859312.0,1608394.0,-4047468.0,44813416.199999996,47013790.199999996,0.051960537657024235,0.7631227372179041,0.5791496587043058,2.2148302456331663,-0.1744397174317693,0.051960537657024235,-0.5857799850652506,293.64280790501397,-18.89120582551775,44.264361065345454,0.0,0.061626069234279664,0.0,0.03941714733208737,0.11009921267773506,-0.15317394147711247,-130.53680647594967,0.3505163420962965,0.11370262390670546,-1.6387470467552623,0.0,1.1182546068675971,0.6576696622249768,0.06209315713228363,0.07208610388769414,-2.318250584395055,0.0,1.101726252387533,Aerospace & Defense,Industrials,POWW
2018Q1,2018,Q1,2017-08-21,2017-06-30,-632308.0,315579.0,-586826.0,-0.0343,32270.0,0.1022564873,4350009.0,1703913.0,1958435.0,2646096.0,2646096.0,1550664.0,-1862021.0,55277454.0,57369940.0,0.09247421199970607,0.7401224294205502,0.49132082255462,1.2543187357570487,-0.15847247457167635,0.09247421199970607,-0.3710917165371706,175.16201648398658,-21.855430423148213,32.441476765539086,0.0,0.18270173293505235,0.0,0.07254674645500733,0.10346412223895127,-0.14535786017913985,-57.95418389139171,0.10225648728210686,0.6133032694475762,-1.3929675295728383,0.0,1.2161316102873836,-0.827756457131267,0.5836271327068833,0.1322351201478743,-2.7333722298671255,0.0,1.1816215266537864,Aerospace & Defense,Industrials,POWW
2017Q4,2017,Q4,2017-05-17,2017-03-31,-1518610.0,653784.0,-676250.0,-0.0887,187351.0,0.286564064,3912246.0,852855.0,1804536.0,3059391.0,3059391.0,1493872.0,-1252454.0,61626351.6,64100649.6,0.04982086267135113,0.5898350357963399,0.6580447650786786,3.018605741890474,-0.27303989292986675,0.04982086267135113,-1.780619214286133,94.26102749531955,-10.14519060193203,72.2588852735811,0.0,0.3122309006394122,0.0,0.16711219079781792,0.04570517465730925,-0.38816833092806535,-76.79028220822202,0.28656406397219875,-3.794594594594595,-4.246490640103562,0.0,1.120479897879546,0.0,-3.791066577908741,-98.06973337239965,-7.880987018648584,0.0,1.099647942157455,Aerospace & Defense,Industrials,POWW
2017Q3,2017,Q3,2017-03-16,2016-12-31,-316967.0,0.0,-6826.0,-0.0185,0.0,0.0,0.0,-625575.0,185192.0,625575.0,625575.0,0.0,-7791942.0,66761880.9,69241880.9,-0.036543944944487025,0.2960348479398953,0.0,0.0,0.010897808753647792,-0.036543944944487025,0.5066810534308436,0.0,-52.65680725438295,-106.72082627982256,0.0,0.0,0.0,0.0,0.2960348479398953,0.0,-4225.168084298462,0.0,-1.0329670329670328,-0.6069289260181705,0.0,0.9078595475162129,0.0,-59.55922812380589,-4.522653721682848,-1.119934608947384,0.0,0.925417450147887,Aerospace & Defense,Industrials,POWW
2017Q2,2017,Q2,2016-11-14,2016-09-30,-5234.0,0.0,-1236.0,-0.0091,0.0,0.0,0.0,-331343.0,272879.0,331343.0,331343.0,0.0,-7474975.0,2250440.4,2448706.4,-0.5742154735579755,0.8235544435826319,0.0,-0.5983708724795755,0.009287855902973466,-0.5742154735579755,0.01579631982567913,0.0,-107.49142147497135,-6.791875488542085,0.0,0.0,0.0,0.0,0.8235544435826319,0.0,0.0,0.0,0.010869565217391238,-0.43751716561384213,0.0,-0.4911322223672308,0.0,0.014683734939759037,-0.06735751295336788,-0.06252537555826215,0.0,-0.1931860739801796,Aerospace & Defense,Industrials,POWW
2017Q1,2017,Q1,2016-08-15,2016-06-30,-5312.0,0.0,-1158.0,-0.0092,0.0,0.0,0.0,-326109.0,229012.0,326109.0,326109.0,0.0,-7469741.0,2250440.4,2448706.4,-0.5651449822888001,0.7022559941614613,0.0,-0.6079746342480582,0.009412366451970374,-0.5651449822888001,0.01628903219475697,0.0,-105.91304593373495,-6.900884060237527,0.0,0.0,0.0,0.0,0.7022559941614613,0.0,-2248.1922077922077,0.0,0.11538461538461536,0.540245802319543,0.0,-0.492018538768078,0.0,0.11081352527619685,0.3637362637362637,-0.0763931104356635,0.0,-0.19554569784067177,Aerospace & Defense,Industrials,POWW
2016Q4,2016,Q4,2016-05-13,2016-03-31,-5974.0,0.0,-1820.0,-0.0104,0.0,0.0,0.0,-321796.0,0.0,321797.0,321797.0,0.0,-7464428.0,2250440.4,2448706.4,-0.5576705786120797,0.0,0.0,-0.616123258213278,0.015243594424502115,-0.5576705786120797,0.018564556427053163,0.0,-94.176447941078,-6.993375927606309,0.0,0.0,0.0,0.0,0.0,0.0,-752.1525401069518,0.0,-0.2380952380952381,-0.3580359172539213,0.0,-0.5544574064681305,0.0,-0.236341059602649,-1.8706624605678233,0.2219327949986975,0.0,-0.20147105494054177,Aerospace & Defense,Industrials,POWW
2016Q3,2016,Q3,2016-03-30,2015-12-31,-4832.0,0.0,-634.0,-0.0084,0.0,0.0,0.0,-318815.0,0.0,318815.0,318815.0,0.0,-7458454.0,2250440.4,2448706.4,-0.5525045231146757,0.0,0.0,-0.6218841647977668,0.0054863564534797914,-0.5525045231146757,0.015156125025484999,0.0,-116.4342094370861,-7.058765741887929,0.0,0.0,0.0,0.0,0.0,0.0,0.0,0.0,0.05617977528089892,0.3295407242958236,0.0,-0.5734937023729617,0.0,0.05992217898832685,0.32696390658174096,0.2690969596127667,0.0,-0.2254715421841426,Aerospace & Defense,Industrials,POWW
2016Q2,2016,Q2,2015-12-14,2015-09-30,-5140.0,0.0,-942.0,-0.0089,0.0,0.0,0.0,-313983.0,0.0,313983.0,313983.0,0.0,-7453622.0,2250440.4,2448706.4,-0.5441306954852037,0.0,0.0,-0.6314545691964215,0.008470126704130441,-0.5441306954852037,0.016370313042425862,0.0,-109.45721789883268,-7.167395687027642,0.0,0.0,0.0,0.0,0.0,0.0,-1480.552894736842,0.0,-0.011363636363636295,0.19055118110236222,0.0,-0.6067990727141532,0.0,-0.010220125786163521,-0.008565310492505354,0.22776442307692307,0.0,-0.23836211826604137,Aerospace & Defense,Industrials,POWW
2016Q1,2016,Q1,2015-08-18,2015-06-30,-5088.0,0.0,-934.0,-0.0088,0.0,0.0,0.0,-310363.0,0.0,310363.0,310363.0,0.0,-7448482.0,2250440.4,2448706.4,-0.5378572567396142,0.0,0.0,-0.6388197046684044,0.008672988922806758,-0.5378572567396142,0.016393706724061825,0.0,-110.57588443396226,-7.250994480656521,0.0,0.0,0.0,0.0,0.0,0.0,0.0,0.0,-0.023255813953488434,0.6520549818778636,0.0,-0.6416198118047806,0.0,-0.02333065164923572,-0.08478513356562137,0.3851359516616314,0.0,-0.2570851104333491,Aerospace & Defense,Industrials,POWW
2015Q4,2015,Q4,2015-05-15,2015-03-31,-4972.0,0.0,-861.0,-0.0086,0.0,0.0,0.0,-305275.0,0.0,305275.0,305275.0,0.0,-7443394.0,2250440.4,2448706.4,-0.5290397826132165,0.0,0.0,-0.6494668741298829,0.008383271488778193,-0.5290397826132165,0.016286954385390223,0.0,-113.15569187449718,-7.371846368028827,0.0,0.0,0.0,0.0,0.0,0.0,0.0,0.0,0.10416666666666659,0.12356777719019928,0.0,-0.7500687931390307,0.0,0.10591620212192052,0.36830520909757886,0.4904171364148816,0.0,-0.2793567908271029,Aerospace & Defense,Industrials,POWW
2015Q3,2015,Q3,2015-03-31,2014-12-31,-5561.0,0.0,-1363.0,-0.0096,0.0,0.0,0.0,-300304.0,0.0,300304.0,300304.0,0.0,-7438423.0,2250440.4,2448706.4,-0.5204250687998669,0.0,0.0,-0.6602176461185998,0.013856099906439866,-0.5204250687998669,0.01851790185944909,0.0,-101.17067074267219,-7.493874207469763,0.0,0.0,0.0,0.0,0.0,0.0,0.0,0.0,-0.04347826086956515,0.33821254313935506,0.0,-0.7794421763064181,0.0,-0.05063291139240506,-0.2447488584474886,0.16363362911716056,0.0,-0.3121791146513793,Aerospace & Defense,Industrials,POWW
2015Q2,2015,Q2,2014-12-01,2014-09-30,-5293.0,0.0,-1095.0,-0.0092,0.0,0.0,0.0,-294743.0,0.0,294743.0,294743.0,0.0,-7432862.0,2250440.4,2448706.4,-0.5107878884506339,0.0,0.0,-0.6726741602005816,0.011795559525564941,-0.5107878884506339,0.017958017662845258,0.0,-106.29323634989609,-7.635263263249678,0.0,0.0,0.0,0.0,0.0,0.0,-516.9860785665059,0.0,0.0,0.15135481802148462,0.0,-0.8380082314791719,0.0,0.0020739064856711916,0.04699738903394256,-0.4537215050810216,0.0,-0.3264224221341171,Aerospace & Defense,Industrials,POWW
2015Q1,2015,Q1,2014-07-28,2014-06-30,-5304.0,0.0,-1149.0,-0.0092,0.0,0.0,0.0,-293803.0,0.0,293803.0,293803.0,0.0,-7427569.0,2250440.4,2448706.4,-0.509158873969735,0.0,0.0,-0.6748263292069856,0.012498021823710046,-0.509158873969735,0.018052913006334177,0.0,-106.07279411764705,-7.659691698178711,0.0,0.0,0.0,0.0,0.0,0.0,0.0,0.0,0.08000000000000003,-0.20408626560726448,0.0,-0.9062891327056964,0.0,0.0798056904927134,0.15265486725663716,0.5409382032196641,0.0,-0.34421166771134076,Aerospace & Defense,Industrials,POWW
2014Q4,2014,Q4,2014-05-12,2014-03-31,-5764.0,0.0,-1356.0,-0.01,0.0,0.0,0.0,-288500.0,0.0,288500.0,288500.0,0.0,-7422266.0,2250440.4,2448706.4,-0.4999688061056849,0.0,0.0,-0.6872305025996533,0.015567767275010684,-0.4999688061056849,0.019979202772963604,0.0,-97.6075815405968,-7.8004866551126515,0.0,0.0,0.0,0.0,0.0,0.0,0.0,0.0,-0.14942528735632193,0.4468860953843201,0.0,-0.9269560106333238,0.0,-0.14365079365079364,-0.3546453546453546,-0.31029779495339843,0.0,-0.3936188198922783,Aerospace & Defense,Industrials,POWW
2014Q3,2014,Q3,2014-02-26,2013-12-31,-5040.0,0.0,-1001.0,-0.0087,0.0,0.0,0.0,-282736.0,0.0,282736.0,282736.0,0.0,-7416502.0,2250440.4,2448706.4,-0.48997982794834294,0.0,0.0,-0.7012407334050139,0.01234004541687743,-0.48997982794834294,0.017825816309207175,0.0,-111.62898809523809,-7.959511346273555,0.0,0.0,0.0,0.0,0.0,0.0,-548.7540599853694,0.0,-0.02352941176470574,-1.693746659540353,0.0,-1.0297350265978449,0.0,-0.023142509135200974,-0.08333333333333333,0.30067989454696825,0.0,-0.3954278043195011,Aerospace & Defense,Industrials,POWW
2014Q2,2014,Q2,2013-11-19,2013-09-30,-4926.0,0.0,-924.0,-0.0085,0.0,0.0,0.0,-277696.0,0.0,277696.0,277696.0,0.0,-7411462.0,2250440.4,2444606.4,-0.48124553754011884,0.0,0.0,-0.6992034454943535,0.01153002316986419,-0.48124553754011884,0.017738822309287854,0.0,-114.21236297198537,-8.103971249135745,0.0,0.0,0.0,0.0,0.0,0.0,0.0,0.0,0.011627906976744116,0.18860154834458898,0.0,-1.0218717691086745,0.0,0.00182370820668693,0.052307692307692305,0.22425196850393697,0.0,-0.42110138222906834,Aerospace & Defense,Industrials,POWW
2014Q1,2014,Q1,2013-08-14,2013-06-30,-4935.0,0.0,-975.0,-0.0086,0.0,0.0,0.0,-272770.0,0.0,272770.0,272770.0,0.0,-7406536.0,2250440.4,2444606.4,-0.4727088084625569,0.0,0.0,-0.7118304798914836,0.01292787494471237,-0.4727088084625569,0.018092165560728818,0.0,-114.00407294832826,-8.250322249514243,0.0,0.0,0.0,0.0,0.0,0.0,-199.70187239329132,0.0,0.3533834586466165,0.22878574777308947,0.0,-1.0778518377451913,0.0,0.3572544933576452,0.7479317476732161,0.66251795117281,0.0,-0.4427771224855733,Aerospace & Defense,Industrials,POWW
2013Q4,2013,Q4,2013-05-02,2013-03-31,-7678.0,0.0,-3868.0,-0.0133,0.0,0.0,5634.0,-267835.0,5634.0,273469.0,273469.0,0.0,-7401601.0,2250440.4,2433336.4,-0.4641564824378375,0.020601969510255277,33.46290379836706,-0.7039035226912091,0.05007818069923757,-0.4641564824378375,0.0286669031306588,0.0,-73.27560562646522,-8.402338753336942,0.0,0.0,0.0,0.0,0.020601969510255277,-1.3627973020944266,0.0,0.0,-0.15652173913043474,0.8243502928257687,0.0,-1.1448076491879946,0.0,-0.16139767054908485,-0.42049210429673156,-0.35342852106469225,0.0,-0.5354341993625169,Aerospace & Defense,Industrials,POWW
2013Q3,2013,Q3,2013-04-01,2012-12-31,-6611.0,0.0,-2723.0,-0.0115,0.0,0.0,0.0,-260157.0,0.0,260157.0,260157.0,0.0,-7393923.0,2250440.4,2433337.4,-0.4508505535183247,0.0,0.0,-0.7030254807673828,0.03634413339453089,-0.4508505535183247,0.025411578393047276,0.0,-85.10211768265013,-8.650316539627994,0.0,0.0,0.0,0.0,0.0,0.0,0.0,0.0,0.0,-1.0496929425648502,0.0,-1.5253057658707048,0.0,0.006760817307692308,0.044226044226044224,0.21325717005831252,0.0,-0.5415523544852843,Aerospace & Defense,Industrials,POWW
2013Q2,2013,Q2,2012-11-14,2012-09-30,-6656.0,0.0,-2849.0,-0.0115,0.0,0.0,0.0,-253547.0,0.0,253547.0,253547.0,0.0,-7387313.0,2250440.4,2430440.4,-0.4393954623281736,0.0,0.0,0.0,0.011584672600705012,-0.4393954623281736,0.026251543106406306,0.0,-84.5267578125,-8.875831305438439,0.0,0.0,0.0,0.0,0.0,0.0,-560.0896963663514,0.0,0.19580419580419584,0.9063498302510213,0.0,0.6853282263734238,0.0,0.19564954682779456,0.3723287067636043,-0.0671797338464006,0.0,-0.5811112496882015,Aerospace & Defense,Industrials,POWW
2013Q1,2013,Q1,2012-08-14,2012-06-30,-8275.0,0.0,-4539.0,-0.0143,0.0,0.0,0.0,-246891.0,0.0,246891.0,246891.0,0.0,-78422.0,2250440.4,2430440.4,-0.42786065340810625,0.0,0.0,0.0,0.01883997817916238,-0.42786065340810625,0.03351681511274206,0.0,-67.98913595166164,-9.115117197467708,0.0,0.0,0.0,0.0,0.0,0.0,-187.4585922532278,0.0,0.15384615384615374,0.3642853774635616,0.0,0.7478033482314504,0.0,0.15189095008711695,0.2713116069995184,-0.8785471055618613,0.0,-0.6019088649974372,Aerospace & Defense,Industrials,POWW
2012Q4,2012,Q4,2012-05-15,2012-03-31,-9757.0,0.0,-6229.0,-0.0169,0.0,0.0,0.0,-238616.0,0.0,238616.0,238616.0,0.0,-70147.0,2250440.4,2420440.4,-0.41352012699380974,0.0,0.0,0.0,0.0266509987336236,-0.41352012699380974,0.04088996546752942,0.0,-57.66220149636159,-9.431221711871794,0.0,0.0,0.0,0.0,0.0,0.0,0.0,0.0,-0.46956521739130425,0.9180658419013591,0.0,0.7546248519827679,0.0,-0.4674387125883592,-1.002250080360013,0.06371749352269464,0.0,-0.5937696202193457,Aerospace & Defense,Industrials,POWW
2012Q3,2012,Q3,2012-04-16,2011-12-31,-6649.0,0.0,-3111.0,-0.0115,0.0,0.0,0.0,-228859.0,0.0,228859.0,228859.0,0.0,-7362625.0,2250440.4,2417315.4,-0.3966113032809045,0.0,0.0,-0.7291607496318694,0.05174690362722871,-0.3966113032809045,0.029052822917167338,0.0,-84.6157467288314,-9.83330522286648,0.0,0.0,0.0,0.0,0.0,0.0,-2727.8065454545454,0.0,-0.8253968253968254,0.946227502847887,0.0,0.0,0.0,-0.8261466630046691,-20.908450704225352,-2.5537145911277395,0.0,-0.6429571347552352,Aerospace & Defense,Industrials,POWW
2012Q2,2012,Q2,2011-11-18,2011-09-30,-3641.0,0.0,-142.0,-0.0063,0.0,0.0,0.0,-222209.0,0.0,222209.0,222209.0,0.0,-53740.0,2250440.4,2420440.4,-0.3850868923256088,0.0,0.0,0.0,0.0006761805989182599,-0.3850868923256088,0.016385474935758676,0.0,-154.52076352650369,-10.12758439127128,0.0,0.0,0.0,0.0,0.0,0.0,-582.562878591768,0.0,0.685,0.0,0.0,0.0,0.0,0.6848710403323525,0.9825724104074619,0.40026354801515396,0.0,-0.6178774773200529,Aerospace & Defense,Industrials,POWW
2012Q1,2012,Q1,2011-08-15,2011-06-30,-11554.0,0.0,-8148.0,-0.02,0.0,0.0,0.0,-218569.0,0.0,218569.0,218569.0,0.0,-50100.0,2250440.4,2410440.4,-0.37877879369744694,0.0,0.0,0.0,0.03793551011571123,-0.37877879369744694,0.052862025264333,0.0,-48.6939674571577,-10.296246951763516,0.0,0.0,0.0,0.0,0.0,0.0,-1410.0503759398496,0.0,-1.6315789473684212,0.0,0.0,0.0,0.0,-1.6265060240963856,-5.756218905472637,-0.805594624160025,0.0,-0.664970481812988,Aerospace & Defense,Industrials,POWW
2011Q4,2011,Q4,2011-05-16,2011-03-31,-4399.0,0.0,-1206.0,-0.0076,0.0,0.0,0.0,-207015.0,0.0,207015.0,207015.0,0.0,-7340781.0,2250440.4,2410440.4,-0.35875577953541893,0.0,0.0,0.0,0.006103143483101816,-0.35875577953541893,0.021249667898461465,0.0,-127.89499886337804,-10.870905006883559,0.0,0.0,0.0,0.0,0.0,0.0,-252.54633598922678,0.0,0.392,0.0,0.0,0.0,0.0,0.3896212016095463,0.6668508287292818,0.899364019033675,0.0,-0.6577645023863672,Aerospace & Defense,Industrials,POWW
2011Q3,2011,Q3,2011-04-14,2010-12-31,-7207.0,0.0,-3620.0,-0.0125,0.0,0.0,0.0,-202616.0,0.0,202616.0,202616.0,0.0,-7336382.0,2250440.4,2402120.4,-0.3511323383636376,0.0,0.0,-0.7486082046827497,0.0766878941619383,-0.3511323383636376,0.035569747700082914,0.0,-78.06439572637713,-11.106923441386662,0.0,0.0,0.0,0.0,0.0,0.0,0.0,0.0,-0.1363636363636365,0.9417147861369711,0.0,0.0,0.0,-0.13496062992125984,-0.11556240369799692,-1.0541728992686246,0.0,-0.9667637351970491,Aerospace & Defense,Industrials,POWW
2011Q2,2011,Q2,2010-11-12,2010-09-30,-6350.0,0.0,-3245.0,-0.011,0.0,0.0,0.0,-195409.0,0.0,195409.0,195409.0,0.0,-7329175.0,2250440.4,2400440.4,-0.3386426496787029,0.0,0.0,0.0,0.0171462340797228,-0.3386426496787029,0.03249594440378897,0.0,-88.6000157480315,-11.516564743691436,0.0,0.0,0.0,0.0,0.0,0.0,-295.2946332502296,0.0,0.5652173913043479,0.0,0.0,0.0,0.0,0.5657525815496136,0.7193634869843466,0.9106552617328704,0.0,0.7574820581091646,Aerospace & Defense,Industrials,POWW
2011Q1,2011,Q1,2010-08-16,2010-06-30,-14623.0,0.0,-11563.0,-0.0253,0.0,0.0,0.0,-189059.0,0.0,189059.0,189059.0,0.0,-7322825.0,2250440.4,2390440.4,-0.32763813696199195,0.0,0.0,0.0,0.06200890262732437,-0.32763813696199195,0.07734622525243443,0.0,-38.47432811324625,-11.90337619473286,0.0,0.0,0.0,0.0,0.0,0.0,-248.74990604620317,0.0,-1.5816326530612246,0.0,0.0,0.0,0.0,-1.5776485104882778,-3.1164115343538628,-0.12339032330517696,0.0,0.8068781495205973,Aerospace & Defense,Industrials,POWW
2010Q4,2010,Q4,2010-05-14,2010-03-31,-5673.0,0.0,-2809.0,-0.0098,0.0,0.0,0.0,-174436.0,0.0,174436.0,174436.0,0.0,-7308202.0,2250440.4,2390440.4,-0.3022965638192418,0.0,0.0,0.0,0.016691791657873045,-0.3022965638192418,0.03252195647687404,0.0,-99.17329455314648,-12.901238276502555,0.0,0.0,0.0,0.0,0.0,0.0,0.0,0.0,0.32876712328767127,0.0,0.0,0.0,0.0,0.32488397001071045,0.3577960676726109,0.9523611275091124,0.0,0.8206228445723089,Aerospace & Defense,Industrials,POWW
2010Q3,2010,Q3,2010-04-15,2009-12-31,-8403.0,0.0,-4374.0,-0.0146,0.0,0.0,0.0,-168763.0,0.0,168763.0,168763.0,0.0,-294.0,2250440.4,2385452.4,-0.2924652881276038,0.0,0.0,-0.8000094807511126,0.13275588607046768,-0.2924652881276038,0.04979171974899711,0.0,-66.95348089967868,-13.33491582870653,0.0,0.0,0.0,0.0,0.0,0.0,-217.68624492164827,0.0,-0.3518518518518518,0.9320423682404564,0.0,0.0,0.0,-0.3472823472823473,-0.2532951289398281,0.9320423682404564,0.0,0.0,Aerospace & Defense,Industrials,POWW
2010Q2,2010,Q2,2009-11-19,2009-09-30,-6237.0,0.0,-3490.0,-0.0108,0.0,0.0,0.0,-160360.0,0.0,160360.0,160360.0,0.0,-7294126.0,2250440.4,2380440.4,-0.2779029384648445,0.0,0.0,0.0,0.022484536924601443,-0.2779029384648445,0.03889373908705413,0.0,-90.20524290524291,-14.033676727363432,0.0,0.0,0.0,0.0,0.0,0.0,0.0,0.0,-0.42105263157894746,0.0,0.0,0.0,0.0,-0.41589103291713964,-1.0675355450236967,0.0,0.0,0.0,Aerospace & Defense,Industrials,POWW
2010Q1,2010,Q1,2009-08-18,2009-06-30,-4405.0,0.0,-1688.0,-0.0076,0.0,0.0,0.0,-154123.0,0.0,154123.0,154123.0,0.0,-7287889.0,2250440.4,2380440.4,-0.26709425408466714,0.0,0.0,0.0,0.011473208895194762,-0.26709425408466714,0.028581068367472734,0.0,-127.72079455164585,-14.601587044114117,0.0,0.0,0.0,0.0,0.0,0.0,-40186.43571428571,0.0,0.5801104972375691,0.0,0.0,0.0,0.0,0.5772958449285097,0.7863831941280689,0.0,0.0,0.0,Aerospace & Defense,Industrials,POWW
2009Q4,2009,Q4,2009-05-13,2009-03-31,-10421.0,0.0,-7902.0,-0.0181,0.0,0.0,0.0,-149718.0,0.0,149718.0,149718.0,0.0,-7283484.0,2250440.4,2380440.4,-0.25946041494811417,0.0,0.0,0.0,0.05381198543487763,-0.25946041494811417,0.06960418920904635,0.0,-53.988110546012855,-15.031194645934356,0.0,0.0,0.0,0.0,0.0,0.0,-248.42039960260513,0.0,-4.65625,0.0,0.0,0.0,0.0,-4.569748797434527,-14.484641638225256,0.0,0.0,0.0,Aerospace & Defense,Industrials,POWW
2009Q3,2009,Q3,2009-04-15,2008-12-31,-1871.0,0.0,586.0,-0.0032,0.0,0.0,0.0,-139297.0,0.0,139297.0,139297.0,0.0,29172.0,2250440.4,2367599.4,-0.24140088313380795,0.0,0.0,-0.841073389950968,-0.02963852390145726,-0.24140088313380795,0.013431732198109076,0.0,-300.70021378941743,-16.155698974134403,0.0,0.0,0.0,0.0,0.0,0.0,-783.0342379958246,0.0,0.6952380952380953,0.984868650598345,0.0,0.0,0.0,0.6918135397792785,1.162913539060328,0.984868650598345,0.0,0.0,Aerospace & Defense,Industrials,POWW
2009Q2,2009,Q2,2008-11-19,2008-09-30,-6071.0,0.0,-3597.0,-0.0105,0.0,0.0,0.0,-137346.0,0.0,137346.0,137346.0,0.0,-7271112.0,2250440.4,2364725.4,-0.23801981158887833,0.0,0.0,-0.8320955834170635,0.1612911188399778,-0.23801981158887833,0.044202233774554775,0.0,-92.67173447537473,-16.385190686295925,0.0,0.0,0.0,0.0,0.0,0.0,-874.9768273716951,0.0,0.054054054054054036,0.0,0.0,0.0,0.0,0.051258009063916234,0.11924583741429971,0.0,0.0,0.0,Aerospace & Defense,Industrials,POWW
2009Q1,2009,Q1,2008-08-08,2008-06-30,-6399.0,0.0,-4084.0,-0.0111,0.0,0.0,9.0,-131275.0,9.0,131284.0,131284.0,0.0,-7265041.0,2250440.4,2362234.4,-0.22749880423405125,6.855366990646233e-05,12422.555555555555,-0.8516701580651305,0.21615516771119614,-0.22749880423405125,0.04874500095219958,0.0,-87.92156586966713,-17.142947248143212,0.0,0.0,0.0,0.0,6.855366990646233e-05,-711.0,-330.2671558555914,0.0,0.8535620052770448,0.0,0.0,0.0,0.0,0.8536099926793558,0.795277958794927,0.0,0.0,0.0,Aerospace & Defense,Industrials,POWW
2008Q4,2008,Q4,2008-05-15,2008-03-31,-43712.0,0.0,-19949.0,-0.0758,0.0,0.0,89.0,-124876.0,89.0,124965.0,124965.0,0.0,-7258642.0,2250440.4,2355420.4,-0.21640937480503816,0.0007121994158364342,1180.5505617977528,-0.8413866555623178,2.0143383652244156,-0.21640937480503816,0.35004324289695377,0.0,-12.870838671303074,-18.021400429225793,0.0,0.0,0.0,0.0,0.0007121994158364342,-491.14606741573033,-184.50769861441339,0.0,-1.3295652173913044,0.0,0.0,0.0,0.0,-1.3285702473747905,-6.810884886452623,0.0,0.0,0.0,Aerospace & Defense,Industrials,POWW
2008Q3,2008,Q3,2008-04-11,2007-12-31,133037.0,0.0,-2554.0,0.23,0.0,0.0,500.0,-103020.0,500.0,103520.0,103520.0,0.0,-7302235.0,2250440.4,2339940.4,-0.17853305513000922,0.004829984544049459,0.0,0.0,0.024643114624024343,-0.17853305513000922,-1.2913706076490001,0.0,4.22897464615107,-21.844694234129296,0.0,0.0,0.0,0.0,0.004829984544049459,266.074,-32.60232083097918,0.0,2.9166666666666665,2.0759109194804712,0.0,0.0,0.0,7.129607445632142,0.7636279500231374,2.0759109194804712,0.0,0.0,Aerospace & Defense,Industrials,POWW
2008Q2,2008,Q2,2008-02-14,2007-09-30,-21704.0,0.0,-10805.0,-0.12,0.0,0.0,2500.0,-246057.0,2500.0,248557.0,248557.0,0.0,0.0,687230.7,687230.7,-1.3963612219302775,0.010058055094002583,0.0,0.0,0.08782517871875216,-1.3963612219302775,0.08820720402183234,0.0,-7.9159452174714335,-2.792973579292603,0.0,0.0,0.0,0.0,0.0,-8.6816,0.0,0.0,-4.3097345132743365,0.0,0.0,0.0,0.0,-5.912101910828025,-2.4410828025477707,0.0,0.0,0.0,Aerospace & Defense,Industrials,POWW
2008Q1,2008,Q1,2008-02-14,2007-06-30,-3140.0,0.0,-3140.0,-0.0226,0.0,0.0,1081.0,-236151.0,1081.0,237232.0,237232.0,0.0,-7358971.0,542864.4,542864.4,-1.6965358199948275,0.0045567208471032575,0.0,0.0,0.026593154380036503,-1.6965358199948275,0.013296577190018252,0.0,-43.22168789808917,-2.2988020376792813,0.0,0.0,0.0,0.0,0.0,-2.904717853839038,-72.38192000000001,0.0,0.8923809523809524,0.0,0.0,0.0,0.0,0.8906913597437861,0.8906913597437861,0.0,0.0,0.0,Aerospace & Defense,Industrials,POWW
2007Q4,2007,Q4,2008-02-14,2007-03-31,-28726.0,0.0,-28726.0,-0.21,0.0,0.0,1081.0,-234581.0,1081.0,235662.0,235662.0,0.0,-7357401.0,542864.4,542864.4,-1.6852567602517314,0.004587078103385357,0.0,0.0,0.12245663544788367,-1.6852567602517314,0.12245663544788367,0.0,-4.724503933718583,-2.314187423533875,0.0,0.0,0.0,0.0,0.0,-26.57354301572618,-91.20705645161291,0.0,0.0,0.0,0.0,0.0,0.0,0.042466666666666666,0.042466666666666666,0.0,0.0,0.0,Aerospace & Defense,Industrials,POWW
2007Q3,2007,Q3,2008-02-13,2006-12-31,-30000.0,0.0,-30000.0,-0.21,0.0,0.0,,,,,,,,,,,,,,,,,,,,,,,,,,,,,,,,,,,,,,Aerospace & Defense,Industrials,POWW
2007Q2,2007,Q2,2006-09-30,2006-09-30,0.0,0.0,0.0,0.0,0.0,0.0,,,,,,,,,,,,,,,,,,,,,,,,,,,,,,,,,,,,,,Aerospace & Defense,Industrials,POWW
2007Q1,2007,Q1,2006-06-30,2006-06-30,0.0,0.0,0.0,0.0,0.0,0.0,,,,,,,,,,,,,,,,,,,,,,,,,,,,,,,,,,,,,,Aerospace & Defense,Industrials,POWW
