Quarters,Year,Quarter,FillingDate,Date,NetIncome,Revenue,OperatingIncome,EPSDiluted,GrossProfit,GrossProfitRatio,TotalAssets,CommonStockEquity,CurrentAssets,CurrentLiability,TotalLiability,Inventory,RetainedEarnings,MarketCap,EnterpriseValue,bookValuePerShare,currentRatio,debtToAssets,debtToEquity,roic,shareholdersEquityPerShare,roe,priceToSalesRatio,peRatio,pbRatio,payoutRatio,inventoryTurnover,dividendYield,assetTurnover,quickRatio,returnOnAssets,priceToFreeCashFlowsRatio,grossProfitMargin,epsdilutedGrowth,fiveYNetIncomeGrowthPerShare,fiveYRevenueGrowthPerShare,fiveYShareholdersEquityGrowthPerShare,grossProfitGrowth,netIncomeGrowth,operatingIncomeGrowth,threeYNetIncomeGrowthPerShare,threeYRevenueGrowthPerShare,threeYShareholdersEquityGrowthPerShare,Industry,Sector,Symbol
2023Q1,2023,Q1,2023-05-04,2023-03-31,-131112000.0,682458000.0,-16270000.0,-7.61,41828000.0,0.0612902186,1943067000.0,-19541000.0,937780000.0,730256000.0,1969897000.0,172491000.0,-320198000.0,245346983.52,1284859983.52,-1.134164504522293,1.2841797944830307,0.589456256526409,-58.61281408320966,-0.013355829743050203,-1.134164504522293,6.70958497518039,0.3595048831136861,-0.46781946641039723,-12.555497851696433,0.0,3.713990874886226,0.0,0.35122720935510715,0.8406572489647466,-0.06747682915720353,219.84496731182796,0.06129021859220641,-0.47766990291262135,-3.410746967035394,-0.26333466075602463,-1.0228617059283123,-0.2298854807232021,-0.4793185151754485,-48.452887537993924,-0.1426751907625349,0.021186114010907756,-1.0269660455333802,Auto Parts,Consumer Cyclical,CPS
2022Q4,2022,Q4,2023-02-17,2022-12-31,-88630000.0,649337000.0,-329000.0,-5.15,54314000.0,0.0836453182,1963529000.0,107713000.0,945649000.0,631618000.0,1862337000.0,157756000.0,-189831000.0,156003424.26000002,1103715424.26,6.2555023047030645,1.4971850073937094,0.5778305286043649,10.533426791566477,-0.0002972710115582228,6.2555023047030645,-0.8228347553220131,0.24025032342219838,-0.4400412508744218,1.4483249399793898,0.0,3.771793148913512,0.0,0.3306989609015197,1.0373485239496025,-0.04513811611644137,-4.057411746989519,0.08364531822458908,-1.66839378238342,-4.217419300162715,-0.2837013326057513,-0.8651732642223964,0.40859462122980367,-1.6679711017459362,0.9722947368421052,-0.370469937160836,-0.13441862780013028,-0.8768155680086791,Auto Parts,Consumer Cyclical,CPS
2022Q3,2022,Q3,2022-11-02,2022-09-30,-33220000.0,657153000.0,-11875000.0,-1.93,38559000.0,0.0586758335,2102201000.0,181045000.0,1005183000.0,667512000.0,1926939000.0,195003000.0,-101740000.0,100554083.6,996096083.6,10.51476739826805,1.5058650630999892,0.5359711083764112,6.2234195918141895,-0.00823256188314525,10.51476739826805,-0.18349029246872325,0.15301472199016058,-0.7567285039133053,0.555409338009887,0.0,3.172228119567391,0.0,0.31260236295197275,1.0551226045374464,-0.01580248510965412,-4.131567244638014,0.05867583348170061,0.030150753768844248,-2.386229445555236,-0.2224740056949582,-0.7718315425522255,1.507739334027055,0.027261280782407544,0.692699842144761,-1.351041561063465,-0.11624686214529308,-0.8024338197235922,Auto Parts,Consumer Cyclical,CPS
2022Q2,2022,Q2,2022-08-05,2022-06-30,-34151000.0,605917000.0,-38643000.0,-1.99,15376000.0,0.0253764129,2140382000.0,227311000.0,999106000.0,645582000.0,1918669000.0,183568000.0,-69054000.0,85773748.72,971675748.72,13.224114684584348,1.5476051067099144,0.5309145750618347,4.999142144462873,-0.02793139473165564,13.224114684584348,-0.15023909973560454,0.1415602280840445,-0.6279007109601477,0.3773409501519944,0.0,3.2170149481391093,0.0,0.28308825247082064,1.107080123051758,-0.015955563072386145,6126.696337142857,0.02537641294104638,0.4487534626038781,-1.8772552430227825,-0.3073952415915874,-0.7012570092117268,-0.28623154767431064,0.4473053892215569,-0.20353183007350192,-1.2367293853473267,-0.2020709899552938,-0.7554693260025996,Auto Parts,Consumer Cyclical,CPS
2022Q1,2022,Q1,2022-05-06,2022-03-31,-61790000.0,612984000.0,-32108000.0,-3.61,21542000.0,0.0351428422,2283136000.0,275751000.0,1093850000.0,725261000.0,2012356000.0,196921000.0,-35807000.0,150286324.47,1041521324.47,16.09152581599496,1.508215663050957,0.5011291486797107,4.149199821578163,-0.021202269371509316,16.09152581599496,-0.2240789697952138,0.2451716920343761,-0.6080527774316232,0.5450073597919862,0.0,3.003448083241503,0.0,0.26848334921791783,1.0506424583701592,-0.027063652800358804,-3.375172916881892,0.03514284222752959,0.4110929853181077,-2.5340047071624183,-0.2964012124027674,-0.6162413291557879,-0.23053293327618232,0.41005174817162826,0.047522990210619995,-16.48076427744521,-0.287248001859958,-0.6574408307927759,Auto Parts,Consumer Cyclical,CPS
2021Q4,2021,Q4,2022-02-18,2021-12-31,-104738000.0,601349000.0,-33710000.0,-6.13,27996000.0,0.0465553281,2226493000.0,324883000.0,994897000.0,597615000.0,1895133000.0,158075000.0,25553000.0,383191794.63,1287208794.63,18.999958068073937,1.6647791638429423,0.5174177506958252,3.545975012542977,-0.02739521712094296,18.999958068073937,-0.3223868284890253,0.6372203073922131,-0.9146436695134527,1.1794762872480247,0.0,3.627094733512573,0.0,0.27008798141292156,1.2335567213005028,-0.047041692922456975,-15.857962035672902,0.046555328103979554,0.16027397260273973,-4.478977767127468,-0.29008491032536293,-0.5185256252253039,4.444813584348468,0.16118336750384418,0.5375349832629095,-2.791739815189501,-0.28364747941564156,-0.5941241372545244,Auto Parts,Consumer Cyclical,CPS
2021Q3,2021,Q3,2021-11-04,2021-09-30,-124864000.0,526690000.0,-72892000.0,-7.3,-8127000.0,-0.015430329,2318591000.0,393195000.0,1071638000.0,607629000.0,1912139000.0,198180000.0,129622000.0,374612053.06,1248741053.06,22.996864034751674,1.7636386676738602,0.4862478979690683,2.867305026767889,-0.06032180241593657,22.996864034751674,-0.31756253258561273,0.7112571969469708,-0.7500401498029856,0.9527385980493139,0.0,2.698642648097689,0.0,0.2271595119622219,1.2224186139897866,-0.05385339630836142,-5.267323580708662,-0.015430329036055365,-0.9261213720316622,-4.508504476435381,-0.3710901065210415,-0.4259719808219051,-7.710610932475884,-0.9350059663097212,-0.1108537291596818,-5.048994628763079,-0.36262555686313674,-0.5347928960095342,Auto Parts,Consumer Cyclical,CPS
2021Q2,2021,Q2,2021-08-05,2021-06-30,-64529000.0,533185000.0,-65618000.0,-3.79,-933000.0,-0.0017498617,2477297000.0,517996000.0,1152971000.0,628813000.0,1944128000.0,186422000.0,252795000.0,493902277.0,1302389277.0,30.414688693569236,1.8335673721758297,0.4617859707576443,2.2084745828153114,-0.029201399032105637,30.414688693569236,-0.12457432103722808,0.9263244033496816,-1.9134895822033504,0.9534866620591664,0.0,2.865101758376157,0.0,0.2152285333571227,1.331197033140218,-0.026048148445664773,-6.992613503794314,-0.0017498616802798278,-0.8487804878048782,-2.596780412036979,-0.3861101376996553,-0.2057803231238072,-1.013661922333509,-0.8589289315242128,-8.750767776990314,-2.6286314504602495,-0.3929131930823906,-0.36168589648012145,Auto Parts,Consumer Cyclical,CPS
2021Q1,2021,Q1,2021-05-07,2021-03-31,-34713000.0,668967000.0,8466000.0,-2.05,68292000.0,0.1020857531,2565361000.0,570046000.0,1245961000.0,661138000.0,1979415000.0,171086000.0,316406000.0,615667220.8,1353526220.8,33.628671497399296,1.884570241008685,0.4430978719954034,1.9940601284808595,0.004784412648355041,33.628671497399296,-0.060895085659753774,0.9203252489285719,-4.433981655287645,1.0800307708500718,0.0,3.5109535555217843,0.0,0.26076914711028976,1.4278834373459097,-0.013531428910005259,-13.471635649110521,0.10208575310889775,-0.2576687116564417,-2.1673203813546347,-0.2019092906914293,-0.06371696971805431,-0.14942271045846878,-0.2549891540130152,-0.3736312518496597,-1.6487417931279746,-0.26604481360761784,-0.32213643129558384,Auto Parts,Consumer Cyclical,CPS
2020Q4,2020,Q4,2021-02-22,2020-12-31,-27660000.0,696882000.0,13516000.0,-1.63,80289000.0,0.1152117575,2611944000.0,607110000.0,1259729000.0,671280000.0,1987833000.0,143742000.0,350270000.0,586910124.24,1284191124.24,35.863248614523506,1.8766073769514957,0.43481751523003553,1.8706972377328654,0.006102948809267105,35.863248614523506,-0.04556011266492069,0.8421944091539171,-5.304682973969631,0.9667278157829718,0.0,4.2895813332220225,0.0,0.2668058733265338,1.4690278274341557,-0.010589813564149921,-75.35115216844268,0.11521175751418461,-5.17948717948718,-2.3149887435800283,-0.15991052507783757,0.03626244985136995,-0.04967686954051559,-7.313627025793198,-0.28052805280528054,-2.021332761559038,-0.21806362950930977,-0.22702854070702905,Auto Parts,Consumer Cyclical,CPS
2020Q3,2020,Q3,2020-11-06,2020-09-30,4381000.0,683200000.0,18786000.0,0.39,84486000.0,0.123662178,2637991000.0,614703000.0,1254959000.0,680036000.0,2006656000.0,148800000.0,377449000.0,223617876.04000002,911178876.04,36.3129583993879,1.8454302419283686,0.43602385300025664,1.8711914534336094,0.015522587378352918,36.3129583993879,0.007127019064491307,0.32730953752927405,12.76066400593472,0.363781982583459,0.0,4.023615591397849,0.0,0.25898496242026603,1.3823885794281479,0.001660733489992953,2.5077984057239626,0.12366217798594847,1.0485074626865671,-0.8630671142880194,-0.15536196215695672,0.06362550249888618,2.3994467542363056,1.0322170255324157,1.1216056135626573,-0.8140518296312318,-0.1777962657802153,-0.21201569283232138,Auto Parts,Consumer Cyclical,CPS
2020Q2,2020,Q2,2020-08-05,2020-06-30,-135984000.0,340467000.0,-154483000.0,-8.04,-60371000.0,-0.1773182129,2488597000.0,590417000.0,1114677000.0,572481000.0,1882406000.0,144909000.0,373068000.0,224123365.75,985251365.75,34.90499628997295,1.9470986810042603,0.46177143185497693,1.9463582518796037,-0.06491773002545495,34.90499628997295,-0.23031857145034781,0.6582821998901509,-0.41203995644708197,0.3796018165974218,0.0,2.7661359887929664,0.0,0.13681082151911297,1.4641184598266144,-0.05464283690770342,-1.6420858085385421,-0.17731821292518804,-0.20720720720720706,-4.761850050485012,-0.6006799588827563,0.02923543871904136,-2.3993231810490694,-0.2094024315406576,-3.830915004065295,-4.5497105994290985,-0.6045150643642146,-0.21146910520400938,Auto Parts,Consumer Cyclical,CPS
2020Q1,2020,Q1,2020-05-11,2020-03-31,-112439000.0,654890000.0,-31978000.0,-6.66,43143000.0,0.0658782391,2484263000.0,710112000.0,1092538000.0,699662000.0,1756702000.0,168036000.0,507287000.0,173395773.59,791090773.59,42.05898499720174,1.5615225637522119,0.3701443848739043,1.294916858185751,-0.01631022941611274,42.05898499720174,-0.15833981118471452,0.26477083722457206,-0.3855329858634459,0.24418088074838898,0.0,3.6405710681044536,0.0,0.26361540625932117,1.110131749330391,-0.045260505832111976,-3.2951820297979895,0.06587823909358824,-0.771276595744681,-6.414318608979866,-0.17276590483139606,0.35321007754025285,-0.41610275010827197,-0.7756423416452158,-0.2762611749680715,-3.8332002877225473,-0.23704994568417728,0.0030434878673319256,Auto Parts,Consumer Cyclical,CPS
2019Q4,2019,Q4,2020-02-26,2019-12-31,-63323000.0,734535000.0,-25056000.0,-3.76,73888000.0,0.1005915307,2635582000.0,856175000.0,1202270000.0,719925000.0,1759600000.0,143439000.0,619448000.0,559075809.3599999,1091495809.36,50.78159799562822,1.6699934020904956,0.33842847613923605,1.0417916897830466,-0.01182360525163008,50.78159799562822,-0.07396034689169854,0.7611288901958381,-2.2072383232001007,0.6529924482261219,0.0,4.605769700011852,0.0,0.2786993536911392,1.2930041323749002,-0.024026192317294623,16.247952842570253,0.10059153069629086,-3.08695652173913,-4.182285330004943,-0.03191918635330481,0.578360400322428,0.05996442302174786,-3.571067638778604,-7.717426273458445,-3.133177643973891,-0.12055137591437784,0.28684695289349166,Auto Parts,Consumer Cyclical,CPS
2019Q3,2019,Q3,2019-11-07,2019-09-30,-13853000.0,729021000.0,3730000.0,-0.92,69708000.0,0.0956186447,2645447000.0,898418000.0,1227824000.0,696882000.0,1725042000.0,178916000.0,686714000.0,690084487.6800001,1258511487.68,53.221494607818045,1.7618822124836055,0.3370201708822743,0.9923765997564608,0.0019155651229355438,53.221494607818045,-0.015419325970761939,0.9465906848773905,-12.453701141990905,0.768110709803232,0.0,3.685042142681482,0.0,0.2755757344599986,1.3549094394746888,-0.005236544145469556,210.1353494762485,0.09561864473039872,-1.1100478468899522,-1.6178897887977886,-0.056250676415719944,0.3812614136464664,-0.2885341607299598,-1.0953432991961238,-0.9813923324436906,-1.3942544617495856,-0.11829889758297313,0.32846935483276835,Auto Parts,Consumer Cyclical,CPS
2019Q2,2019,Q2,2019-08-02,2019-06-30,145296000.0,764806000.0,200455000.0,8.36,97978000.0,0.1281083046,2704834000.0,936245000.0,1243135000.0,708717000.0,1745682000.0,184435000.0,701647000.0,787019840.14,1364276840.1399999,54.079574019924145,1.7540640340220426,0.32831441781639836,0.9485081362250266,0.07996001246033932,54.079574019924145,0.1551901478779593,1.0290450652060783,1.3541663916074773,0.8406131302597077,0.0,3.61551766204896,0.0,0.2827552448690012,1.3354752320037475,0.053717159722186276,-18.310877832995974,0.12810830458966066,40.80952380952381,9.762396626334858,-0.128390148536514,0.3749212813675891,-0.16648518052199954,41.170306884158144,21.066820783795684,2.5369645005046224,-0.13373532257288587,0.41218153624527193,Auto Parts,Consumer Cyclical,CPS
2019Q1,2019,Q1,2019-05-02,2019-03-31,-3617000.0,880038000.0,9084000.0,-0.21,117548000.0,0.1335715049,2814822000.0,823706000.0,1352410000.0,940055000.0,1960720000.0,186272000.0,565864000.0,867816800.5500001,1607932800.5500002,46.974441972273475,1.4386498662312313,0.3560740252847249,1.2167994405770992,0.013299397937471117,46.974441972273475,-0.004391129844871835,0.986112873023665,-59.98180816629804,1.053551631953634,0.0,4.093422521903453,0.0,0.31264428088170404,0.9635244746318035,-0.0012849835620156443,-14.115203079813277,0.1335715048668353,0.8703703703703703,-1.174095335261126,-0.0019842331653882185,0.2133965388635304,0.05276921974636383,0.8739413794305231,-0.7117654524685874,-1.117580694417703,0.01493581427501818,0.30785341547033657,Auto Parts,Consumer Cyclical,CPS
2018Q4,2018,Q4,2019-02-25,2018-12-31,-28693000.0,871987000.0,31516000.0,-1.62,111656000.0,0.1280477805,2623103000.0,831465000.0,1249724000.0,816349000.0,1763601000.0,175572000.0,576025000.0,1103356866.12,1669504866.12,46.81223943585133,1.5308697628097787,0.31684916680740327,0.9995946912978899,0.006954653156824489,46.81223943585133,-0.0345089691087418,1.2653363709780077,-9.613467275293626,1.3270033809240316,0.0,4.330593716537945,0.0,0.3324257568231213,1.0102211186637087,-0.010938571607748533,82.33392031340944,0.12804778052883817,-1.9152542372881356,-0.27821829331904907,0.029630460847386027,0.2613973103408579,-0.06685052860306716,-1.892306256997139,-0.24496298603291727,-2.3001067779759055,0.0018657073974641248,0.3526316715541285,Auto Parts,Consumer Cyclical,CPS
2018Q3,2018,Q3,2018-11-02,2018-09-30,32156000.0,861653000.0,41741000.0,1.77,119655000.0,0.138866806,2659924000.0,881320000.0,1306499000.0,782214000.0,1748769000.0,182743000.0,609962000.0,2084848184.52,2566621184.52,49.43360459779863,1.6702577555502713,0.28727512515395176,0.867029001951618,0.02632664915432746,49.43360459779863,0.03648617982117733,2.419591395283252,16.208858257556912,2.3655972683247857,0.0,4.060336100425188,0.0,0.3239389546468245,1.1237947671609048,0.012089067206431462,-28.343300902973205,0.13886680601123655,-0.2236842105263157,0.14243372852388966,-0.17480131896649745,0.07434361597718141,-0.2094936081656922,-0.23213219667120377,-0.32254033174278574,-0.04569130332892999,0.011457261733870247,0.4479360770438107,Auto Parts,Consumer Cyclical,CPS
2018Q2,2018,Q2,2018-08-01,2018-06-30,41877000.0,928262000.0,61614000.0,2.28,151365000.0,0.1630627991,2700283000.0,857700000.0,1388544000.0,781261000.0,1812164000.0,184916000.0,583522000.0,2352135657.93,2669147657.93,47.64846730763494,1.7773112954569599,0.2804317177125509,0.8828786288912207,0.03149620205573097,47.64846730763494,0.04882476390346275,2.5339135480392385,14.041930283508846,2.7423757233648125,0.0,4.201350883644466,0.0,0.3437647091064159,1.3672357893200864,0.015508374492599479,33.6562688043556,0.16306279908043203,-0.25732899022801303,0.20549641233915633,-0.06586234711977067,0.1978384531247761,-0.11420294943820225,-0.2626250176081138,-0.22894792826840532,0.0886142457865509,0.02306078554822088,0.4049991796661942,Auto Parts,Consumer Cyclical,CPS
2018Q1,2018,Q1,2018-05-02,2018-03-31,56792000.0,967391000.0,79909000.0,3.07,170880000.0,0.1766400556,2761159000.0,892554000.0,1437837000.0,793588000.0,1838200000.0,185960000.0,572084000.0,2209534641.28,2547575641.28,49.609793253342914,1.8118179710378686,0.274599543162853,0.849486977818709,0.04010197390934845,49.609793253342914,0.06362864319693823,2.284014055619703,9.72643436258628,2.4755192865417666,0.0,4.283238330823833,0.0,0.3503568610137989,1.38358190900064,0.020568174451380743,-28.17780806080547,0.17664005557215232,1.006535947712418,1.5344809969190691,0.1954717361248215,0.09604398003363358,-0.040776001437039695,0.9926318374793867,0.056606018934786055,1.5663446367303373,0.14673505867605505,0.5961505533140784,Auto Parts,Consumer Cyclical,CPS
2017Q4,2017,Q4,2018-02-20,2017-12-31,28501000.0,937914000.0,75628000.0,1.53,178144000.0,0.1899363908,2725648000.0,826569000.0,1426741000.0,826957000.0,1870559000.0,170196000.0,511367000.0,2182373270.0,2424667270.0,46.39660130184787,1.7252904322715692,0.27818925994845994,0.9173414439689851,0.021857194366008983,46.39660130184787,0.03448108990296031,2.3268372899860754,19.1429534928599,2.640279601581961,0.0,4.464088462713577,0.0,0.3441067958885373,1.3574611497332993,0.010456596009462703,13.675303255318482,0.1899363907565086,0.15909090909090906,3.318270026934753,0.25525017841258246,0.028252245515076876,0.1810991254997381,0.15669642857142857,0.7448722977182013,3.2074108432812025,0.1698370487341226,0.4420688023777649,Auto Parts,Consumer Cyclical,CPS
2017Q3,2017,Q3,2017-11-01,2017-09-30,24640000.0,869016000.0,43343000.0,1.32,150829000.0,0.1735629724,2635596000.0,815844000.0,1376042000.0,785732000.0,1791430000.0,179470000.0,502806000.0,2053093450.2,2435114450.2,46.08335225597419,1.75128669826353,0.2864646174906928,0.9254281455768505,0.021096807845597088,46.08335225597419,0.03020185231490334,2.362549654091524,20.83089945413961,2.5165269956021,0.0,4.001710592299549,0.0,0.32972276479399726,1.3440231529325521,0.009348929046788659,1909.8543722790698,0.173562972373351,-0.38317757009345793,1.0898861932655184,0.2525376605056413,0.1801331403196764,-0.12430910357640501,-0.3909432469843781,-0.4164680856792816,0.04793948669765425,0.07268622808082031,0.19600467351972053,Auto Parts,Consumer Cyclical,CPS
2017Q2,2017,Q2,2017-08-04,2017-06-30,40456000.0,909145000.0,74277000.0,2.14,172240000.0,0.1894527276,2587537000.0,790730000.0,1352547000.0,765407000.0,1769791000.0,168397000.0,495190000.0,1801861286.6100001,2154480286.61,44.26585758444328,1.7670951532975268,0.290934970205257,0.9520379902115766,0.03223310633726236,44.26585758444328,0.05116284951879908,1.9819294904663174,11.13469748992733,2.2787314084580075,0.0,4.375998384769325,0.0,0.3513553622614865,1.3781726584679785,0.015634945509957924,86.8450591194332,0.18945272756271,-0.027272727272727296,-0.48516947282072,0.21784352298371668,0.16235463746987444,0.012670135520475056,-0.02997170670886683,0.14983436019691013,1.9042579779146733,0.00415536780554872,0.1254169570273427,Auto Parts,Consumer Cyclical,CPS
2017Q1,2017,Q1,2017-05-03,2017-03-31,41706000.0,902051000.0,64598000.0,2.2,170085000.0,0.1885536405,2507070000.0,743988000.0,1318252000.0,739053000.0,1737670000.0,160587000.0,462110000.0,1968230324.42,2323245324.42,41.93136738929179,1.783704281019088,0.30391652406993025,1.0241294214422814,0.03351920193049456,41.93136738929179,0.05605735576380264,2.181950160711534,11.79824440380281,2.645513535729071,0.0,4.558065098669257,0.0,0.359802877462536,1.3896012870524848,0.016635355215450707,-35.96977876825235,0.18855364053695411,0.33333333333333354,0.7496468902712412,0.17628173028154792,0.1646963401291941,0.010095911155981827,0.3404255319148936,0.08253313894055939,0.983904940638698,0.010999087158508915,0.08312890848204589,Auto Parts,Consumer Cyclical,CPS
2016Q4,2016,Q4,2017-02-17,2016-12-31,31114000.0,875434000.0,59673000.0,1.65,168385000.0,0.1923445971,2491702000.0,697360000.0,1296181000.0,759342000.0,1769911000.0,146449000.0,425972000.0,1826897141.22,2109724141.22,39.46203383506108,1.7069792004129891,0.30618388555292725,1.0940102672937937,0.030408025770599287,39.46203383506108,0.04461684065618906,2.0868473708126483,14.679060400623513,2.619733195508776,0.0,4.827953758646355,0.0,0.3513397669544753,1.3585038098774993,0.012487047006423722,13.626239194015156,0.19234459707984838,-0.14948453608247425,0.3420423277161142,0.26072883672884156,0.16868949902371125,0.02254785270112709,-0.14432649469226116,0.021500590581508806,2.3931308331651753,0.038967035109087375,0.063339501378433,Auto Parts,Consumer Cyclical,CPS
2016Q3,2016,Q3,2016-11-02,2016-09-30,36362000.0,855656000.0,58417000.0,1.94,164672000.0,0.192451172,2463304000.0,699854000.0,1255397000.0,740224000.0,1739043000.0,161012000.0,395178000.0,1725952612.8,2145350612.8,40.062267461576276,1.6959690580148712,0.3165776534280787,1.1142709765179595,0.029423117720931206,40.062267461576276,0.05195655093776702,2.017110395766523,11.866458203619164,2.4661609604288897,0.0,4.291506223138648,0.0,0.3473611052472614,1.3150924584990489,0.014761474832176621,54.88798259818731,0.1924511719663042,-0.11818181818181828,1.352080980581023,0.22313155836252904,0.14958530455667146,-0.04238751810003431,-0.11123603744531078,-0.08410028064784184,0.31842728478166205,-0.16369490247397436,-0.1293242392679672,Auto Parts,Consumer Cyclical,CPS
2016Q2,2016,Q2,2016-07-29,2016-06-30,40913000.0,879304000.0,63781000.0,2.2,171961000.0,0.1955649013,2374455000.0,660294000.0,1235020000.0,695254000.0,1702740000.0,155803000.0,360044000.0,1361967460.23,1796342460.23,38.29505812950343,1.7763579929061897,0.32593626748032706,1.1720854649595482,0.032415935629029995,38.29505812950343,0.06196179277715684,1.5489153469448564,8.32233923343436,2.0626682360130486,0.0,4.539983183892479,0.0,0.3703182414490904,1.3266072543271956,0.017230480257574895,22.28532210144809,0.19556490133105275,0.34146341463414653,24.204338604485166,0.17746906703903184,0.016435657556176226,0.07593978376213835,0.33706983888362363,0.026011839649958176,0.2295424942293698,-0.07621435092030487,-0.037297613457178316,Auto Parts,Consumer Cyclical,CPS
2016Q1,2016,Q1,2016-05-04,2016-03-31,30599000.0,862497000.0,62164000.0,1.64,159824000.0,0.1853038329,2360625000.0,626481000.0,1220794000.0,711440000.0,1722499000.0,157596000.0,321119000.0,1253059429.76,1718427429.76,35.91720709417599,1.715947936579332,0.32976224516812286,1.2425676117871092,0.029404910039098727,35.91720709417599,0.048842662427112715,1.4528275805712947,10.237748208764993,2.000155519097946,0.0,4.4586981903093985,0.0,0.3653680698967435,1.3387552007196672,0.01296224516812285,-45.894569452441125,0.1853038329408682,0.41379310344827586,-0.3171908559679081,0.25562209750869636,-0.004734190851324674,0.038931322520882765,0.41237018232171707,1.2456469908243624,0.4085453940947976,0.09940219912405311,-0.20647041574719296,Auto Parts,Consumer Cyclical,CPS
2015Q4,2015,Q4,2016-02-23,2015-12-31,21665000.0,854402000.0,27682000.0,1.16,153835000.0,0.1800499063,2304292000.0,603429000.0,1189481000.0,681420000.0,1689493000.0,149645000.0,306713000.0,1352857533.02,1752526533.02,34.608268030620366,1.7455915588036748,0.33759263148941193,1.2891524934996494,0.02306794887108033,34.608268030620366,0.03590314684909078,1.5833969642159078,15.61109546526656,2.2419498118585617,0.0,4.681526278859969,0.0,0.3707872092599375,1.3740527134513223,0.009402020230075008,10.927237234221282,0.18004990625021944,-0.3483146067415731,1.0676958130196446,0.5097592957405315,-0.0681618625223816,0.03628880146583315,-0.338109495295124,-0.5164209349451471,2.8005668415097884,0.168358606869427,-0.23300353221226733,Auto Parts,Consumer Cyclical,CPS
2015Q3,2015,Q3,2015-11-04,2015-09-30,32732000.0,827531000.0,57244000.0,1.78,148448000.0,0.1793866332,2288894000.0,591267000.0,1126750000.0,660069000.0,1683651000.0,172356000.0,285149000.0,1004474102.0,1571161102.0,34.140736860929046,1.7070185086710632,0.3489331528677169,1.3507789205215242,0.029507124815669,34.140736860929046,0.0553590848127834,1.2138205118599787,7.671957885249909,1.698850268998608,0.0,3.9400020887001324,0.0,0.3615418625764234,1.2990566137782564,0.014300356416679847,51.21732112992046,0.17938663324999304,-0.101010101010101,0.5866902918929428,0.42697892817251787,-0.11183845531543549,-0.03578898141051456,-0.10313459009206488,-0.026098200006805267,1.8379633708593675,0.21926919648156284,-0.1257012992301857,Auto Parts,Consumer Cyclical,CPS
2015Q2,2015,Q2,2015-07-31,2015-06-30,36496000.0,860821000.0,58778000.0,1.98,153958000.0,0.1788501907,2260760000.0,579166000.0,1112572000.0,629891000.0,1669601000.0,182840000.0,252473000.0,1049768186.04,1648662186.04,33.91351966408654,1.7662928982951018,0.3555016896972699,1.3876919570554902,0.029312408907612914,33.91351966408654,0.06301474879395545,1.2194964877018566,7.190981107792635,1.8125514723585292,0.0,3.8660194705753663,0.0,0.3807662025159681,1.2996629575593237,0.01614324386489499,48.70184115240083,0.17885019069005054,0.7217391304347828,-0.8616844061636084,0.45988239347857446,0.021728286519409144,0.17640136927685066,0.7389812741220756,0.11345166606679422,-0.5142019605480173,0.20614724458635458,-0.10948213802751881,Auto Parts,Consumer Cyclical,CPS
2015Q1,2015,Q1,2015-05-08,2015-03-31,20987000.0,800050000.0,52789000.0,1.15,130872000.0,0.1635797763,2213360000.0,530321000.0,1077506000.0,622039000.0,1671436000.0,178946000.0,216011000.0,1010106038.4000001,1616052038.4,31.080898446790236,1.7322161472190651,0.361613113095023,1.5092368584310258,0.023366952245058307,31.080898446790236,0.03957414471612476,1.2625536383976004,12.032520588936007,1.9047068443452175,0.0,3.739552714226638,0.0,0.3614640185058011,1.2682822138161756,0.009481964072722015,-16.59857100320434,0.1635797762639835,2.5972222222222223,5.630277871689166,0.44491802741662945,2.8584795307769566,0.11089229933451039,2.6971534853630925,0.34930859085448457,-0.08444618225684215,0.08487333301476531,-0.13668904872994306,Auto Parts,Consumer Cyclical,CPS
2014Q4,2014,Q4,2015-02-24,2014-12-31,-12366000.0,767874000.0,39123000.0,-0.72,117808000.0,0.153421004,2132767000.0,548966000.0,1053998000.0,529202000.0,1584053000.0,166531000.0,195233000.0,987583403.76,1506187403.76,32.17363916710945,1.991674256711048,0.36847625643119947,1.4315531380814113,0.07381603055349899,32.17363916710945,-0.022525985215842148,1.2861268955062939,-19.965700383309073,1.7989882866334164,0.0,3.9035735088361925,0.0,0.36003651594384195,1.4518406959913228,-0.005798101714814605,22.17245692193709,0.15342100396679664,-1.5853658536585367,-1.3561236749775578,0.4317556020914992,2.901269589992378,0.05891975946716044,-1.5455748698491132,-0.26922071129707115,-1.5524232087676206,0.14530339324634928,-0.04716025542071254,Auto Parts,Consumer Cyclical,CPS
2014Q3,2014,Q3,2014-10-31,2014-09-30,22666000.0,780954000.0,53536000.0,1.23,111253000.0,0.1424578144,2165747000.0,657574000.0,1084016000.0,510343000.0,1507795000.0,181475000.0,210956000.0,1064922580.8,1606204580.8,38.53108041823579,2.124093011954705,0.362986535361702,1.1955110755595568,0.020058828432835,38.53108041823579,0.03446912438752141,1.3636175508416628,11.745815106326656,1.619471847731206,0.0,3.690320980851357,0.0,0.36059336570707473,1.55098629745093,0.010465673044912449,-118.94589308611639,0.1424578144167262,0.7083333333333334,1.2500150711572484,0.623859181472883,3.04970298617277,-0.23856162180290058,0.717902076701531,-0.11127342751373695,0.5007828868553839,0.1427149312420035,0.1056479481591575,Auto Parts,Consumer Cyclical,CPS
2014Q2,2014,Q2,2014-08-01,2014-06-30,13194000.0,857553000.0,60239000.0,0.72,146109000.0,0.1703789737,2236845000.0,665493000.0,1118661000.0,551639000.0,1571098000.0,186043000.0,188358000.0,1119395509.36,1704527509.36,39.33285108957872,2.0278859906569333,0.354301259139547,1.1908720302091833,0.03152892761649299,39.33285108957872,0.019825903503117238,1.3053368239164225,21.21031357738366,1.6820545210242632,0.0,3.824083679579452,0.0,0.3833761391602905,1.443327973547918,0.005898486484311609,337.37055737191076,0.17037897366110316,-0.3454545454545455,1.0410193483298984,1.078757990023318,2.9008099305496122,0.08826223940294506,-0.3314416012161135,0.2772512350783453,7.283178366110938,0.17024820202104202,0.0439809811907319,Auto Parts,Consumer Cyclical,CPS
2014Q1,2014,Q1,2014-05-06,2014-03-31,19735000.0,837606000.0,47163000.0,1.1,134259000.0,0.1602889664,2147913000.0,644830000.0,1024542000.0,580539000.0,1504030000.0,188589000.0,176339000.0,1176788790.0,1731887790.0,38.713182762388485,1.7648116663996734,0.3227058079168011,1.0749251740768886,0.022525506001018616,38.713182762388485,0.030604965649861204,1.404943123616593,14.907382695718267,1.8249597413271716,0.0,3.72952293081781,0.0,0.38996272195382214,1.248357130184191,0.009187988526537155,-19.630814232809527,0.16028896641141538,1.8730158730158732,1.3938763806146048,1.3000205122249107,13.682243775058296,0.2770517064262071,1.9374851550995202,2.2234980520811973,-0.5388436273170061,0.2769095221798042,0.07274229495914185,Auto Parts,Consumer Cyclical,CPS
2013Q4,2013,Q4,2014-02-28,2013-12-31,-21051000.0,794201000.0,14631000.0,-1.26,105132000.0,0.13237455,2102754000.0,618150000.0,995332000.0,570171000.0,1487182000.0,179766000.0,156775000.0,818005626.0,1318059626.0,37.11141529483808,1.7456727893912527,0.32548933446328004,1.1072134595162986,19.704394337672944,37.11141529483808,-0.03405484105799563,1.0299730496436041,-9.714569687900813,1.3233125066731375,0.0,3.833144198569251,0.0,0.3776956315384491,1.2387950281582192,-0.010011156797228776,12.5572691351202,0.1323745500194535,-1.8689655172413793,0.7999900149420259,0.851386042018543,43.93401356898317,-0.08603917273035495,-2.022091668285104,-0.5977068382413594,0.9311449493349871,0.46904751009613144,-0.0007638614881466259,Auto Parts,Consumer Cyclical,CPS
2013Q3,2013,Q3,2013-11-06,2013-09-30,20596000.0,764057000.0,36369000.0,1.45,115029000.0,0.1505502862,2093517000.0,600264000.0,1011968000.0,538413000.0,1493400000.0,186758000.0,167924000.0,652278750.0,1212278750.0,46.01284343541776,1.879538569833938,0.32444541888124145,1.1315554489358015,0.02329490837944601,46.01284343541776,0.034311569576053205,0.8537043047835436,7.917541634297922,1.0866531226260445,0.15032045057292678,3.475235331284336,0.004746437010250602,0.3649633606987667,1.2978809947010939,0.009837990329192454,-36.933285204688296,0.1505502861697491,-0.18539325842696633,1.890066183332216,0.7947913950238655,2.2532421891287675,-0.1303075666848122,-0.24919801691455234,-0.3335715463690836,0.32540934906871516,0.749067506304836,0.19701101553253297,Auto Parts,Consumer Cyclical,CPS
2013Q2,2013,Q2,2013-08-07,2013-06-30,27432000.0,784707000.0,54573000.0,1.78,132264000.0,0.1685520838,2027133000.0,565438000.0,1008925000.0,494730000.0,1461834000.0,169540000.0,149312000.0,660978388.5,1180407388.5,39.77870904322313,2.039344693064904,0.3353899324809966,1.2023953112454415,0.029878590163976166,39.77870904322313,0.0485146028388612,0.842325082483016,6.0237896298118985,1.1689670459007,0.0,3.848313082458417,0.0,0.38710188231359266,1.4513876255735452,0.013532412525473169,-13.22221221244249,0.16855208377139494,0.5213675213675215,2.0605944562805316,0.3249601044418144,1.1871424844821346,0.09933257420228903,0.32515337423312884,0.4923703784729818,-0.8750951688254713,0.5988526141464752,0.19843155866025652,Auto Parts,Consumer Cyclical,CPS
2013Q1,2013,Q1,2013-05-08,2013-03-31,20701000.0,747577000.0,36568000.0,1.17,120313000.0,0.160937268,2055466000.0,752315000.0,1028361000.0,522160000.0,1303280000.0,162920000.0,216647000.0,691438592.0,960389592.0,45.262593615833346,1.969436571165926,0.23627926708590655,0.6455593734007696,0.021143132300205262,45.262593615833346,0.027516399380578614,0.9249061862523861,8.350304236510313,0.9190812252846216,0.07975460122699386,3.8501350356002946,0.0023877753123736547,0.36370195371755115,1.4453405086563504,0.010071195534248682,-14.535181669119194,0.1609372680004869,2.6956521739130435,0.4603610681113145,0.09323975579283982,1.7602369793386006,0.20662922475178017,2.8047951176983434,0.7406702208682406,5.71363410367865,0.38601198914391915,3.7064727195358524,Auto Parts,Consumer Cyclical,CPS
2012Q4,2012,Q4,2013-02-28,2012-12-31,-11470000.0,697108000.0,21008000.0,-0.69,99710000.0,0.143033791,2025977000.0,749975000.0,990472000.0,486916000.0,1275097000.0,143253000.0,201907000.0,631602560.0,844412560.0,45.12180887930536,2.0341742723590928,0.2385836561816842,0.6445081502716757,0.0190999456376841,45.12180887930536,-0.01529384312810427,0.9060325803175404,-13.76640278988666,0.8421648188272943,-0.14376634699215343,4.170230291861253,0.002610819056844861,0.34408485387543886,1.5816506337848828,-0.005661466048232532,9.442406338765137,0.14303379103381397,-2.078125,0.9168796157961298,0.08808156868168986,2.087464955833413,-0.03262736119061248,-1.986751548520303,-0.11039593478721152,-1.3390939159637147,0.33433221270472835,3.6664289551482163,Auto Parts,Consumer Cyclical,CPS
2012Q3,2012,Q3,2012-11-08,2012-09-30,11624000.0,684029000.0,23615000.0,0.64,103073000.0,0.1506851318,2025311000.0,681575000.0,998556000.0,461237000.0,1324226000.0,161573000.0,219214000.0,654533475.0,918891475.0,39.04928239155377,2.1649520745300137,0.2380849163412434,0.7074731320837766,0.013344913640281026,39.04928239155377,0.017054616146425557,0.9568797156260919,14.07719965158293,0.9603249458973702,0.14384033035099794,3.595625506736893,0.0025544911969552055,0.3377402285377406,1.6512118498732755,0.005739365460415709,-32.25256110180349,0.150685131770729,-0.8403990024937655,1.9568372869919683,0.19514346968623525,0.8837275498495009,-0.09938224680419758,-0.8496559573697553,-0.438967024612753,0.12823351162784874,0.3906898253305733,3.077269307195208,Auto Parts,Consumer Cyclical,CPS
2012Q2,2012,Q2,2012-08-09,2012-06-30,77316000.0,734501000.0,42092000.0,4.01,114447000.0,0.1558159894,2023359000.0,669330000.0,1013295000.0,471102000.0,1335221000.0,154461000.0,213164000.0,650297052.0,884125052.0,38.08291906573182,2.150903625966351,0.24013781044293178,0.7259274199572707,0.093423718047206,38.08291906573182,0.11551252745282596,0.885358974324065,2.102724701226137,0.9715641791044777,0.023384551709866003,4.014307818802157,0.002780267870566942,0.3630107163385242,1.655320928376445,0.03821170637538865,-22.072400108614488,0.15581598935876192,2.2079999999999997,7.3458097562705,0.23070159006234592,0.9943572948230635,-0.05927271531670749,2.250346828099382,0.06049230304099166,1.2313980297335465,0.7140100141407886,2.8404053797066235,Auto Parts,Consumer Cyclical,CPS
2012Q1,2012,Q1,2012-05-09,2012-03-31,23787000.0,765264000.0,39691000.0,1.25,121658000.0,0.1589752033,2064409000.0,637448000.0,1058488000.0,524775000.0,1406709000.0,159444000.0,144222000.0,774456853.32,969633853.32,36.0019740292483,2.01703206135963,0.23790392310826003,0.7704644143522296,0.026365834083553575,36.0019740292483,0.03731598499014822,1.0120126561813962,8.139496923950057,1.2149333801659115,0.06957581872451339,4.036564561852437,0.002136981541199127,0.37069398554259353,1.576683340479253,0.01152242603088826,-12.138822152351098,0.15897520332852452,-0.045801526717557293,4.281850992982204,0.37824757025028716,1.0144030929093213,0.2470580999630981,0.02402169701666021,0.7320968797730744,1.4466120003111387,0.9768381829314446,12.79406544340853,Auto Parts,Consumer Cyclical,CPS
2011Q4,2011,Q4,2012-03-12,2011-12-31,23229000.0,695733000.0,22915000.0,1.31,97556000.0,0.1402204581,2003788000.0,597859000.0,1005521000.0,482983000.0,1388241000.0,139726000.0,124674000.0,610854171.0,737761171.0,33.766054942759816,2.0818972924512873,0.24386412135415522,0.8173365291816298,0.029308370005748343,33.766054942759816,0.03885364274854104,0.8780008580878009,6.574262462869689,1.0217361802699299,0.07361487795428129,4.281071525700299,0.0027993588014642535,0.3472088863692167,1.6474534300379102,0.011592543722190173,6.902229025660727,0.1402204581355204,2.1190476190476195,4.462336701595583,0.3728745278393097,0.9347408629826662,-0.10135502353558894,0.4835227998467237,-0.3201507150062303,1.207623911236361,0.5257278257466144,39.88349525112394,Auto Parts,Consumer Cyclical,CPS
2011Q3,2011,Q3,2011-11-10,2011-09-30,15658000.0,708544000.0,33706000.0,0.42,108559000.0,0.153214197,2020057000.0,616605000.0,1018335000.0,504390000.0,1385598000.0,160471000.0,107290000.0,743125236.0,948871236.0,34.849321144572194,2.01894367453756,0.2435802554086345,0.797992231655598,0.015330070100514369,34.849321144572194,0.025393890740425393,1.0488060529762442,11.864945012134372,1.205188469117182,0.11425469408609018,3.738899863526743,0.0024074004129231324,0.3507544589088328,1.5570927258668887,0.0077512664246602945,-134.08972140021652,0.15321419700117425,3.895104895104895,1.6021669771105336,0.45586733043351535,1.0026864116378962,-0.12245772302518834,8.472474289171204,-0.37777367546612517,1.4989145999032694,0.22717232041969754,1.4639486140244042,Auto Parts,Consumer Cyclical,CPS
2011Q2,2011,Q2,2011-08-10,2011-06-30,1653000.0,760460000.0,54170000.0,0.0858,123708000.0,0.1626752229,2146059000.0,661522000.0,1088691000.0,563953000.0,1458670000.0,163551000.0,94484000.0,807679914.0,995568914.0,37.675831071861964,1.9304640634946528,0.23361799465904712,0.7578856031998936,0.009397251027269505,37.675831071861964,0.002498783109254114,1.062093882649975,122.15364700544464,1.220941879483978,1.118572292800968,3.8932932235204922,0.0022892732231545873,0.35435186078295144,1.5160554159655149,0.000770249093804038,42.97998690932312,0.16267522289140784,-0.962857142857143,-0.9137890201691933,0.343307970734889,0.9590698683350749,0.02436116125399533,-0.9632135306553912,0.05362456966136969,-0.8506951124307587,0.039500029639342155,1.0715204881562088,Auto Parts,Consumer Cyclical,CPS
2011Q1,2011,Q1,2011-05-10,2011-03-31,44935000.0,688772000.0,51413000.0,2.31,120766000.0,0.1753352343,1947730000.0,631169000.0,943846000.0,448550000.0,1313874000.0,135672000.0,78935000.0,788785154.3000001,1004289154.3000001,36.088054833209476,2.104215806487571,0.2439773479897111,0.752891856222343,0.036510477656648915,36.088054833209476,0.07119329371372803,1.1452050232878226,4.388478659730723,1.2497210007145474,0.03934572159786358,4.186611828527625,0.002241421495272683,0.35362806959896903,1.693017500836027,0.02307044610906029,-20.894417480331647,0.17533523430104592,1.2328629032258065,7.612260499829082,0.3392291476299078,1.041114612118186,0.24758264462809917,1.1316198008201523,1.1727616391404425,2.0125326735619598,-0.04277712691324588,1.2007484659071481,Auto Parts,Consumer Cyclical,CPS
2010Q4,2010,Q4,2011-03-21,2010-12-31,-341400000.0,603700000.0,-297595000.0,-9.92,96800000.0,0.160344542,1853800000.0,690800000.0,858300000.0,408500000.0,1163000000.0,122000000.0,35800000.0,837000000.0,1019200000.0,37.13978494623656,2.1011015911872706,0.24641277376200238,0.6612623045744065,-0.2590917763712551,37.13978494623656,-0.49420961204400693,1.386450223621004,-0.6129173989455184,1.211638679791546,-0.005272407732864676,4.1549180327868855,0.0021505376344086026,0.32565541050814545,1.6533659730722154,-0.18416226130111124,14.090909090909093,0.16034454199105516,-10.185185185185185,-124.50442031159567,0.35091555344221387,1.185840078877613,-0.051826311819847,-17.38746219939519,-11.316324054494402,-1.210828129172655,-0.15796546553357246,1.5412940512960216,Auto Parts,Consumer Cyclical,CPS
2010Q3,2010,Q3,2010-11-12,2010-09-30,20833000.0,585650000.0,28847000.0,1.08,102091000.0,0.1743208401,1862500000.0,672300000.0,859900000.0,415800000.0,1190100000.0,123900000.0,22900000.0,631377917.3000001,876077917.3000001,38.439782790927204,2.068061568061568,0.2458523489932886,0.6810947493678418,0.021068267218687892,38.439782790927204,0.030987654320987653,1.0780806237513876,7.576656234099746,0.9391312171649562,0.06720107521720348,3.902816787732042,0.0022173724510146085,0.31444295302013425,1.6248196248196247,0.011185503355704698,15.719604563674842,0.17432084009220525,-0.9300970873786407,20.755293957443005,0.44222410827512004,1.2178139837417612,-0.037785108388312914,-0.9259139402560456,-0.9169856170178478,2.711404668088104,0.02117949269980488,0.8543254425889878,Auto Parts,Consumer Cyclical,CPS
2010Q2,2010,Q2,2010-08-16,2010-06-30,281200000.0,628400000.0,347494000.0,15.45,106100000.0,0.1688415022,1748500000.0,604100000.0,789500000.0,384100000.0,1144400000.0,115100000.0,4000000.0,591500000.0,875900000.0,33.19230769230769,2.055454308773757,0.2621103803259937,0.7586492302598907,0.29217283922857884,33.19230769230769,0.4654858467141202,0.9412794398472311,0.525871266002845,0.9791425260718424,0.0,4.537793223284101,0.0,0.3593937660852159,1.5948971621973445,0.16082356305404633,-47.6478169808281,0.16884150222788033,80.3157894736842,5.421007563864706,-0.7740995459253485,-0.6654633555420957,0.015272142693102656,81.48753300088002,5.780635341867,28.312515709770306,0.01679925615427963,0.738241778785595,Auto Parts,Consumer Cyclical,CPS
2010Q1,2010,Q1,2010-05-17,2010-03-31,3409000.0,596324000.0,51248000.0,0.19,104504000.0,0.1752470134,1686414000.0,-307319000.0,914627000.0,481481000.0,1990748000.0,115576000.0,-632869000.0,578847528.0,465983528.0,-16.72383146119266,1.8996118226887457,0.09038646500799923,-0.4959960171678289,-0.11077221628106167,-16.72383146119266,-0.011092708228257933,0.9706929924001046,42.449950718685834,-1.8835396705052407,0.0,4.255381740153665,0.0,0.35360474948618786,1.4090524859755629,0.0020214490629228647,-8.417763804260888,0.17524701336857146,-0.9068627450980392,-0.378146661802262,0.10354552705456073,-1.9458879655278545,0.14688323090430203,-0.9088429553172714,0.36268878961922996,-0.2706461275139067,0.034815821303194355,-1.9357414066615308,Auto Parts,Consumer Cyclical,CPS
2009Q4,2009,Q4,2010-03-31,2009-12-31,37397000.0,577603000.0,37608000.0,2.04,91120000.0,0.1577554133,1737407000.0,-310964000.0,945979000.0,518146000.0,2043907000.0,111575000.0,-636278000.0,578847528.0,402856528.0,-16.92218680425979,1.8256997062603977,0.11756773168290446,-0.6568702486461455,-0.9919087491180246,-16.92218680425979,-0.12026150937085965,1.0021546425486016,3.86961205444287,-1.8614615453878907,0.0,4.360143401299574,0.0,0.3324511758039423,1.4200572811524166,0.021524605345782537,7.311819821640603,0.15775541332022167,2.4576271186440684,12.693518857561331,0.308265176001069,-1.9959452967363802,0.11031230579892039,2.4476813865584957,0.5141925353303539,6.37081717650438,0.09820269111498561,-1.9696141985413567,Auto Parts,Consumer Cyclical,CPS
2009Q3,2009,Q3,2009-11-13,2009-09-30,10847000.0,517842000.0,24837000.0,0.59,82067000.0,0.158478841,1651233000.0,-345441000.0,854187000.0,455259000.0,1992649000.0,114174000.0,-673675000.0,578847528.0,479206528.0,-18.798372582840155,1.876266037574216,0.0932721184714695,-0.4458474819144224,-0.09584300172977424,-18.798372582840155,-0.03140044175416352,1.1178072230525913,13.341189453305061,-1.675676969439065,0.0,3.81676213498695,0.0,0.3136092846981619,1.5200490270373568,0.00656903053657479,11.0256672,0.15847884103645513,1.0310362966859548,10.789711191335739,0.21372537530323085,-2.0845871271585557,0.4843815001718306,1.0310496244389484,51.17575757575757,1.4016514848552173,0.02449852510292623,-2.080286332591128,Auto Parts,Consumer Cyclical,CPS
2009Q2,2009,Q2,2009-08-14,2009-06-30,-349344000.0,448046000.0,-495000.0,-19.01,55287000.0,0.123395812,1375814000.0,-380251000.0,587797000.0,1463766000.0,1751851000.0,108055000.0,-684522000.0,578847528.0,1642596528.0,-20.692679713750113,0.4015648676086205,0.8362380379906005,-3.025654107418521,-0.0005898188904091577,-20.692679713750113,0.9187194773978241,1.2919377206804659,-0.4142389220939819,-1.5222774640960839,0.0,3.634806348618759,0.0,0.325658846326611,0.30215826846640786,-0.2539180441542243,-80.5297061769616,0.1233958120371569,-5.3156146179401995,-8.900578864447608,-0.8404777411058824,-1.2085561419968516,0.4613818989215479,-5.319879877706822,0.965979381443299,-18.408880251158617,-0.2437774165835414,-2.0759790605546122,Auto Parts,Consumer Cyclical,CPS
2009Q1,2009,Q1,2009-05-15,2009-03-31,-55277000.0,401768000.0,-14550000.0,-3.01,37832000.0,0.094163796,1733017000.0,-56094000.0,587025000.0,456079000.0,1785019000.0,106602000.0,-335182000.0,578847528.0,1646189528.0,-3.0525499626906933,1.2871125397135146,0.6668607405466882,-20.602577815809177,-0.012375868439032793,-3.0525499626906933,0.9854351624059614,1.4407507018976125,-2.61794022830472,-10.319241416194245,0.0,3.41396971914223,0.0,0.2318315400252854,0.9702485753564624,-0.03189639801571479,-14.254168484818637,0.09416379602158459,0.5237341772151899,-11.083363735862825,-0.2564959999703907,-1.1726500461680518,0.08332856079262356,0.5239460879300694,0.11796799224054316,-11.083363735862825,-0.2564959999703907,-1.1726500461680518,Auto Parts,Consumer Cyclical,CPS
2008Q4,2008,Q4,2009-03-31,2008-12-31,-116115000.0,473261000.0,-16496000.0,-6.32,34922000.0,0.0737901496,1818251000.0,15177000.0,623554000.0,451665000.0,1803074000.0,116952000.0,-280216000.0,578847528.0,1611421528.0,0.8259092021206662,1.3805674559684722,0.6292283078628859,75.38347499505831,-0.01659524444452321,0.8259092021206662,-7.650721486459775,1.2231042236736178,-1.2462806872497092,38.139785728404824,0.0,3.7480248306997743,0.0,0.2602836462072618,1.0263646729323725,-0.06386082009579536,20.866889978370583,0.07379014962145623,-2.570621468926554,-43.51739289637495,0.07193156105394513,-0.9513916023444255,-0.4411049228602522,-2.562356189599632,-5.866076696165192,-43.51739289637495,0.07193156105394513,-0.9513916023444255,Auto Parts,Consumer Cyclical,CPS
2008Q3,2008,Q3,2008-11-12,2008-09-30,-32595000.0,599656000.0,3390000.0,-1.77,62484000.0,0.1041997412,2010933000.0,259906000.0,693371000.0,445945000.0,1751027000.0,148097000.0,-160675000.0,578847528.0,1644031528.0,14.143688284006975,1.5548352375292918,0.5465458073441531,4.228709610397606,0.0024206380264730964,14.143688284006975,-0.12541072541611198,0.9652993182758115,-4.439695720202486,2.2271418435896058,0.0,3.6271632781217718,0.0,0.2981979011732365,1.1666348989225128,-0.0162088940805089,29.6647121406242,0.10419974118494603,-3.8095238095238093,-28.417870036101082,0.40548218115339096,-0.18396860282574565,-0.4704252091296646,-3.8130663674807974,-0.9148069963811821,-28.417870036101082,0.40548218115339096,-0.18396860282574565,Auto Parts,Consumer Cyclical,CPS
2008Q2,2008,Q2,2008-08-13,2008-06-30,11587000.0,765639000.0,39792000.0,0.63,117989000.0,0.1541052637,2218342000.0,334216000.0,816228000.0,526418000.0,1884126000.0,151228000.0,-128080000.0,578847528.0,1670954528.0,18.18752519575414,1.5505320866687688,0.5068276217102683,3.364043014098667,0.017458382873309947,18.18752519575414,0.03466919596907389,0.7560319262733481,12.489158712350047,1.7319563635493214,0.0,4.282606395641019,0.0,0.34514019930200124,1.2081273816624811,0.0052232703523622595,939.6875454545454,0.15410526370783098,-0.2588235294117647,-0.7379545453697375,-0.7274019569922879,-0.8166926594443676,-0.00948631200732041,-0.26065594691168964,-0.04080993130047005,-0.7379545453697375,-0.7274019569922879,-0.8166926594443676,Auto Parts,Consumer Cyclical,CPS
2008Q1,2008,Q1,2008-05-13,2008-03-31,15672000.0,756021000.0,41485000.0,0.85,119119000.0,0.1575604381,2252878000.0,301333000.0,836320000.0,577219000.0,1951545000.0,156304000.0,-139667000.0,578847528.0,1696416528.0,16.398082467063762,1.448878155431474,0.5144051297939791,3.8458847852707803,0.019451358810729246,16.398082467063762,0.05200890708949899,0.7656500652759646,9.233785222052067,1.920956310792379,0.0,4.074764561367592,0.0,0.33558008911268167,1.1288089962388625,0.006956435279673378,-165.33776863753212,0.1575604381359777,1.1024096385542168,1.858810653046333,0.3990776707114186,-0.07253616497383812,0.05071006439093235,1.1027247759941794,0.1610691295829835,1.858810653046333,0.3990776707114186,-0.07253616497383812,Auto Parts,Consumer Cyclical,CPS
2007Q4,2007,Q4,2008-03-31,2007-12-31,-152563000.0,708324000.0,35730000.0,-8.3,113370000.0,0.1600538737,2162255000.0,268558000.0,772269000.0,529016000.0,1893697000.0,155321000.0,-155339000.0,578847528.0,1678131528.0,14.614516933723522,1.459821631103785,0.5273018214780403,4.245492593778625,0.027595521752715076,14.614516933723522,-0.5680821275106308,0.8172072780253105,-0.9485385185136632,2.1553911184920946,0.0,3.8304801024974084,0.0,0.32758578428538726,1.1108756634960002,-0.0705573579434433,16.128828554710356,0.16005387365104104,-10.85714285714286,-56.86341999267667,0.6043469693297665,-0.13987124875892762,0.35839154554931163,-10.928303362001564,1.0728665080930557,-56.86341999267667,0.6043469693297665,-0.13987124875892762,Auto Parts,Consumer Cyclical,CPS
2007Q3,2007,Q3,2007-11-14,2007-09-30,-12790000.0,602570000.0,17237000.0,-0.7,83459000.0,0.13850507,2344617000.0,380933000.0,814957000.0,586011000.0,1963684000.0,152773000.0,-2776000.0,578847528.0,1698662528.0,20.72979311401672,1.3906854990776623,0.49788771470990784,3.064465404677463,0.025711490078757688,20.72979311401672,-0.03357545815143345,0.9606311764608261,-11.31445519937451,1.5195520682114703,0.0,3.397923716887146,0.0,0.2570014633520102,1.064664315174971,-0.005455048735038601,-100.98526308443824,0.1385050699503792,-2.320754716981132,-10.54332129963899,0.41231205540776483,0.1960219780219781,-0.21860722043292638,-2.3204625232294034,-0.5525181723779855,-10.54332129963899,0.41231205540776483,0.1960219780219781,Auto Parts,Consumer Cyclical,CPS
2007Q2,2007,Q2,2007-08-14,2007-06-30,9686000.0,623998000.0,38520000.0,0.53,106808000.0,0.1711672153,1993971000.0,350898000.0,660436000.0,405771000.0,1643073000.0,114428000.0,10014000.0,578847528.0,1537450528.0,19.095334203448477,1.627607690051778,0.5183540783692441,2.945536879663036,0.014756101164498395,19.095334203448477,0.0276034631146373,0.9276432424462899,14.94031406153211,1.6496176324743943,0.0,4.519785367217814,0.0,0.3129423647585647,1.2781519625601632,0.004857643365926586,24.86031300463838,0.17116721527953616,1.12,-0.7809465544533768,-0.7778318063203071,-0.8075430883431964,0.1426126212865197,1.0723149336756526,0.1960875640428505,-0.7809465544533768,-0.7778318063203071,-0.8075430883431964,Auto Parts,Consumer Cyclical,CPS
2007Q1,2007,Q1,2007-05-14,2007-03-31,4674000.0,576261000.0,32205000.0,0.25,93477000.0,0.1622129556,1963234000.0,328423000.0,632786000.0,389666000.0,1634811000.0,122669000.0,328000.0,578847528.0,1564790528.0,17.87227896738984,1.623918945969112,0.5282895467376787,3.1579883260307593,0.011663191833082192,17.87227896738984,0.014231646382866,1.0044884661637696,30.96103594351733,1.7625060607813703,0.0,3.935664267255786,0.0,0.29352639573275524,1.241221969584208,0.002380765614287446,23.456965109211005,0.1622129555878326,1.6578947368421053,-0.14739146296971908,0.06641733179611778,0.010843336411203497,0.1413692474877593,1.6712623869021974,0.3343138879681803,-0.14739146296971908,0.06641733179611778,0.010843336411203497,Auto Parts,Consumer Cyclical,CPS
