Quarters,Year,Quarter,FillingDate,Date,NetIncome,Revenue,OperatingIncome,EPSDiluted,GrossProfit,GrossProfitRatio,TotalAssets,CommonStockEquity,CurrentAssets,CurrentLiability,TotalLiability,Inventory,RetainedEarnings,MarketCap,EnterpriseValue,bookValuePerShare,currentRatio,debtToAssets,debtToEquity,roic,shareholdersEquityPerShare,roe,priceToSalesRatio,peRatio,pbRatio,payoutRatio,inventoryTurnover,dividendYield,assetTurnover,quickRatio,returnOnAssets,priceToFreeCashFlowsRatio,grossProfitMargin,epsdilutedGrowth,fiveYNetIncomeGrowthPerShare,fiveYRevenueGrowthPerShare,fiveYShareholdersEquityGrowthPerShare,grossProfitGrowth,netIncomeGrowth,operatingIncomeGrowth,threeYNetIncomeGrowthPerShare,threeYRevenueGrowthPerShare,threeYShareholdersEquityGrowthPerShare,Industry,Sector,Symbol
2023Q1,2023,Q1,2023-05-15,2023-03-31,726000.0,0.0,-1045000.0,0.2,0.0,0.0,348715000.0,331799000.0,647000.0,2011000.0,16916000.0,0.0,-15433000.0,346043950.0,345703950.0,9.732173760009386,0.321730482347091,0.0,0.0,-0.0015284324333140742,9.732173760009386,0.0021880716940075166,0.0,119.16113980716254,1.0429324681508987,0.0,0.0,0.0,0.0,173.2511188463451,0.002081929369255696,-782.9048642533936,0.0,-0.45945945945945943,-0.9436335403726708,0.0,0.03071656451627947,0.0,-0.724373576309795,-0.8237347294938918,-0.9436335403726708,0.0,0.03071656451627947,Shell Companies,Financial Services,HCVIU
2022Q4,2022,Q4,2023-03-28,2022-12-31,2634000.0,0.0,-573000.0,0.37,0.0,0.0,345562000.0,331073000.0,1099000.0,698000.0,14489000.0,0.0,-13326000.0,337179770.0,336447770.0,9.710879066083947,1.5744985673352436,0.0,0.0,-0.001409634800371673,9.710879066083947,0.00795594929215007,0.0,32.00263572513288,1.0184453881772297,0.0,0.0,0.0,0.0,494.5487106017192,0.0076223658851378336,-268.88338915470496,0.0,3.743589743589743,-0.5387848012607249,0.0,13159.181312348477,0.0,-0.009402030838661151,0.01206896551724138,-0.5387848012607249,0.0,13159.181312348477,Shell Companies,Financial Services,HCVIU
2022Q3,2022,Q3,2022-11-08,2022-09-30,2659000.0,0.0,-580000.0,0.078,0.0,0.0,344136000.0,328439000.0,1569000.0,977000.0,15697000.0,0.0,-13733000.0,331043030.0,329970030.0,9.633619804651982,1.6059365404298873,0.0,0.0,-0.001586889346631439,9.633619804651982,0.00809587168393522,0.0,31.124767769838286,1.0079285042275734,0.0,0.0,0.0,0.0,351.72978505629476,0.007726596461863914,-586.9557269503546,0.0,-0.9999999981855776,665.75,0.0,17285.263157894737,0.0,-0.3127423106745929,0.010238907849829351,665.75,0.0,17285.263157894737,Shell Companies,Financial Services,HCVIU
2022Q2,2022,Q2,2022-08-11,2022-06-30,3869000.0,0.0,-586000.0,42988888.89,0.0,0.0,343335000.0,325780000.0,1986000.0,792000.0,17555000.0,0.0,-15151000.0,332406750.0,331047750.0,9.555627254861701,2.507575757575758,0.0,0.0,-0.0017895093984220886,9.555627254861701,0.011876112714101541,0.0,21.478854355130526,1.0203411811652037,0.0,0.0,0.0,0.0,432.7121212121212,0.011268877335546915,-1345.7763157894738,0.0,113128653.9736842,0.0,0.0,0.0,0.0,-0.699611801242236,-0.02626970227670753,0.0,0.0,0.0,Shell Companies,Financial Services,HCVIU
2022Q1,2022,Q1,2022-05-11,2022-03-31,12880000.0,0.0,-571000.0,0.38,0.0,0.0,343329000.0,321911000.0,2368000.0,568000.0,21418000.0,0.0,-19020000.0,337179770.0,335573770.0,9.442143548529023,4.169014084507042,0.0,0.0,-0.0037196865295689137,9.442143548529023,0.04001105895728944,0.0,6.544638392857143,1.0474316503629886,0.0,0.0,0.0,0.0,2.8274647887323945,0.03751503659754929,-936.6104722222223,0.0,1.2352941176470587,0.0,0.0,0.0,0.0,1.255296795657503,0.1361573373676248,0.0,0.0,0.0,Shell Companies,Financial Services,HCVIU
2021Q4,2021,Q4,2022-03-28,2021-12-31,5711000.0,0.0,-661000.0,0.17,0.0,0.0,343726.0,-25161.0,2790.0,419.0,27957.0,0.0,-25162.0,340589070.0,340587104.0,-0.0007380107353415657,6.658711217183771,0.0,0.0,59.418863312347696,-0.0007380107353415657,-226.97826000556418,0.0,14.909344685694274,-13536.388458328365,0.0,0.0,0.0,0.0,4.692124105011933,16.61497820938771,-298.76234210526314,0.0,426.00000000000006,0.0,0.0,0.0,0.0,1428.75,-164.25,0.0,0.0,0.0,Shell Companies,Financial Services,HCVIU
2021Q3,2021,Q3,2021-11-15,2021-09-30,-4000.0,0.0,-4000.0,-0.0004,0.0,0.0,1855000.0,19000.0,0.0,1836000.0,1836000.0,0.0,-6000.0,339225350.0,339199350.0,0.0005572991523186578,0.0,0.0,0.0,-0.21052631578947367,0.0005572991523186578,-0.21052631578947367,0.0,-21201.584375,17853.96578947368,,0.0,,0.0,0.014161220043572984,-0.00215633423180593,0.0,0.0,0.0,0.0,0.0,0.0,0.0,0.0,0.0,0.0,0.0,0.0,Shell Companies,Financial Services,HCVIU
