Quarters,Year,Quarter,FillingDate,Date,NetIncome,Revenue,OperatingIncome,EPSDiluted,GrossProfit,GrossProfitRatio,TotalAssets,CommonStockEquity,CurrentAssets,CurrentLiability,TotalLiability,Inventory,RetainedEarnings,MarketCap,EnterpriseValue,bookValuePerShare,currentRatio,debtToAssets,debtToEquity,roic,shareholdersEquityPerShare,roe,priceToSalesRatio,peRatio,pbRatio,payoutRatio,inventoryTurnover,dividendYield,assetTurnover,quickRatio,returnOnAssets,priceToFreeCashFlowsRatio,grossProfitMargin,epsdilutedGrowth,fiveYNetIncomeGrowthPerShare,fiveYRevenueGrowthPerShare,fiveYShareholdersEquityGrowthPerShare,grossProfitGrowth,netIncomeGrowth,operatingIncomeGrowth,threeYNetIncomeGrowthPerShare,threeYRevenueGrowthPerShare,threeYShareholdersEquityGrowthPerShare,Industry,Sector,Symbol
2023Q1,2023,Q1,2023-05-12,2023-03-31,-3764000.0,60000.0,-3800000.0,-0.75,60000.0,1.0,5334000.0,1143000.0,2443000.0,2270000.0,4191000.0,0.0,-403479000.0,13798912.559999999,14501912.559999999,0.22861801509958984,1.0762114537444933,0.4709411323584552,2.1977252843394575,-0.613250256371295,0.22861801509958984,-3.2930883639545057,229.98187599999997,-0.9165058820403825,12.072539422572177,0.0,0.0,0.0,0.01124859392575928,0.7969162995594714,-0.7056617922759655,-5.156544304932735,1.0,-0.1194029850746268,0.9202863341089793,-0.9515025784031782,-0.9952357066708064,-0.3103448275862069,-0.13957008779897062,-0.18601747815230962,0.6450843382014059,-0.8862172909057636,-0.9584099743942661,Agricultural Inputs,Basic Materials,YTEN
2022Q4,2022,Q4,2023-03-14,2022-12-31,-3303000.0,87000.0,-3204000.0,-0.67,87000.0,1.0,8085000.0,4400000.0,5018000.0,1610000.0,3685000.0,0.0,-399697000.0,8253552.2265,8547552.2265,0.8900167828846536,3.116770186335404,0.3277674706246135,0.6022727272727273,-0.34373394656324907,0.8900167828846536,-0.7506818181818182,94.86841639655172,-0.6247011978882834,1.8758073242045454,0.0,0.0,0.0,0.010760667903525046,2.7186335403726707,-0.4085343228200371,-2.6954775396799477,1.0,0.05633802816901398,0.9735571843832849,-0.9829090695682084,-0.9933421444880981,-0.21621621621621623,0.05331040412725709,0.08194842406876791,0.944425215713612,-0.9284504397477565,1.1240156139376807,Agricultural Inputs,Basic Materials,YTEN
2022Q3,2022,Q3,2022-11-14,2022-09-30,-3489000.0,111000.0,-3490000.0,-0.71,111000.0,1.0,11272000.0,7220000.0,7895000.0,1826000.0,4052000.0,0.0,-396394000.0,14724571.940000001,13648571.940000001,1.466107136286639,4.323658269441402,0.25248403122782115,0.3941828254847645,-0.27099023095329655,1.466107136286639,-0.4832409972299169,132.65380126126126,-1.0550710762396103,2.039414396121884,0.0,0.0,0.0,0.009847409510290986,4.096933187294633,-0.309528034066714,-5.407481432243849,1.0,-0.0142857142857143,0.9701663899985471,-0.9913811766023433,-0.9509547188629667,0.07766990291262135,-0.01336044147545745,-0.01571594877764843,0.8881268764446343,-0.9685077706869197,-0.8248684663246729,Agricultural Inputs,Basic Materials,YTEN
2022Q2,2022,Q2,2022-08-10,2022-06-30,-3443000.0,103000.0,-3436000.0,-0.7,103000.0,1.0,14273000.0,10271000.0,10704000.0,1627000.0,4002000.0,0.0,-392905000.0,11025670.5,10825670.5,2.0959949782645872,6.578979717271051,0.20878581937924753,0.29013727971959885,-0.21224849003146085,2.0959949782645872,-0.33521565572972445,107.04534466019417,-0.8005860078419983,1.0734758543471912,0.0,0.0,0.0,0.007216422616128354,6.282114320835895,-0.24122468997407692,-4.311955612045366,1.0,-0.029411764705882214,0.9816486529376518,-0.9948904145283457,-0.9333827138233496,-0.3087248322147651,-0.03362353647553287,-0.03462812405901837,0.8827012518521602,-0.9793537944532297,-0.8530083521731545,Agricultural Inputs,Basic Materials,YTEN
2022Q1,2022,Q1,2022-05-11,2022-03-31,-3331000.0,149000.0,-3321000.0,-0.68,149000.0,1.0,17104000.0,13211000.0,13375000.0,1376000.0,3893000.0,0.0,-389462000.0,25911249.5,26885249.5,2.702235567605491,9.720203488372093,0.18136108512628624,0.23480432972522897,-0.17151672885854655,2.702235567605491,-0.2521383695405344,173.9010033557047,-1.9447050060042028,1.9613389978048597,0.0,0.0,0.0,0.008711412535079514,9.392441860465116,-0.19474976613657624,-8.056980565920398,1.0,-0.11475409836065584,0.9768765464426412,-0.9933214681189266,-0.9579355353947769,-0.019736842105263157,-0.11778523489932886,-0.11855843718423711,0.9208376535108832,-0.9354617702793281,-0.8854627248082348,Agricultural Inputs,Basic Materials,YTEN
2021Q4,2021,Q4,2022-03-25,2021-12-31,-2980000.0,152000.0,-2969000.0,-0.61,152000.0,1.0,20415000.0,16026000.0,16624000.0,1733000.0,4389000.0,0.0,-386131000.0,24018500.28,21852500.28,3.2827994704422068,9.592613964223888,0.15493509674259123,0.19736677898415075,-0.13332140300644235,3.2827994704422068,-0.18594783476850119,158.01644921052633,-2.0149748557046983,1.498720846125047,0.0,0.0,0.0,0.0074455057555718835,9.341027120600115,-0.14597109968160665,-9.504748824693312,1.0,-0.24489795918367346,0.9776555015775986,-0.9935427042603515,-0.9635485039174639,0.0,-0.2427022518765638,0.03946942736978324,0.9177518512731301,-0.9421993621475002,-0.8559929592707977,Agricultural Inputs,Basic Materials,YTEN
2021Q3,2021,Q3,2021-11-10,2021-09-30,-2398000.0,92000.0,-3091000.0,-0.49,0.0,0.0,22946000.0,18488000.0,19054000.0,1666000.0,4458000.0,0.0,-383151000.0,29190755.52,17932755.52,3.7937736803052093,11.436974789915967,0.1464307504575961,0.18173950670705322,-0.1229273779943512,3.7937736803052093,-0.12970575508437907,317.2908208695652,-3.043239733110926,1.5789028299437473,0.0,0.0,0.0,0.00400941340538656,11.159663865546218,-0.10450623202301054,-14.573517483774339,0.0,0.23437500000000003,-1.0085198308210348,-0.9972192211545265,-0.9691863138430608,0.0,0.2244501940491591,-0.0032456994482310936,0.9531745483128974,-0.937832589163056,-0.8704334135922073,Agricultural Inputs,Basic Materials,YTEN
2021Q2,2021,Q2,2021-08-11,2021-06-30,-3092000.0,174000.0,-3081000.0,-0.64,0.0,0.0,25210000.0,20462000.0,21185000.0,1823000.0,4748000.0,0.0,-380753000.0,41525370.68,29336370.68,4.203234243109711,11.62095447065277,0.1369297897659659,0.1687029615873326,-0.11298691807352189,4.203234243109711,-0.1511093734727788,238.65155563218391,-3.3574846927554978,2.029389633466914,0.0,0.0,0.0,0.006902023006743356,11.341744377399891,-0.12264974216580722,-19.10090647654094,0.0,-0.06666666666666674,0.9862378621605008,-0.9991132459307267,-0.9296825904375178,0.0,-0.207340882467786,-0.2072884012539185,0.9336187859552301,-0.968673779904385,-0.8904175901628846,Agricultural Inputs,Basic Materials,YTEN
2021Q1,2021,Q1,2021-05-11,2021-03-31,-2561000.0,196000.0,-2552000.0,-0.6,0.0,0.0,27568000.0,23094000.0,22530000.0,1421000.0,4474000.0,0.0,-377661000.0,53873457.66,38865457.66,5.375536907760451,15.85503166783955,0.12964306442251886,0.15475881181259202,-0.08465038246252395,5.375536907760451,-0.11089460465921884,274.8645798979592,-5.259025542756736,2.332790233826968,0.0,0.0,0.0,0.007109692396982008,15.484166080225194,-0.09289756239117818,-19.676208056975895,0.0,0.2405063291139241,0.9937234219643619,-0.9953757068281702,-0.9487481209371301,-1.0,0.030658591975775928,0.022222222222222223,0.9368822930238566,-0.8156335311781063,-0.887976305719737,Agricultural Inputs,Basic Materials,YTEN
2020Q4,2020,Q4,2021-03-16,2020-12-31,-2642000.0,195000.0,-2610000.0,-0.79,195000.0,1.0,14522000.0,9532000.0,10342000.0,1814000.0,4990000.0,0.0,-375100000.0,19269768.6,19654768.6,2.8591396785117595,5.701212789415656,0.04441536978377634,0.06766680654637013,-0.18877204355355579,2.8591396785117595,-0.27717163239613934,98.81932615384616,-1.8234073239969721,2.0215871380612676,0.0,0.0,0.0,0.013427902492769591,5.410694597574421,-0.18193086351742185,-8.179018930390493,1.0,0.0919540229885057,0.9908585086231065,-0.9919510589843423,-0.9850206801691112,0.0,-0.21863468634686348,-0.18960802187784867,0.968635544269849,-0.943194958111744,-0.9786119326804382,Agricultural Inputs,Basic Materials,YTEN
2020Q3,2020,Q3,2020-11-12,2020-09-30,-2168000.0,204000.0,-2194000.0,-0.87,0.0,0.0,16646000.0,11872000.0,12361000.0,1476000.0,4774000.0,0.0,-372458000.0,19364968.98,20196968.98,4.763521185872821,8.374661246612465,0.03268052384957347,0.04582210242587601,-0.1357624015263549,4.763521185872821,-0.18261455525606468,94.92631852941177,-2.2330453159594095,1.6311463089622642,0.0,0.0,0.0,0.012255196443590051,8.125338753387535,-0.13024149945932956,-9.409605918367347,0.0,0.05434782608695657,0.989967129574556,-0.9922132322468425,-0.981927664701049,0.0,-0.2071269487750557,-0.02667290594291062,0.963369755323952,-0.9687009703397245,-0.8406472283089206,Agricultural Inputs,Basic Materials,YTEN
2020Q2,2020,Q2,2020-08-11,2020-06-30,-1796000.0,221000.0,-2137000.0,-0.92,0.0,0.0,13366000.0,8487000.0,8990000.0,1462000.0,4879000.0,0.0,-370290000.0,12256623.02,12796623.02,4.3346866354057125,6.149110807113543,0.03621128235822235,0.057028396370920234,-0.16688927690047586,4.3346866354057125,-0.21161776835159657,55.45983266968326,-1.7061000863028952,1.44416437139154,0.0,0.0,0.0,0.016534490498279215,5.863885088919289,-0.13437079156067636,-6.156013571069814,0.0,0.5660377358490567,0.9912706522487629,-0.9912320496522955,-0.9890895629667696,0.0,0.5011111111111111,0.1990254872563718,0.9760412997325161,-0.9725610989645103,-0.8622300801903582,Agricultural Inputs,Basic Materials,YTEN
2020Q1,2020,Q1,2020-05-15,2020-03-31,-3600000.0,179000.0,-2668000.0,-2.12,0.0,0.0,15046000.0,9329000.0,10509000.0,2187000.0,5717000.0,0.0,-368494000.0,6398161.25,6088161.25,5.496943360094277,4.805212620027435,0.035291771899508176,0.05691928395326402,-0.1923284250551106,5.496943360094277,-0.3858934505306035,35.74391759776536,-0.4443167534722222,0.6858357005038054,0.0,0.0,0.0,0.01189684966103948,4.549154092363969,-0.23926625016615713,-2.7459919527896997,0.0,0.8236272878535773,0.9795278912648013,-0.9907787609346176,-0.9767458264801894,0.0,0.473914949583516,-0.10476190476190476,0.9280088317170065,-0.9768875267450309,-0.9144315979777826,Agricultural Inputs,Basic Materials,YTEN
2019Q4,2019,Q4,2020-03-25,2019-12-31,-6843000.0,140000.0,-2415000.0,-12.02,0.0,0.0,16718000.0,-4085000.0,11684000.0,2207000.0,20803000.0,0.0,-364894000.0,3904760.02,2708760.02,-7.176651025022531,5.294064340734028,0.03905969613590143,-0.1598531211750306,-2.7721044103142174,-7.176651025022531,1.6751529987760099,27.891143,-0.14265526888791466,-0.955877605875153,0.0,0.0,0.0,0.00837420744108147,5.078840054372451,-0.40931929656657495,-1.1985144321669736,0.0,-0.8781249999999998,0.9047624686945771,-0.9857690192991728,-1.0189106816326514,0.0,-2.4525731584258326,-0.2087087087087087,0.5599404628823971,-0.9489911330929314,-1.0796879824916932,Agricultural Inputs,Basic Materials,YTEN
2019Q3,2019,Q3,2019-11-12,2019-09-30,-1982000.0,224000.0,-1998000.0,-6.4,0.0,0.0,9419000.0,2620000.0,3499000.0,1754000.0,6799000.0,0.0,-358051000.0,6284397.4399999995,9250397.44,8.371462897165205,1.9948688711516533,0.08992462044803058,0.3232824427480916,-0.21348434661822843,8.371462897165205,-0.7564885496183206,28.05534571428571,-0.7926838345105953,2.3986249770992365,0.0,0.0,0.0,0.02378171780443784,1.7280501710376284,-0.21042573521605265,-4.597218317483541,0.0,-0.06666666666666672,0.9811825826872134,-0.9734399181507294,-0.9919517967072262,0.0,-0.059326563335114914,-0.05268703898840885,-1.1096488348353681,-0.8945746089556914,-0.9320055300802875,Agricultural Inputs,Basic Materials,YTEN
2019Q2,2019,Q2,2019-08-12,2019-06-30,-1871000.0,318000.0,-1898000.0,-6.0,0.0,0.0,11156000.0,4454000.0,5017000.0,1506000.0,6702000.0,0.0,-356069000.0,11938322.76,14747322.76,14.259279416566889,3.3313413014608235,0.07753675152384368,0.194207453973956,-0.16678383128295254,14.259279416566889,-0.42007184553210597,37.54189547169811,-1.5951794174238376,2.680359847328244,0.0,0.0,0.0,0.0285048404446038,2.9887118193891102,-0.16771244173538902,-6.65458347826087,0.0,0.31818181818181823,0.9879340776151876,-0.9873151139364907,-0.9697156504465746,0.0,0.17212389380530974,0.16936542669584245,0.8702127414927486,-0.9747423514959483,-0.7614514126962411,Agricultural Inputs,Basic Materials,YTEN
2019Q1,2019,Q1,2019-05-15,2019-03-31,-2260000.0,124000.0,-2285000.0,-8.8,0.0,0.0,13095000.0,6195000.0,6738000.0,1502000.0,6900000.0,0.0,-354198000.0,12183804.799999999,12385804.799999999,23.592630111736526,4.486018641810919,0.07025582283314243,0.14850686037126715,-0.17010347651306484,23.592630111736526,-0.3648103309120258,98.25649032258063,-1.3477660176991149,1.9667158676351895,0.0,0.0,0.0,0.0094692630775105,4.120505992010653,-0.17258495609011074,-5.30653519163763,0.0,-0.15789473684210542,0.9846926264356711,-0.9935937050665999,-0.9744194151865119,0.0,-0.21505376344086022,-0.5597269624573379,0.9093778931075925,-0.9521344189624574,-0.7750612364848398,Agricultural Inputs,Basic Materials,YTEN
2018Q4,2018,Q4,2019-03-28,2018-12-31,-1860000.0,135000.0,-1465000.0,-7.6,0.0,0.0,8194000.0,5713000.0,6377000.0,1546000.0,2481000.0,0.0,-351923000.0,8320351.600000001,6232351.600000001,22.796103953106982,4.1248382923674,0.0975103734439834,0.1398564677052337,-0.1776618966771768,22.796103953106982,-0.325573253982146,61.63223407407408,-1.1183268279569893,1.4563892175739541,0.0,0.0,0.0,0.01647546985599219,3.835058214747736,-0.22699536246033683,-4.112877706376668,0.0,0.2692307692307693,0.9876056685175794,-0.9912800554613121,-0.9838992318044705,0.0,0.29277566539923955,0.4647424187066131,0.9143865002688919,-0.9258718831103553,-0.8805689226804332,Agricultural Inputs,Basic Materials,YTEN
2018Q3,2018,Q3,2018-11-08,2018-09-30,-2630000.0,76000.0,-2737000.0,-10.4,0.0,0.0,10137000.0,7328000.0,8264000.0,1809000.0,2809000.0,0.0,-350063000.0,14615709.6,11309709.6,29.28049418825344,4.568269762299613,0.0,0.0,-0.3734989082969432,29.28049418825344,-0.35889737991266374,192.31196842105263,-1.3893260076045626,1.9945018558951966,0.0,0.0,0.0,0.007497287165828154,4.355997788833609,-0.2594455953437901,-7.896115397082657,0.0,-0.08333333333333341,0.9791579769752632,-0.9948922514929491,-0.9850695746225128,0.0,-0.100418410041841,-0.1309917355371901,0.8787978280377154,-0.9711112084581757,-0.888912657666255,Agricultural Inputs,Basic Materials,YTEN
2018Q2,2018,Q2,2018-08-09,2018-06-30,-2390000.0,285000.0,-2420000.0,-9.6,0.0,0.0,12011000.0,9581000.0,10104000.0,1489000.0,2430000.0,0.0,-347433000.0,14087930.4,11860930.4,38.35683344943271,6.7857622565480185,0.0,0.0,-0.22999429766204144,38.35683344943271,-0.24945204049681663,49.4313347368421,-1.4736328870292887,1.4704029224506836,0.0,0.0,0.0,0.023728249104987095,6.531900604432505,-0.19898426442427775,-7.457877395447327,0.0,0.0,0.9825483311400804,-0.9904046938035934,-0.9840938379195014,0.0,-0.043668122270742356,-0.04898136107498916,0.9089454262952825,-0.9113703426907626,-0.9034555779128494,Agricultural Inputs,Basic Materials,YTEN
2018Q1,2018,Q1,2018-05-10,2018-03-31,-2290000.0,60000.0,-2307000.0,-9.6,0.0,0.0,14040000.0,11635000.0,12094000.0,1432000.0,2405000.0,0.0,-345043000.0,18912504.0,12302504.0,47.98571357869905,8.445530726256983,0.0,0.0,-0.18297906091370558,47.98571357869905,-0.19681993983669963,315.2084,-2.06468384279476,1.6254837988826814,0.0,0.0,0.0,0.004273504273504274,8.136871508379889,-0.1631054131054131,-6.23557665677547,0.0,0.6200514106583072,0.9800118621469204,-0.9981771342254195,-0.9834525244915935,0.0,0.10266457680250783,0.08778173190984578,0.9088503591078192,-0.9783654980508576,-0.7970020724368779,Agricultural Inputs,Basic Materials,YTEN
2017Q4,2017,Q4,2018-03-12,2017-12-31,-2552000.0,104000.0,-2529000.0,-25.266576240309693,0.0,0.0,16882000.0,13502000.0,14917000.0,2375000.0,3380000.0,0.0,-342753000.0,7151012.399999999,-6330987.600000001,133.67919764759463,6.280842105263158,0.0,0.0,-0.1743296339698077,133.67919764759463,-0.18900903569841504,68.75973461538462,-0.7005302115987461,0.5296261590875425,0.0,0.0,0.0,0.006160407534652293,6.149894736842105,-0.15116692335031395,-3.77760824088748,0.0,-0.0706176373012581,0.9620536750863983,-0.9894652058606649,-0.9596392739337332,0.0,-0.26024691358024693,-0.2759838546922301,0.7998395732517501,-0.9404233482099773,-0.6477514736598177,Agricultural Inputs,Basic Materials,YTEN
2017Q3,2017,Q3,2017-11-09,2017-09-30,-2025000.0,223000.0,-1982000.0,-23.6,0.0,0.0,5572000.0,2549000.0,3484000.0,1986000.0,3023000.0,0.0,-340201000.0,10880579.6,8966579.6,29.892929600919423,1.754279959718026,0.0,0.0,-0.5527049637479086,29.892929600919423,-0.7944291879168301,48.791836771300446,-1.3432814320987654,4.268567908983915,0.0,0.0,0.0,0.04002153625269203,1.6052366565961733,-0.36342426417803303,-5.362533070478068,0.0,0.38541666666666663,0.9562512800963994,-0.9446386450154189,-0.9923689916348328,0.0,0.25742574257425743,0.26890446329767614,0.9294365230381526,-0.9029523927362486,-0.9712613700376977,Agricultural Inputs,Basic Materials,YTEN
2017Q2,2017,Q2,2017-08-11,2017-06-30,-2727000.0,293000.0,-2711000.0,-38.4,0.0,0.0,6068000.0,2241000.0,3908000.0,2759000.0,3827000.0,0.0,-338176000.0,14672556.0,12729556.0,31.46322971948446,1.416455237404857,0.0,0.0,-0.8192807494711393,31.46322971948446,-1.216867469879518,50.07698293515358,-1.345118811881188,6.547325301204819,0.0,0.0,0.0,0.0482860909690178,1.202972091337441,-0.4494067237969677,-7.918270912034538,0.0,-0.3714285714285714,0.9313895609559179,-0.9365211810032363,-0.9928494713520668,0.0,-0.3035372848948375,-0.3153808830664726,0.9228766375471513,-0.9487444203727584,-0.9331773072770041,Agricultural Inputs,Basic Materials,YTEN
2017Q1,2017,Q1,2017-05-12,2017-03-31,-2092000.0,324000.0,-2061000.0,-28.0,0.0,0.0,8494000.0,4561000.0,5659000.0,2587000.0,3933000.0,0.0,-335449000.0,10451052.799999999,6676052.799999999,64.24034141325934,2.1874758407421724,0.0,0.0,-0.3640699523052464,64.24034141325934,-0.458671344003508,32.25633580246913,-1.2489307839388144,2.2913950449462837,0.0,0.0,0.0,0.038144572639510245,2.00966370313104,-0.24629149988226984,-4.295541635840526,0.0,0.0,-1.0145313312318536,-0.998349375110277,-0.9868552672144901,0.0,-0.08281573498964803,-0.2937853107344633,0.9475957340484673,-0.9380925416794299,-0.9303466593513954,Agricultural Inputs,Basic Materials,YTEN
2016Q4,2016,Q4,2017-03-30,2016-12-31,-1932000.0,341000.0,-1593000.0,-28.0,0.0,0.0,10748000.0,6369000.0,7860000.0,2758000.0,4379000.0,0.0,-333357000.0,9900800.0,3723800.0,90.05938914027149,2.8498912255257434,0.0,0.0,-0.205192554944733,90.05938914027149,-0.3033443240697127,29.034604105571848,-1.281159420289855,1.554529753493484,0.0,0.0,0.0,0.03172683289914403,2.718274111675127,-0.17975437290658727,-4.008421052631579,0.0,-1.5,0.9595378317861641,-0.8437792146383698,-0.9675413756748833,0.0,-1.4801192842942346,0.3882488479262673,0.9543775474452248,-0.9219459079007576,-0.9363915276329106,Agricultural Inputs,Basic Materials,YTEN
2016Q3,2016,Q3,2016-11-18,2016-09-30,4024000.0,473000.0,-2604000.0,56.0,0.0,0.0,13525000.0,8578000.0,10580000.0,2978000.0,4947000.0,0.0,-331425000.0,12540960.0,2758960.0,123.11976116660925,3.552719946272666,0.0,0.0,-0.18246577572814393,123.11976116660925,0.46910701795290277,26.513657505285412,0.7791351888667992,1.4619911401259036,0.0,0.0,0.0,0.034972273567467654,3.468099395567495,0.29752310536044363,-2.666587284711886,0.0,2.1666666666666665,1.0857887118169007,-0.7944495817257398,-0.9634781573309829,-1.0,2.258286429018136,0.1938080495356037,1.1145488874963085,-0.8858105884951979,-0.9372199664809768,Agricultural Inputs,Basic Materials,YTEN
2016Q2,2016,Q2,2016-08-08,2016-06-30,-3198000.0,2793000.0,-3230000.0,-48.0,2672000.0,0.9566774078052274,9387000.0,4142000.0,5661000.0,4050000.0,5245000.0,396000.0,-335449000.0,23005276.0,19297276.0,59.77515766383329,1.3977777777777778,0.0,0.0,-0.7798165137614679,59.77515766383329,-0.7720907774022211,8.236761904761904,-1.7984111944965602,5.554146788990826,0.0,0.3055555555555556,0.0,0.2975391498881432,1.0244444444444445,-0.340683924576542,-14.450550251256281,0.9566774078052274,0.5,0.9425483006785397,1.622282963692456,-0.9867811690846986,3.7885304659498207,0.5078485687903971,0.5031533610213813,0.9158224558175967,-0.6610281427410989,-0.9752118915801076,Agricultural Inputs,Basic Materials,YTEN
2016Q1,2016,Q1,2016-05-16,2016-03-31,-6498000.0,675000.0,-6501000.0,-96.0,558000.0,0.8266666666666667,10600000.0,7176000.0,8099000.0,3102000.0,3424000.0,420000.0,-332251000.0,51997680.0,46726680.0,104.88467947031484,2.610896196002579,0.0,0.0,-0.9059364548494984,104.88467947031484,-0.9055183946488294,77.0336,-2.000526315789474,7.246053511705685,0.0,0.2785714285714286,0.0,0.06367924528301887,1.8697614442295294,-0.6130188679245283,-7.775935397039031,0.8266666666666667,-0.09090909090909091,0.8895570722271164,-0.6607487858377599,-0.9239484309920938,0.5630252100840336,-0.09819165117458171,-0.10149101999322263,0.7989978901168564,-0.9273239577362894,-0.9638313878172163,Agricultural Inputs,Basic Materials,YTEN
2015Q4,2015,Q4,2016-03-29,2015-12-31,-5917000.0,496000.0,-5902000.0,-88.0,357000.0,0.719758064516129,17088000.0,13028000.0,14850000.0,3910000.0,4060000.0,379000.0,-325753000.0,42045080.0,29776080.0,190.87246355578347,3.7979539641943734,0.0,0.0,-0.4530242554498004,190.87246355578347,-0.4541756217377955,84.7683064516129,-1.776452594220044,3.2272858458704325,0.0,0.36675461741424803,0.0,0.02902621722846442,3.2744245524296676,-0.3462663857677903,-7.473352292925702,0.719758064516129,0.0,0.8973496738091798,-0.279101080474509,-0.9096266127529847,-0.013812154696132596,-0.01179890560875513,-0.0034002040122407345,0.8698061641360952,-0.9256511606676026,-0.9423713535783099,Agricultural Inputs,Basic Materials,YTEN
2015Q3,2015,Q3,2015-11-12,2015-09-30,-5848000.0,709000.0,-5882000.0,-88.0,362000.0,0.5105782792665726,22120000.0,17778000.0,20423000.0,4192000.0,4342000.0,375000.0,-319836000.0,37231296.0,19337296.0,263.58083264144227,4.871898854961832,0.0,0.0,-0.3308583642704466,263.58083264144227,-0.3289458881763978,52.51240620592384,-1.5916251709986322,2.0942342220722243,0.0,0.9253333333333333,0.0,0.03205244122965642,4.438215648854962,-0.264376130198915,-8.177310784098397,0.5105782792665726,0.16255820577334276,0.9028042329782251,1.5593951926895053,-0.9071548205565432,-0.44648318042813456,0.03704923431582414,0.040300212106379504,0.8402723999834911,-0.7774742041082665,-0.9327136026599854,Agricultural Inputs,Basic Materials,YTEN
2015Q2,2015,Q2,2015-08-13,2015-06-30,-6073000.0,744000.0,-6129000.0,-105.08193,654000.0,0.8790322580645161,26925000.0,22961000.0,25468000.0,3814000.0,3964000.0,555000.0,-313988000.0,86689500.0,63982500.0,397.29725053207136,6.677503932878867,0.0,0.0,-0.2669308828012717,397.29725053207136,-0.2644919646356866,116.51814516129032,-3.5686439980240405,3.7755106484909193,0.0,0.16216216216216217,0.0,0.027632311977715877,6.1043523859465125,-0.22555246053853295,-15.61972972972973,0.8790322580645161,-0.014149431324800038,0.8771346349463729,0.31782443415181383,-0.8903824652843191,0.1657754010695187,-0.03936334074961492,-0.051286449399656944,0.8116907481381215,-0.8013459288398039,-0.9097077637291843,Agricultural Inputs,Basic Materials,YTEN
2015Q1,2015,Q1,2015-05-14,2015-03-31,-5843000.0,645000.0,-5830000.0,-103.615825,561000.0,0.8697674418604651,16670000.0,13330000.0,15428000.0,3190000.0,3340000.0,571000.0,-307915000.0,83909808.0,70652808.0,236.38523877923782,4.836363636363636,0.0,0.0,-0.4373593398349587,236.38523877923782,-0.4383345836459115,130.09272558139534,-3.590185178846483,6.294809302325581,0.0,0.14711033274956217,0.0,0.03869226154769046,4.414733542319749,-0.3505098980203959,-12.361492044784914,0.8697674418604651,0.17916113843640788,0.8831177127666536,-0.29738935882203427,-0.9439754874245594,-0.2479892761394102,0.06541906589891235,0.0037593984962406013,-1.0511001346084898,-0.9958628093960897,-0.9516313156213912,Agricultural Inputs,Basic Materials,YTEN
2014Q4,2014,Q4,2015-03-25,2014-12-31,-6252000.0,856000.0,-5852000.0,-126.231627,746000.0,0.8714953271028038,23135000.0,18796000.0,21965000.0,4189000.0,4339000.0,586000.0,-302072000.0,48925739.52,28879739.520000003,379.50250363430786,5.243494867510146,0.0,0.0,-0.311342838901894,379.50250363430786,-0.33262396254522236,57.15623775700935,-1.9564035316698658,2.6029867801659927,0.0,0.18771331058020477,0.0,0.03700021612275772,4.923132012413464,-0.2702398962610763,-8.274266788432268,0.8714953271028038,0.6249195045527152,0.8569788815641916,-0.0678057447671876,-0.9237671829321172,5.8441558441558445,0.20790573926263778,0.12838844206136432,0.813038381288435,-0.44004946558841196,-0.8632221546970388,Agricultural Inputs,Basic Materials,YTEN
2014Q3,2014,Q3,2014-11-14,2014-09-30,-7893000.0,632000.0,-6714000.0,-336.545431,-154000.0,-0.24367088607594936,28792000.0,24395000.0,27562000.0,4247000.0,4397000.0,844000.0,-295820000.0,51221352.0,25735352.0,1040.1654372574937,6.489757475865317,0.0,0.0,-0.27522033203525315,1040.1654372574937,-0.32354990776798526,81.04644303797468,-1.6223664006081338,2.0996659971305593,0.0,0.9312796208530806,0.0,0.021950541817171435,6.114198257593595,-0.2741386496248958,-10.563281501340482,-0.24367088607594936,0.3322497934678409,0.6579866435778703,-0.5779252205005476,-0.710156556179996,-1.3888888888888888,-0.0906452950117452,0.07252382925818483,0.5001103426473708,-0.1841051790102002,-0.6914487317932648,Agricultural Inputs,Basic Materials,YTEN
2014Q2,2014,Q2,2014-08-08,2014-06-30,-7237000.0,1170000.0,-7239000.0,-503.998992,396000.0,0.3384615384615385,11375000.0,6864000.0,10101000.0,4361000.0,4511000.0,3162000.0,-287928000.0,30438864.0,24907864.0,470.8464809987653,2.316211878009631,0.0,0.0,-1.054632867132867,470.8464809987653,-1.054341491841492,26.016123076923076,-1.0515014508774354,4.434566433566434,0.0,0.24478178368121442,0.0,0.10285714285714286,1.4315523962393946,-0.6362197802197802,-6.23619422249539,0.3384615384615385,0.08695652173913036,0.5082377592100041,1.2096297680491623,-0.8938720649669661,0.058823529411764705,0.11246014226146676,0.11286764705882353,0.38202001357966353,4.221387172379811,-0.8958758075655694,Agricultural Inputs,Basic Materials,YTEN
2014Q1,2014,Q1,2014-05-15,2014-03-31,-8154000.0,1069000.0,-8160000.0,-551.998896,374000.0,0.3498596819457437,17428000.0,13375000.0,16014000.0,3905000.0,4053000.0,3756000.0,-280692000.0,45246240.0,41640240.0,922.2865811612191,4.10089628681178,0.0,0.0,-0.6100934579439252,922.2865811612191,-0.6096448598130841,42.32576239476146,-1.387240618101545,3.3828964485981308,0.0,0.18503727369542067,0.0,0.06133807665825109,2.845326504481434,-0.4678677989442277,-4.991311638168781,0.3498596819457437,0.08000000000000003,0.4090916007224233,1.703692871534168,-0.8268032751739736,3.9210526315789473,0.05482786600208647,0.05336426914153132,0.34616015189777793,1.534765672261833,-0.331252744190345,Agricultural Inputs,Basic Materials,YTEN
2013Q4,2013,Q4,2014-03-28,2013-12-31,-8627000.0,890000.0,-8620000.0,-599.9988,76000.0,0.0853932584269663,26738000.0,20398000.0,25231000.0,6195000.0,6340000.0,4074000.0,-272538000.0,43566768.0,35868768.0,1415.8395224543624,4.072800645682001,0.0,0.0,-0.422590450044122,1415.8395224543624,-0.4229336209432297,48.95142471910113,-1.2625121131331865,2.1358352779684284,0.0,0.19980363279332353,0.0,0.03328596005684793,3.3000807102502017,-0.32264941282070464,-6.675876187557463,0.0853932584269663,-0.19047619047619044,0.3562027022653146,0.48214814122834,-0.7706278155987271,-0.8080808080808081,-0.18976692869948972,-0.19027892847279756,0.29094572900517407,5.128350832406322,-0.32963502928225197,Agricultural Inputs,Basic Materials,YTEN
2013Q3,2013,Q3,2013-11-07,2013-09-30,-7251000.0,855000.0,-7242000.0,-503.998992,396000.0,0.4631578947368421,32503000.0,28203000.0,30943000.0,4300000.0,4300000.0,3400000.0,-263911000.0,43488144.0,34616144.0,1961.1292677838815,7.196046511627907,0.0,0.0,,1961.1292677838815,-0.2571003084778215,50.86332631578947,-1.4993843607778237,1.5419687267311988,0.0,0.135,0.0,0.026305264129464972,6.188604651162791,-0.22308709965233978,-7.332345978755691,0.4631578947368421,0.08695652173913036,0.5045524119337832,0.6191324379211174,-0.7176699246864241,-0.2235294117647059,0.07818459191456903,0.0782741504390989,0.43477952909861417,13.47562151752161,-0.30920091209021666,Agricultural Inputs,Basic Materials,YTEN
2013Q2,2013,Q2,2013-08-02,2013-06-30,-7866000.0,1706000.0,-7857000.0,-551.998896,510000.0,0.2989449003516999,38714000.0,34597000.0,36913000.0,3980000.0,4117000.0,3196000.0,-256660000.0,50960544.0,39052544.0,2411.4449013731096,9.274623115577889,0.0,0.0,-0.22710061566031736,2411.4449013731096,-0.22736075382258578,29.87136225087925,-1.6196460717009915,1.472975807150909,0.0,0.3742177722152691,0.0,0.0440667458800434,8.249497487437186,-0.20318231130857053,-8.490593802065979,0.2989449003516999,-0.14999999999999994,0.41677806914220344,1.8152877025391492,-0.693927033507536,-0.6320346320346321,-0.16309330178914683,-0.15799557848194548,0.3589464980208185,11.172444068158606,-0.33466278752945877,Agricultural Inputs,Basic Materials,YTEN
2013Q1,2013,Q1,2013-05-10,2013-03-31,-6763000.0,1943000.0,-6785000.0,-479.99904,1386000.0,0.7133299022130726,45562000.0,41506000.0,43753000.0,3908000.0,4056000.0,3624000.0,-248795000.0,57366504.0,36854504.0,2899.8812268567035,11.19575230296827,0.0,0.0,-0.16347034163735363,2899.8812268567035,-0.16294029778827157,29.524706124549667,-2.1206012124796687,1.382125572206428,0.0,0.15369757174392937,0.0,0.04264518677845573,10.086745138178097,-0.1484350994249594,-6.700128941836019,0.7133299022130726,0.28571428571428575,0.4722323780140538,2.170652864909212,-0.667550186414202,0.7792041078305519,0.289376904486708,0.28728991596638653,0.4669949453878331,7.338864823742209,-0.3127132933497402,Agricultural Inputs,Basic Materials,YTEN
2012Q4,2012,Q4,2013-03-28,2012-12-31,-9517000.0,1397000.0,-9520000.0,-671.998656,779000.0,0.5576234788833214,53510000.0,47340000.0,48955000.0,5984000.0,6170000.0,3204000.0,-242032000.0,50768736.0,36196736.0,3312.1108234800254,8.180982620320856,0.0,0.0,-0.2010984368398817,3312.1108234800254,-0.20103506548373468,36.34125697924123,-1.3336328675002627,1.0724278833967047,0.0,0.19288389513108614,0.0,0.026107269669220706,7.529913101604278,-0.17785460661558586,-6.947958943478856,0.5576234788833214,-0.21739130434782616,0.13002429685811775,0.03859918828784709,-0.6496370290984785,1.175977653631285,-0.2287927695287282,-0.2294976107451892,0.24558786218946357,4.271770080185934,-0.3346775420532912,Agricultural Inputs,Basic Materials,YTEN
2012Q3,2012,Q3,2012-11-07,2012-09-30,-7745000.0,674000.0,-7743000.0,-551.998896,358000.0,0.5311572700296736,60969000.0,55892000.0,52879000.0,4852000.0,5077000.0,3028000.0,-232515000.0,54789120.0,37384120.0,3917.297448836557,10.898392415498764,0.0,0.0,-0.13853503184713375,3917.297448836557,-0.138570815143491,81.28949554896143,-1.7685319561007102,0.9802676590567524,0.0,0.10435931307793923,0.0,0.011054798340140072,10.12860676009893,-0.12703177024389445,-8.572855578156783,0.5311572700296736,0.0,0.39182617899557715,1.4398724418278663,-0.614722625473849,-0.26337448559670784,0.025541016607951685,0.02689455825059696,0.44835753709560033,-0.2601093768711828,0.09155999840920838,Agricultural Inputs,Basic Materials,YTEN
2012Q2,2012,Q2,2012-07-27,2012-06-30,-7948000.0,923000.0,-7957000.0,-551.998896,486000.0,0.5265438786565547,66933000.0,62671000.0,52608000.0,4000000.0,4262000.0,2821000.0,-224770000.0,63238920.0,51106920.0,4400.126377869831,13.152,0.0,0.0,-0.1269646247865839,4400.126377869831,-0.12682101769558488,68.51453954496208,-1.9891456970306993,1.0090619265689074,0.0,0.15490960652250974,0.0,0.013789909312297371,12.2975,-0.11874561128292471,-10.499571642038852,0.5265438786565547,-1.2738095238095237,0.34093528745653384,2.1376110828060386,-0.6040870139107234,-0.985371139606285,-1.2755894590846046,-1.2760642542414045,0.4472217629637346,0.7841518842488464,-0.008219567921263554,Agricultural Inputs,Basic Materials,YTEN
2012Q1,2012,Q1,2012-05-09,2012-03-31,28840000.0,39322000.0,28823000.0,2015.995968,33222000.0,0.8448705559228931,73116000.0,69510000.0,70354000.0,3305000.0,3606000.0,2977000.0,-216822000.0,96602616.0,86998616.0,4887.154608732335,21.28714069591528,0.0,0.0,,4887.154608732335,0.4149043303121853,2.4567065764711864,0.8374013176144244,1.3897657315494174,0.0,2.0490426603963723,0.0,0.5378029432682313,20.178517397881997,0.39444170906504733,-7.786138147819779,0.8448705559228931,3.9972273628970156,4.8620622176405615,56.54265809654968,-0.5861517265122292,6.875840113194199,4.003228157867333,3.9970884891338256,3.130989956436807,100.40326539254454,-0.08223843950419525,Agricultural Inputs,Basic Materials,YTEN
2011Q4,2011,Q4,2012-03-12,2011-12-31,-9603000.0,439000.0,-9617000.0,-672.6203,-5654000.0,-12.879271070615035,82912000.0,39463000.0,78439000.0,7165000.0,43449000.0,0.0,-245662000.0,155315160.0,134038160.0,2774.5904520846516,10.947522679692952,0.0,0.0,,2774.5904520846516,-0.24334186453133314,353.7930751708428,-4.04340206185567,3.9357159871271823,0.0,0.0,0.0,0.005294770358934774,10.832658757850663,-0.11582159397915863,-17.500299718309858,-12.879271070615035,-0.0009250673263252185,0.1958611750964887,-0.22801667949750384,-0.7739321992675854,0.005277973258268825,-0.004497907949790795,-0.0039670111702682954,0.2740969412323876,-0.25946008239328544,-0.5505042324921499,Agricultural Inputs,Basic Materials,YTEN
2011Q3,2011,Q3,2011-11-02,2011-09-30,-9560000.0,469000.0,-9579000.0,-671.998656,-5684000.0,-12.119402985074627,91407000.0,47870000.0,73931000.0,6957000.0,43537000.0,0.0,-236059000.0,149270400.0,131878400.0,3371.1267605633802,10.626850654017536,0.0,0.0,,3371.1267605633802,-0.1997075412575726,318.2737739872068,-3.9035146443514646,3.1182452475454356,0.0,0.0,0.0,0.005130898071263689,10.560586459680897,-0.1045871760368462,-18.74314414866901,-12.119402985074627,0.15151515151515155,0.8005747011620551,-0.9021647854027237,1.0788475664710282,0.021518333620244447,0.0422760969745542,0.042578710644677664,0.33845643763899186,-0.10052345411500349,-0.514682439430935,Agricultural Inputs,Basic Materials,YTEN
2011Q2,2011,Q2,2011-07-29,2011-06-30,-9982000.0,191000.0,-10005000.0,-791.998416,-5809000.0,-30.413612565445025,99494000.0,56190000.0,77652000.0,6222000.0,43304000.0,0.0,-226499000.0,212931936.0,193153936.0,4521.970062771608,12.48023143683703,0.0,0.0,,4521.970062771608,-0.17764726819718812,1114.826890052356,-5.3328976157082755,3.7894987720234914,0.0,0.0,0.0,0.00191971375158301,12.386210221793636,-0.10032765794922306,-34.84974402618658,-30.413612565445025,0.08333333333333336,0.5389767307876281,-0.9899617614476083,1.1130508555464609,0.010897326749531755,-0.03547717842323651,-0.03571428571428571,0.1454701874311611,-0.6360792048528284,-0.4260483452412614,Agricultural Inputs,Basic Materials,YTEN
2011Q1,2011,Q1,2011-04-28,2011-03-31,-9640000.0,326000.0,-9660000.0,-863.998272,-5873000.0,-18.015337423312882,57211000.0,15460000.0,53764000.0,4923000.0,41751000.0,0.0,-216517000.0,282761039.9999989,262714039.99999893,1379.1257805530777,10.920983140361567,0.0,0.0,,1379.1257805530777,-0.6235446313065977,867.3651533742299,-7.333014522821548,18.289847347994755,0.0,0.0,0.0,0.005698204890667879,10.768840138127159,-0.16849906486514832,-29.219906995969716,-18.015337423312882,-0.02307178557395568,-3.34338092644511,-0.9856835342374345,1.044712643978254,-0.039837110481586405,-0.018274004436463504,-0.018557570645297342,0.03948213175465638,-0.3207673488133827,-0.8418934870814643,Agricultural Inputs,Basic Materials,YTEN
2010Q4,2010,Q4,2011-03-10,2010-12-31,-9467000.0,113000.0,-9484000.0,-844.51383,-5648000.0,-49.982300884955755,66771000.0,23676000.0,63256000.0,6395000.0,43095000.0,0.0,-206877000.0,327421679.9999989,314895679.9999989,2112.042818911686,9.89147771696638,0.0,0.0,,2112.042818911686,-0.39985639466126033,2897.536991150433,-8.646394845251898,13.829265078560521,0.0,0.0,0.0,0.001692351469949529,9.759186864738076,-0.1417831094337362,-39.30160604969379,-49.982300884955755,0.04896901010018243,0.39922837110565124,-0.9759584549153192,1.0688169055712298,0.03617747440273038,0.05244720248223401,0.05358746632072647,-0.10341075477818176,-0.8928856153209409,-0.7765830806568162,Agricultural Inputs,Basic Materials,YTEN
2010Q3,2010,Q3,2010-11-09,2010-09-30,-9991000.0,46000.0,-10021000.0,-887.998224,-5860000.0,-127.3913043478261,74628000.0,31796000.0,70820000.0,7068000.0,42832000.0,0.0,-197410000.0,338150399.9999989,323718399.9999989,2838.9285714285716,10.019807583474815,0.0,0.0,,2838.9285714285716,-0.3142219147062524,7351.09565217389,-8.461375237713915,10.63499811297015,0.0,0.0,0.0,0.0006163906308624109,9.957413695529146,-0.133877365064051,-45.78261575954494,-127.3913043478261,-0.027777777777777787,0.3658277892370283,-0.9902108952948737,0.0,-0.022866119741665213,-0.04694540500890705,-0.04636107340503289,0.0005516927486830284,-0.7878660714285715,-0.720783279607187,Agricultural Inputs,Basic Materials,YTEN
2010Q2,2010,Q2,2010-07-29,2010-06-30,-9543000.0,109000.0,-9577000.0,-863.998272,-5729000.0,-52.559633027522935,82215000.0,40441000.0,78445000.0,5155000.0,41774000.0,0.0,-187419000.0,383210351.99999887,369043351.99999887,3624.3950528768596,15.217264791464597,0.0,0.0,,3624.3950528768596,-0.23597339333844367,3515.6913027522833,-10.039043068217513,9.475788234712269,0.0,0.0,0.0,0.0013257921303898316,15.059359844810864,-0.11607370917715745,-50.08630924062199,-52.559633027522935,0.027027027027027035,0.4032634859009983,-0.9850226332205886,0.0,0.04325317301269205,0.02642317894307284,0.028406208785634574,-0.0101136548404397,-0.5270240866963872,-0.6738854876149357,Agricultural Inputs,Basic Materials,YTEN
2010Q1,2010,Q1,2010-05-03,2010-03-31,-9802000.0,180000.0,-9857000.0,-887.998224,-5988000.0,-33.266666666666666,87674000.0,46653000.0,83785000.0,3018000.0,41021000.0,0.0,-177876000.0,323218223.9999989,309416223.9999989,4219.318079044949,27.761762756792578,0.0,0.0,,4219.318079044949,-0.21010438771354467,1795.656799999994,-8.243680473372754,6.928133753456346,0.0,0.0,0.0,0.0020530602002874284,27.538104705102718,-0.11180053379565208,-33.90519500681831,-33.266666666666666,-0.00610681318088677,0.15326733635629264,-0.9648382645145086,0.0,-0.03922249219021173,-0.004406189158725279,-0.0032569974554707377,-0.688467122428891,-0.6611708812124838,-0.6427046733515516,Agricultural Inputs,Basic Materials,YTEN
2009Q4,2009,Q4,2010-03-11,2009-12-31,-9759000.0,205000.0,-9825000.0,-882.6083,-5762000.0,-28.10731707317073,97554000.0,55044000.0,93353000.0,4562000.0,42510000.0,0.0,-168074000.0,293231639.9999989,282417639.9999989,4978.203852762956,20.463174046470847,0.0,0.0,,4978.203852762956,-0.17729452801395248,1430.3982439024337,-7.51182600676296,5.327222585567889,0.0,0.0,0.0,0.0021014002501178832,20.295703638754933,-0.10003690263853865,-42.08865221759709,-28.10731707317073,0.10303855160555848,-0.05818451172794894,-0.9694540692189746,1.1935274070792143,-0.03595828838547285,-0.036317298502707866,-0.030954879328436515,-0.051195082355995694,-0.5362849851887938,-0.5943864090838373,Agricultural Inputs,Basic Materials,YTEN
2009Q3,2009,Q3,2009-11-03,2009-09-30,-9417000.0,611000.0,-9530000.0,-983.998032,-5562000.0,-9.103109656301145,76170000.0,34344000.0,71575000.0,4211000.0,41826000.0,0.0,-158315000.0,236111039.99999905,226336039.99999905,3588.7147335423197,16.997150320588933,0.0,0.0,,3588.7147335423197,-0.27419636617749826,386.43378068739617,-6.268212806626289,6.8748846960167445,0.0,0.0,0.0,0.008021530786398844,16.88340061743054,-0.12363135092556124,-31.326925832559247,-9.103109656301145,0.02380952380952382,-0.19455665362726843,-0.8934928383742216,0.0,0.06912133891213389,0.026364764267990073,0.03863613436901039,0.7085182714896582,-0.8108789039823523,1.0839367498157344,Agricultural Inputs,Basic Materials,YTEN
2009Q2,2009,Q2,2009-08-05,2009-06-30,-9672000.0,348000.0,-9913000.0,-1007.997984,-5975000.0,-17.169540229885058,84016000.0,42507000.0,79250000.0,4129000.0,41509000.0,0.0,-148898000.0,189013968.0,179699968.0,4436.59325748878,19.193509324291597,0.0,0.0,,4436.59325748878,-0.2275389935775284,543.1435862068965,-4.885596774193549,4.446655092102477,0.0,0.0,0.0,0.0041420681774900015,19.046742552676193,-0.11512092934679109,-41.91926546906188,-17.169540229885058,-0.05000000000000002,-0.2254950649109633,-0.9394076296338637,0.0,-0.03967287280320167,-0.06180700406191678,-0.04777507663037734,0.42064857767518815,-0.9762794967878163,1.110916405130588,Agricultural Inputs,Basic Materials,YTEN
2009Q1,2009,Q1,2009-05-07,2009-03-31,-9109000.0,261000.0,-9461000.0,-959.99808,-5747000.0,-22.019157088122604,88480000.0,50977000.0,83570000.0,3994000.0,37503000.0,0.0,-139226000.0,156690864.0,143295864.0,5325.08095685783,20.923885828743114,0.0,0.0,,5325.08095685783,-0.17868842811463995,600.3481379310344,-4.30044088264354,3.073756086078035,0.0,0.0,0.0,0.0029498191681735985,20.706059088632948,-0.1029498191681736,-17.880961314618283,-22.019157088122604,-0.03212731702966706,-0.15512441193307905,-0.9545177451834888,0.0,0.0,-0.02302336028751123,-0.01273817169770927,-3.8059488216259725,-0.9865780294998998,1.172644476911945,Agricultural Inputs,Basic Materials,YTEN
2008Q4,2008,Q4,2009-03-12,2008-12-31,-8904000.0,399000.0,-9342000.0,-930.11595,0.0,0.0,96946000.0,59091000.0,91841000.0,4610000.0,37855000.0,0.0,-130117000.0,292244543.99999905,266050543.99999905,6172.673143215293,19.922125813449025,0.0,0.0,,6172.673143215293,-0.15068284510331523,732.4424661654111,-8.205428571428545,4.945669289739539,0.0,0.0,0.0,0.0041156932725434775,19.807158351409978,-0.09184494460833867,-78.07762329682048,0.0,0.07726407714720189,-0.11514279988686818,-0.9313308536449448,1.2399623365143946,0.0,0.08470394736842106,0.09018309310479158,0.33833259185936104,-0.9005935920076564,1.2011248356402169,Agricultural Inputs,Basic Materials,YTEN
2008Q3,2008,Q3,2008-11-06,2008-09-30,-9728000.0,351000.0,-10268000.0,-1007.997984,0.0,0.0,101124000.0,66399000.0,95397000.0,4830000.0,34725000.0,0.0,-121213000.0,249604607.99999905,222316607.99999905,6946.228685008892,19.750931677018635,0.0,0.0,,6946.228685008892,-0.14650823054564074,711.1242393162366,-6.414592105263134,3.759162156056553,0.0,0.0,0.0,0.003470986116055536,19.668322981366458,-0.09619872631620585,-37.27110766014619,0.0,-0.07692307692307696,-0.23542737206807982,-0.9387446263352461,0.0,0.0,-0.08997198879551821,-0.06349041947177628,0.27651859806387197,-0.9124819122957358,0.0,Agricultural Inputs,Basic Materials,YTEN
2008Q2,2008,Q2,2008-08-11,2008-06-30,-8925000.0,401000.0,-9655000.0,-935.998128,0.0,0.0,108356000.0,74800000.0,102014000.0,4094000.0,33556000.0,0.0,-111485000.0,223298880.0,201197880.0,7878.660206446177,24.917928676111384,0.0,0.0,,7878.660206446177,-0.11931818181818182,556.8550623441397,-6.254870588235295,2.985279144385027,0.0,0.0,0.0,0.0037007641478090736,24.808500244259893,-0.08236738159400495,-57.21211375864719,0.0,-0.05405405405405394,-0.1412088118247668,-0.9295396682200803,0.0,0.0,-0.056463068181818184,-0.0029084865482497143,0.3440918252861677,-0.9352424410314255,0.0,Agricultural Inputs,Basic Materials,YTEN
2008Q1,2008,Q1,2008-05-08,2008-03-31,-8448000.0,404000.0,-9627000.0,-887.998224,0.0,0.0,113426000.0,82308000.0,106446000.0,3835000.0,31118000.0,0.0,-102560000.0,247978079.99999908,212323079.99999908,8722.763883001271,27.75645371577575,0.0,0.0,,8722.763883001271,-0.1026388686397434,613.807128712869,-7.338366477272699,3.012806531564357,0.0,0.0,0.0,0.0035617935922980623,27.605736636245112,-0.07448027789043077,-51.20340284947328,0.0,-0.16022587238838262,-0.08685621203442469,-0.9285761968734645,0.0,0.0,-0.16975906950983108,-0.11721016595102704,0.14486457519112886,-0.9075241057049338,0.0,Agricultural Inputs,Basic Materials,YTEN
2007Q4,2007,Q4,2008-03-13,2007-12-31,-7222000.0,888000.0,-8617000.0,-765.36668,0.0,0.0,119004000.0,89202000.0,111546000.0,4659000.0,29802000.0,0.0,-94112000.0,538984319.999999,516298319.99999905,9453.370072064434,23.94204764971024,0.0,0.0,,9453.370072064434,-0.08096231026210175,606.9643243243232,-18.657723622265266,6.042289634761542,0.0,0.0,0.0,0.007461934052636886,23.797596050654647,-0.06068703572989143,-120.65912693082585,0.0,0.13809886178330924,0.08237984485356761,-0.8449535434084987,1.3674992532078598,0.0,0.12966979995179562,0.11909629932529135,0.08237984485356761,-0.8449535434084987,1.3674992532078598,Agricultural Inputs,Basic Materials,YTEN
2007Q3,2007,Q3,2007-11-06,2007-09-30,-8298000.0,180000.0,-9782000.0,-887.998224,0.0,0.0,122413000.0,94527000.0,114719000.0,5323000.0,27886000.0,0.0,-86890000.0,531267767.99999905,510564767.99999905,10167.473378509196,21.551568664287057,0.0,0.0,,10167.473378509196,-0.0877844425402266,2951.487599999995,-16.00589804772231,5.620275349900019,0.0,0.0,0.0,0.0014704320619542042,21.464775502536163,-0.06778691805608882,-192.90768627450944,0.0,-0.057142857142857155,-0.08351946717711801,-0.967701733569341,0.0,0.0,-0.08244195147404122,-0.06441784548422198,-0.08351946717711801,-0.967701733569341,0.0,Agricultural Inputs,Basic Materials,YTEN
2007Q2,2007,Q2,2007-08-08,2007-06-30,-7666000.0,187000.0,-9190000.0,-839.99832,0.0,0.0,123110000.0,100625000.0,117178000.0,4423000.0,22485000.0,0.0,-78592000.0,543891887.999999,534857887.99999905,11113.8723216258,26.49287813701108,0.0,0.0,,11113.8723216258,-0.07618385093167702,2908.512770053471,-17.737147404122066,5.40513677515527,0.0,0.0,0.0,0.001518966777678499,26.357223603888762,-0.06226951506782552,-125.87176301781973,0.0,-0.5909090909090908,-0.02786113197260393,-0.9655451268794077,0.0,0.0,-0.6352389078498294,-0.4760681015097976,-0.02786113197260393,-0.9655451268794077,0.0,Agricultural Inputs,Basic Materials,YTEN
2007Q1,2007,Q1,2007-05-11,2007-03-31,-4688000.0,429000.0,-6226000.0,-527.998944,0.0,0.0,124185000.0,105443000.0,119662000.0,3236000.0,18742000.0,0.0,-70925000.0,356374247.9999991,336513247.9999991,11809.04916564005,36.97836835599506,0.0,0.0,,11809.04916564005,-0.04446004002162306,830.7092027972008,-19.004599402730328,3.379781000161216,0.0,0.0,0.0,0.0034545234931755045,36.5593325092707,-0.037750130853162624,-88.65031044776097,0.0,0.37114811790091196,0.36263105523758316,-0.9198499112072375,0.0,0.0,0.3746832066159797,0.2587212763424217,0.36263105523758316,-0.9198499112072375,0.0,Agricultural Inputs,Basic Materials,YTEN
