Quarters,Year,Quarter,FillingDate,Date,NetIncome,Revenue,OperatingIncome,EPSDiluted,GrossProfit,GrossProfitRatio,TotalAssets,CommonStockEquity,CurrentAssets,CurrentLiability,TotalLiability,Inventory,RetainedEarnings,MarketCap,EnterpriseValue,bookValuePerShare,currentRatio,debtToAssets,debtToEquity,roic,shareholdersEquityPerShare,roe,priceToSalesRatio,peRatio,pbRatio,payoutRatio,inventoryTurnover,dividendYield,assetTurnover,quickRatio,returnOnAssets,priceToFreeCashFlowsRatio,grossProfitMargin,epsdilutedGrowth,fiveYNetIncomeGrowthPerShare,fiveYRevenueGrowthPerShare,fiveYShareholdersEquityGrowthPerShare,grossProfitGrowth,netIncomeGrowth,operatingIncomeGrowth,threeYNetIncomeGrowthPerShare,threeYRevenueGrowthPerShare,threeYShareholdersEquityGrowthPerShare,Industry,Sector,Symbol
2023Q1,2023,Q1,2023-05-05,2023-03-31,976000000.0,4278000000.0,1236000000.0,1.12,3716000000.0,0.868630201,425112000000.0,40634000000.0,138698000000.0,22598000000.0,384310000000.0,0.0,38465000000.0,36503769600.0,-68189230400.0,50.58132297657281,6.137622798477741,0.0776901146050923,0.8127922429492543,0.013249888000434421,50.58132297657281,0.024019294187133926,8.532905469845723,9.350350819672132,0.898355308362455,0.38422131147540983,0.0,0.01027291165019845,0.010063230395754531,8.147004159660147,0.002295865560134741,23.843089222730242,0.868630201028518,0.806451612903226,0.05494006587399399,0.32974349710293516,0.2325282174705306,-0.030271398747390398,0.7974217311233885,-0.6126606079598872,0.10846282078444923,0.18532197901989217,0.09918273575061928,Asset Management,Financial Services,BK
2022Q4,2022,Q4,2023-02-27,2022-12-31,543000000.0,3832000000.0,3191000000.0,0.62,3832000000.0,1.0,405783000000.0,40734000000.0,160905000000.0,23435000000.0,364933000000.0,0.0,37864000000.0,36943394720.0,-46055605280.0,50.19061442656724,6.866012374653296,0.07603817804097264,0.7574753277360436,0.03533375279997039,50.19061442656724,0.01333038739136839,9.640760626304802,17.008929429097606,0.90694247360927,0.6243093922651933,0.0,0.009176200578461621,0.009443471017760724,6.884702368252613,0.0013381536436962614,14.39166136345929,1.0,0.5897435897435896,-0.4164495628234309,0.33596010793016484,0.246921214068751,0.05593827500688895,0.39948453608247425,0.5437832607643929,-0.5765758753025968,-0.08174885812044394,0.10261821714140637,Asset Management,Financial Services,BK
2022Q3,2022,Q3,2022-11-07,2022-09-30,388000000.0,4191000000.0,2067000000.0,0.39,3629000000.0,0.8659031257,427953000000.0,39737000000.0,169648000000.0,23741000000.0,388057000000.0,0.0,37660000000.0,31251430080.000004,-66595569920.0,48.97917426759883,7.145781559327745,0.06584134239040268,0.7090872486599391,0.01874443448787472,48.97917426759883,0.009764199612451872,7.456795533285613,20.136230721649486,0.7864567048342855,0.9587628865979382,0.0,0.011903455267414115,0.00979313148873825,7.094267301293121,0.0009066416171869341,8.664105927363462,0.8659031257456454,-0.6213592233009708,-0.5136128808385451,0.3689020288069782,0.2513868999998265,0.0033176665745092617,-0.5535097813578826,0.1233695652173913,-0.5700130565513912,0.28082248309600005,0.11163667542987236,Asset Management,Financial Services,BK
2022Q2,2022,Q2,2022-08-05,2022-06-30,869000000.0,4164000000.0,1840000000.0,1.03,3617000000.0,0.868635927,452621000000.0,40984000000.0,190103000000.0,25769000000.0,411476000000.0,0.0,37644000000.0,33822764130.0,-80802235870.0,50.54118680039413,7.37719740773798,0.062149126973781596,0.6863654108920554,0.02100638968137217,50.54118680039413,0.021203396447394104,8.12266189481268,9.730369427502877,0.8252675222037869,0.36018411967779057,0.0,0.00925412242467718,0.009199749901131411,7.37719740773798,0.001919928593679922,7.704502079726652,0.8686359269932757,0.09574468085106393,0.13850336710733077,0.3808407690172313,0.3096519483230462,-0.05978684689368339,0.13594771241830064,0.2903225806451613,0.002394647623681523,0.2754160044170079,0.15760649894459178,Asset Management,Financial Services,BK
2022Q1,2022,Q1,2022-05-06,2022-03-31,765000000.0,3847000000.0,1426000000.0,0.94,3847000000.0,1.0,473811000000.0,41799000000.0,206016000000.0,26608000000.0,431659000000.0,0.0,37088000000.0,40173946470.0,-94370053530.0,51.637554989752545,7.742633794347564,0.05394133947924384,0.6114500346898251,0.017642313840184887,51.637554989752545,0.018301873250556232,10.442928637899662,13.128740676470589,0.9611221912007464,0.46013071895424834,0.0,0.008761897471607797,0.008119271186190274,7.742633794347564,0.0016145678340097633,12.721325671310955,1.0,-0.11320754716981142,0.06720274397284441,0.3219614120617577,0.3736740119071179,-0.023604060913705583,-0.11967779056386652,0.28352835283528355,-0.038555237514994824,0.20110032858608792,0.20547793837411482,Asset Management,Financial Services,BK
2021Q4,2021,Q4,2022-02-25,2021-12-31,869000000.0,3940000000.0,1111000000.0,1.06,3940000000.0,1.0,444081000000.0,43034000000.0,172710000000.0,25150000000.0,401047000000.0,0.0,36667000000.0,47269069298.88,-47386930701.119995,52.876326043068964,6.867196819085487,0.060079129708318975,0.6199749035646234,0.013003618674878353,52.876326043068964,0.020193335502161083,11.997225710375634,13.598696576202531,1.0984121694213875,0.3578826237054085,0.0,0.006579355265777761,0.008872255286760748,6.867196819085487,0.0019568502142627135,17.15755691429401,1.0,0.019230769230769246,0.289752899959577,0.3779723990294811,0.4317357584898266,0.0,-0.08236536430834214,0.0,0.2420652370166565,0.2682296856557724,0.3334598027970441,Asset Management,Financial Services,BK
2021Q3,2021,Q3,2021-11-05,2021-09-30,947000000.0,3959000000.0,0.0,1.04,0.0,0.0,470533000000.0,43601000000.0,0.0,0.0,426481000000.0,0.0,36125000000.0,43914461558.4,-83236538441.6,51.46996592441772,0.0,0.05656776464137478,0.6104676498245453,0.0,51.46996592441772,0.021719685328318156,11.092311583329124,11.593046873917636,1.0071893203917341,0.382259767687434,0.0,0.008243298156316714,0.00841386257711999,0.0,0.0020126112302431497,-136.38031539875777,0.0,-0.07964601769911493,0.2031400370135257,0.2941668047419307,0.3773489951701947,0.0,-0.07338551859099804,0.0,0.006027745037419795,0.17697986459483472,0.23821183087007308,Asset Management,Financial Services,BK
2021Q2,2021,Q2,2021-08-05,2021-06-30,1022000000.0,3887000000.0,0.0,1.13,0.0,0.0,466963000000.0,45281000000.0,0.0,0.0,421169000000.0,0.0,35540000000.0,44534149142.579994,-81663850857.42001,52.089142257397356,0.0,0.05692313952069008,0.5870232547867759,0.0,52.089142257397356,0.02257017292020936,11.457203278255722,10.893872099456946,0.9835063082215498,0.2974559686888454,0.0,0.006826222255346503,0.008323999974302032,0.0,0.002188610232502361,17.234577841555726,0.0,0.16494845360824734,0.44443751042909974,0.30538162345974196,0.4489465097607828,0.0,0.10248112189859762,0.0,0.0767252953804948,0.12027217658143209,0.2677835835787353,Asset Management,Financial Services,BK
2021Q1,2021,Q1,2021-05-06,2021-03-31,927000000.0,3847000000.0,0.0,0.97,0.0,0.0,464984000000.0,44954000000.0,0.0,0.0,419581000000.0,0.0,34822000000.0,41829711317.78,-87329288682.22,50.82212123936851,0.0,0.056171825267105964,0.5810161498420607,0.0,50.82212123936851,0.020621079325532768,10.873332809404731,11.28093616984358,0.930500318498465,0.3732470334412082,0.0,0.008271632509520342,0.00827340295580063,0.0,0.0019936169846704404,-12.324605573889215,0.0,0.2278481012658227,0.38490981461894663,0.29353855187281297,0.4267049532487339,0.0,0.236,0.0,-0.0899996865586355,0.08600823844007859,0.23839581120173936,Asset Management,Financial Services,BK
2020Q4,2020,Q4,2021-02-25,2020-12-31,750000000.0,3768000000.0,0.0,0.79,0.0,0.0,469633000000.0,45801000000.0,0.0,0.0,423513000000.0,0.0,34241000000.0,37768544320.0,-101224455680.0,51.46596129125053,0.0,0.056073572342659056,0.5749656121045392,0.0,51.46596129125053,0.01637518831466562,10.023499023354566,12.589514773333333,0.8246227008143926,0.416,0.0,0.00826084260374269,0.00802328626821369,0.0,0.0015969916935138714,-33.3939383908046,0.0,-0.1938775510204081,0.3241987648905962,0.2686771585590468,0.47330903937789204,0.0,-0.19957310565635006,0.0,-0.26494555524166713,0.19800480350562957,0.27860556539695275,Asset Management,Financial Services,BK
2020Q3,2020,Q3,2020-11-05,2020-09-30,937000000.0,3762000000.0,0.0,0.98,0.0,0.0,428398000000.0,44917000000.0,0.0,0.0,383051000000.0,0.0,33821000000.0,30695755101.340004,-71408244898.66,50.24961187329337,0.0,0.06352037124356323,0.605828528174188,0.0,50.24961187329337,0.02086069862190262,8.159424535178097,8.189902641766277,0.6833883630104416,0.3617929562433298,0.0,0.011043872316573217,0.008781553602024286,0.0,0.002187218427723752,68.97922494683147,0.0,-0.02970297029702973,0.38172013298883845,0.25063288671363304,0.4454866278677427,0.0,-0.01368421052631579,0.0,0.06609404423763313,0.115267596681973,0.28384577667151834,Asset Management,Financial Services,BK
2020Q2,2020,Q2,2020-08-06,2020-06-30,950000000.0,3925000000.0,0.0,1.01,0.0,0.0,442316000000.0,43697000000.0,0.0,0.0,398350000000.0,0.0,33224000000.0,34478861389.2,-71211138610.8,48.98331853061191,0.0,0.06750603640835963,0.6833192209991532,0.0,48.98331853061191,0.021740622926058998,8.784423283872611,9.073384576105262,0.7890441309288967,0.34421052631578947,0.0,0.009484071887084647,0.008873746371372502,0.0,0.002147785745937294,5.344731264796155,0.0,-0.038095238095238126,0.3905111357383442,0.2930054284767029,0.4255848013119999,0.0,-0.030612244897959183,0.0,0.1313673415996509,0.1831451591474459,0.2692835805835094,Asset Management,Financial Services,BK
2020Q1,2020,Q1,2020-05-07,2020-03-31,980000000.0,4017000000.0,0.0,1.05,0.0,0.0,468155000000.0,41145000000.0,0.0,0.0,426776000000.0,0.0,32601000000.0,30114028960.0,-114024971040.0,46.017210179371496,0.0,0.06442097168672768,0.7329930732774335,0.0,46.017210179371496,0.023818203912990644,7.496646492407269,7.682150244897958,0.7319000840928424,0.32448979591836735,0.0,0.010559862329361324,0.008580491503882261,0.0,0.0020933237923337357,-15.451015371985633,0.0,-0.30921052631578944,0.573864822730595,0.33906629240171277,0.3789901237962203,0.0,-0.3194444444444444,0.0,0.2376989264098106,0.24968876148999994,0.22416031774577314,Asset Management,Financial Services,BK
2019Q4,2019,Q4,2020-02-27,2019-12-31,1440000000.0,4686000000.0,0.0,1.52,0.0,0.0,381508000000.0,41483000000.0,0.0,0.0,339780000000.0,0.0,31894000000.0,45866936920.0,-36757063080.0,45.51948593474988,0.0,0.08403231387022028,0.7728226020297472,0.0,45.51948593474988,0.03471301496998771,9.788078728126333,7.963009881944444,1.10568032495239,0.2326388888888889,0.0,0.00730373603505067,0.012282835484445935,0.0,0.003774494899189532,-17.8540042506812,0.0,0.42056074766355134,6.599977115783604,0.606484801238837,0.36247464922058753,0.0,0.3872832369942196,0.0,0.9086524963527864,0.46360612100129545,0.23253411494157417,Asset Management,Financial Services,BK
2019Q3,2019,Q3,2019-11-07,2019-09-30,1038000000.0,3764000000.0,0.0,1.07,0.0,0.0,373168000000.0,41120000000.0,0.0,0.0,331698000000.0,0.0,30789000000.0,42192865440.0,-21523134560.0,44.06041591661095,0.0,0.08636860609698581,0.7838035019455253,0.0,44.06041591661095,0.0252431906614786,11.209581679064824,10.162058150289017,1.026091085603113,0.3179190751445087,0.0,0.007821227512250232,0.010086609784333062,0.0,0.0027815889894095957,9.004025915492958,0.0,0.05940594059405946,0.15735739182017908,0.23913573212065806,0.2913502763403043,0.0,0.02064896755162242,0.0,0.19702055852242814,0.11684376696703577,0.17906760767321203,Asset Management,Financial Services,BK
2019Q2,2019,Q2,2019-08-07,2019-06-30,1017000000.0,3830000000.0,0.0,1.01,0.0,0.0,381168000000.0,41533000000.0,0.0,0.0,339333000000.0,0.0,30081000000.0,42303466070.0,-9425533930.0,43.66007520385669,0.0,0.10236431179952148,0.939445741940144,0.0,43.66007520385669,0.024486552861579948,11.045291402088774,10.399082121435594,1.0185506963137747,0.31268436578171094,0.0,0.007517114542666598,0.010048062796457206,0.0,0.0026681148469966,-20.963065445986125,0.0,0.07446808510638304,1.1002901575004205,0.25622529358780033,0.2913202579915194,0.0,0.07505285412262157,0.0,0.31349612492680373,0.1753892344953461,0.2144779284311891,Asset Management,Financial Services,BK
2019Q1,2019,Q1,2019-05-08,2019-03-31,946000000.0,3808000000.0,0.0,0.94,0.0,0.0,346132000000.0,41225000000.0,0.0,0.0,304663000000.0,0.0,29382000000.0,49524949620.0,3743949620.0,42.8357528130283,0.0,0.09990119376422868,0.8387871437234687,0.0,42.8357528130283,0.022947240751970892,13.005501475840337,13.087988800211418,1.2013329198302003,0.32346723044397463,0.0,0.006178703912833986,0.011001583211029318,0.0,0.002733061375429027,-40.8284827864798,0.0,-0.12962962962962973,0.6606011056302055,0.27270503007060376,0.28401821096695135,0.0,0.07377979568671963,0.0,0.29895524568234044,0.17683458471836588,0.20250747556646534,Asset Management,Financial Services,BK
2018Q4,2018,Q4,2019-02-27,2018-12-31,881000000.0,3912000000.0,0.0,1.08,0.0,0.0,362873000000.0,40638000000.0,0.0,0.0,322005000000.0,0.0,28652000000.0,48238653960.0,-5432346040.0,39.65348331622477,0.0,0.09460334607424636,0.8447512180717555,0.0,39.65348331622477,0.021679216496874845,12.330944263803682,13.688607820658342,1.1870331699394656,0.3711691259931896,0.0,0.006778796113820917,0.010780631240130845,0.0,0.0024278466570949067,16.662747481865285,0.0,0.018867924528301903,0.8227603519918774,0.24608929632195536,0.20781481293845996,0.0,-0.207020702070207,0.0,0.3507398483609126,0.1437812202274296,0.1351548469482565,Asset Management,Financial Services,BK
2018Q3,2018,Q3,2018-11-06,2018-09-30,1111000000.0,3970000000.0,0.0,1.06,0.0,0.0,349770000000.0,41560000000.0,0.0,0.0,307909000000.0,0.0,28098000000.0,51890035200.0,-10618964800.0,41.56798105236205,0.0,0.09086542585127369,0.764725697786333,0.0,41.56798105236205,0.026732435033686237,13.070537833753148,11.676425562556254,1.2485571511068336,0.2871287128712871,0.0,0.006147615795026479,0.011350315921891528,0.0,0.0031763730451439516,55.79573677419355,0.0,0.029126213592233035,0.3025280078264824,0.24660017806228302,0.29197590482409014,0.0,0.007252946509519492,0.0,0.4647246040747627,0.17994831191621277,0.1957497484788234,Asset Management,Financial Services,BK
2018Q2,2018,Q2,2018-08-03,2018-06-30,1103000000.0,4032000000.0,0.0,1.03,0.0,0.0,352928000000.0,41505000000.0,0.0,0.0,311182000000.0,0.0,27306000000.0,54478953470.0,-8311046530.0,41.08677768989456,0.0,0.09582974431045425,0.8148656788338754,0.0,41.08677768989456,0.026575111432357548,13.511645205853174,12.347904231640978,1.3125877236477534,0.2656391659111514,0.0,0.005378223723797241,0.011424426511923111,0.0,0.003125283343911506,26.09145281130268,0.0,-0.06363636363636369,0.4892868626347089,0.18015280692820096,0.31972465839695463,0.0,-0.05807002561912895,0.0,0.425710866116079,0.1729683446655596,0.19576801994323645,Asset Management,Financial Services,BK
2018Q1,2018,Q1,2018-05-08,2018-03-31,1171000000.0,4072000000.0,0.0,1.1,0.0,0.0,373597000000.0,41728000000.0,0.0,0.0,331473000000.0,0.0,26496000000.0,52395549410.0,-25432450590.0,41.03867340285229,0.0,0.08946806318037885,0.8010208972392638,0.0,41.03867340285229,0.02806269171779141,12.867276377701375,11.18606947267293,1.255644876581672,0.2408198121263877,0.0,0.005382136520667509,0.010899445124024016,0.0,0.003134393477463684,-51.117609180487804,0.0,0.018518518518518535,6.274942440055727,0.3232848931451362,0.3324851351644686,0.0,-0.003404255319148936,0.0,0.6537154075118337,0.1936322390043326,0.22979913592416887,Asset Management,Financial Services,BK
2017Q4,2017,Q4,2018-02-28,2017-12-31,1175000000.0,3622000000.0,0.0,1.08,0.0,0.0,371758000000.0,41251000000.0,0.0,0.0,330012000000.0,0.0,25635000000.0,55197236080.0,-19591763920.0,40.25163246905822,0.0,0.09167791950677591,0.8262102736903347,0.0,40.25163246905822,0.028484157959807035,15.2394356929873,11.744092782978724,1.3380823756999831,0.2527659574468085,0.0,0.005380704199926672,0.009742897261121482,0.0,0.003160658277696781,53.74609160662123,0.0,0.1489361702127661,1.1007575885059597,0.1718630951016056,0.28550919785982326,0.0,0.15422396856581533,0.0,4.514542450762092,0.10419202968209068,0.2047989493433513,Asset Management,Financial Services,BK
2017Q3,2017,Q3,2017-11-07,2017-09-30,1018000000.0,3907000000.0,0.0,0.94,0.0,0.0,354397000000.0,40523000000.0,0.0,0.0,313293000000.0,0.0,24757000000.0,54893567740.0,-7465432260.0,39.13991289792599,0.0,0.09667689060573312,0.8454951509019569,0.0,39.13991289792599,0.0251215359178738,14.050055730739698,13.480738639489196,1.354627439725588,0.2829076620825147,0.0,0.005246516338017857,0.011024359687017666,0.0,0.002872484812230352,10.99190383259912,0.0,0.06818181818181812,0.5863275729012172,0.20107235069715615,0.26403828148900227,0.0,0.0441025641025641,0.0,0.02315326163318787,0.15940576601450257,0.1471370908602143,Asset Management,Financial Services,BK
2017Q2,2017,Q2,2017-08-03,2017-06-30,975000000.0,3852000000.0,0.0,0.88,0.0,0.0,354815000000.0,39974000000.0,0.0,0.0,314317000000.0,0.0,24027000000.0,52847995580.0,-9695004420.0,38.59131188642141,0.0,0.08430590589462114,0.7483114024115676,0.0,38.59131188642141,0.024390854055135837,13.719625020768431,13.550768097435897,1.3220592279981989,0.25435897435897437,0.0,0.004692703995264753,0.010856361765990728,0.0,0.002747910883136282,-49.95084648393195,0.0,0.06024096385542174,1.386213063147609,0.21458605223707947,0.3201820373852237,0.0,0.057483731019522775,0.0,0.8491992849210823,0.16031470140880613,0.1414030458885431,Asset Management,Financial Services,BK
2017Q1,2017,Q1,2017-05-08,2017-03-31,922000000.0,3743000000.0,0.0,0.83,0.0,0.0,337536000000.0,39138000000.0,0.0,0.0,297705000000.0,0.0,23300000000.0,49173892340.0,-5921107660.0,37.59083635720995,0.0,0.08861573284034888,0.7642444682916858,0.0,37.59083635720995,0.02355766773979253,13.137561405289874,13.33348490780911,1.256423229086821,0.2635574837310195,0.0,0.004941646642894163,0.011089187523701175,0.0,0.0027315604854000757,-32.37254268597761,0.0,0.07792207792207785,0.7080589690488195,0.17724200841491622,0.3200254365529422,0.0,0.059770114942528735,0.0,0.49603835316375056,0.15634723968747416,0.12679981740523694,Asset Management,Financial Services,BK
2016Q4,2016,Q4,2017-02-28,2016-12-31,870000000.0,3692000000.0,0.0,0.77,0.0,0.0,333469000000.0,38811000000.0,0.0,0.0,293889000000.0,0.0,22621000000.0,49791073440.0,-2186926560.0,36.9316235412337,0.0,0.07788130230995985,0.6691659581046611,0.0,36.9316235412337,0.022416325268609413,13.486206240520044,14.307779724137932,1.2829113766715623,0.28735632183908044,0.0,0.005020980322933966,0.011071493901981894,0.0,0.0026089381621679977,11.422590832759807,0.0,-0.14444444444444446,0.9754058067327275,0.4168032707153907,0.33172890377488573,0.0,-0.11854103343465046,0.0,0.7553651313304375,0.14684984814387828,0.12490904325465427,Asset Management,Financial Services,BK
2016Q3,2016,Q3,2016-11-08,2016-09-30,987000000.0,3836000000.0,0.0,0.9,0.0,0.0,374114000000.0,39695000000.0,0.0,0.0,333741000000.0,0.0,22002000000.0,42362450240.0,-31009549760.0,37.3688630150398,0.0,0.07045980636918159,0.6640634840660032,0.0,37.3688630150398,0.024864592517949365,11.043391616266945,10.730103910840933,1.0671986456732587,0.22188449848024316,0.0,0.005169672640729668,0.010253559075575893,0.0,0.0026382332657959875,-830.6362792156863,0.0,0.20000000000000004,0.732901994091168,0.18691479874981456,0.3465056589107646,0.0,0.13058419243986255,0.0,0.08913283096656477,0.1337204009588402,0.16146296701990265,Asset Management,Financial Services,BK
2016Q2,2016,Q2,2016-08-08,2016-06-30,873000000.0,3674000000.0,0.0,0.75,0.0,0.0,372351000000.0,38559000000.0,0.0,0.0,333054000000.0,0.0,21233000000.0,41669849550.0,-39753150450.0,35.949665433817245,0.0,0.06920620597232181,0.6683005264659353,0.0,35.949665433817245,0.02264062864700848,11.341820781164943,11.93294660652921,1.0806776511320315,0.26575028636884307,0.0,0.005567574697422924,0.009867034061946927,0.0,0.002344561985868173,-78.17983030018762,0.0,0.02739726027397263,0.3625248620215244,0.12329507108367839,0.30668766204133824,0.0,0.06854345165238677,0.0,0.11015729340916874,0.012801413744519178,0.15471844232258225,Asset Management,Financial Services,BK
2016Q1,2016,Q1,2016-05-10,2016-03-31,817000000.0,3630000000.0,0.0,0.73,0.0,0.0,372870000000.0,38459000000.0,0.0,0.0,333585000000.0,0.0,20593000000.0,39763178030.0,-51910821970.0,35.622026210564435,0.0,0.06260090648215196,0.606932057515796,0.0,35.622026210564435,0.02124340206453626,10.954043534435261,12.167435137698899,1.0339108668972152,0.24357405140758873,0.0,0.0050046301593363865,0.009735296484029286,0.0,0.002191112183871054,24.15745931348724,0.0,0.280701754385965,0.4941857035810977,0.13802682270794414,0.32179588724001795,0.0,0.17893217893217894,0.0,4.4660735472920505,0.11098219197120575,0.15661195828803773,Asset Management,Financial Services,BK
2015Q4,2015,Q4,2016-02-26,2015-12-31,693000000.0,3634000000.0,0.0,0.57,0.0,0.0,393780000000.0,38037000000.0,0.0,0.0,354805000000.0,0.0,19974000000.0,44883633600.0,-67409366400.0,34.93222393652193,0.0,0.05737467621514551,0.5939742881930752,0.0,34.93222393652193,0.018219102452874832,12.35102740781508,16.191787012987014,1.1799993059389542,0.3492063492063492,0.0,0.005391720335227048,0.0092285032251511,0.0,0.0017598659149779064,-1402.61355,0.0,-0.2297297297297298,0.15529881455796443,0.21918809174750853,0.3307888172402474,0.0,-0.16806722689075632,0.0,0.16611738640209373,0.10658382040804884,0.11562419751838432,Asset Management,Financial Services,BK
2015Q3,2015,Q3,2015-11-06,2015-09-30,833000000.0,3695000000.0,0.0,0.74,0.0,0.0,377371000000.0,38170000000.0,0.0,0.0,338172000000.0,0.0,19525000000.0,42986817450.0,-45597182550.0,34.76311084760242,0.0,0.058504760567187196,0.5784123657322504,0.0,34.76311084760242,0.021823421535237097,11.633780094722598,12.901205717286913,1.1261938027246527,0.24489795918367346,0.0,0.004745640922063654,0.009791425414247518,0.0,0.002207376825458236,34.77897851941748,0.0,0.013698630136986314,0.4875490623882791,0.19901392093957923,0.3186129641655301,0.0,-0.023446658851113716,0.0,0.2239630423721913,0.07107136573316791,0.1226878048914494,Asset Management,Financial Services,BK
2015Q2,2015,Q2,2015-08-07,2015-06-30,853000000.0,3790000000.0,0.0,0.73,0.0,0.0,395254000000.0,38270000000.0,0.0,0.0,355830000000.0,0.0,18895000000.0,46745766300.0,-62842233700.0,34.36015765988203,0.0,0.053335323614688276,0.5508492291612229,0.0,34.36015765988203,0.02228899921609616,12.333975277044855,13.700400439624854,1.221472858636007,0.2508792497069168,0.0,0.004577954688486944,0.009588770765128247,0.0,0.00215810592682174,18.346062127158557,0.0,0.08955223880597006,0.4019973056207684,0.2206258403068819,0.36165181044593087,0.0,0.09499358151476252,0.0,0.9415044298154231,0.11138868903689181,0.17543718331745384,Asset Management,Financial Services,BK
2015Q1,2015,Q1,2015-05-08,2015-03-31,779000000.0,3753000000.0,0.0,0.67,0.0,0.0,399088000000.0,37328000000.0,0.0,0.0,360208000000.0,0.0,18257000000.0,45012544480.0,-49525455520.0,33.37022461965918,0.0,0.05329651605660907,0.5698135447921132,0.0,33.37022461965918,0.020869052721817404,11.993750194511058,14.445617612323492,1.205865422203172,0.2631578947368421,0.0,0.0045542859744595356,0.00940394098544682,0.0,0.0019519504470192038,-199.1705507964602,0.0,-0.04285714285714274,0.5139238625046607,0.12504206271866594,0.36617179191409893,0.0,2.3433476394849784,0.0,0.3432301946799688,0.09866562680131202,0.1718160485404208,Asset Management,Financial Services,BK
2014Q4,2014,Q4,2015-02-27,2014-12-31,233000000.0,3587000000.0,0.0,0.7,0.0,0.0,385303000000.0,37441000000.0,0.0,0.0,346600000000.0,0.0,17683000000.0,45465663040.0,-56631336960.0,33.409418634533566,0.0,0.054632328323423386,0.5622178894794476,0.0,33.409418634533566,0.0062231243823615825,12.675122118762197,48.782900257510725,1.2143282241393125,0.9356223175965666,0.0,0.004794827248163233,0.009309556375112573,0.0,0.0006047188835799357,45.92491216161616,0.0,-0.24731182795698933,-0.5739341926899388,0.3590555302678057,0.4011010990745992,0.0,-0.7848568790397045,0.0,-0.5038980819429134,0.2907946204499521,0.2047206211838626,Asset Management,Financial Services,BK
2014Q3,2014,Q3,2014-11-07,2014-09-30,1083000000.0,3668000000.0,0.0,0.93,0.0,0.0,386296000000.0,38451000000.0,0.0,0.0,346698000000.0,0.0,17670000000.0,43646618580.0,-62986381420.0,34.11964725905234,0.0,0.05807722575434382,0.583469870744584,0.0,34.11964725905234,0.0281657174065694,11.899296232279172,10.075396717451524,1.1351231068112662,0.19298245614035087,0.0,0.0047884580020081825,0.009495309296498023,0.0,0.0028035496096257793,62.53097217765043,0.0,0.9375000000000002,1.4681529918722982,4.44324058217281,0.4439068140325465,0.0,0.8769497400346621,0.0,0.792289337323324,0.06977658745748032,0.22942723988853497,Asset Management,Financial Services,BK
2014Q2,2014,Q2,2014-08-11,2014-06-30,577000000.0,3633000000.0,0.0,0.48,0.0,0.0,400740000000.0,38326000000.0,0.0,0.0,361266000000.0,0.0,16796000000.0,42485678880.0,-88991321120.0,33.81041607119543,0.0,0.05442930578429905,0.5691175703178,0.0,33.81041607119543,0.015055054010332412,11.694378992568126,18.408006447140377,1.1085341251369825,0.38128249566724437,0.0,0.005178215478711917,0.009065728402455458,0.0,0.0014398363028397464,13.028420386384544,0.0,-0.15789473684210523,0.4468468129693903,0.2924469937272508,0.4516327857116736,0.0,-0.14391691394658754,0.0,-0.14789338987732606,0.05101285609575321,0.22893086752223804,Asset Management,Financial Services,BK
2014Q1,2014,Q1,2014-05-09,2014-03-31,674000000.0,3540000000.0,0.0,0.57,0.0,0.0,368241000000.0,37986000000.0,0.0,0.0,329272000000.0,0.0,16439000000.0,40182782050.0,-69358217950.0,33.36070504854454,0.0,0.05960227133860705,0.5777918180382247,0.0,33.36070504854454,0.01774337913968304,11.351068375706214,14.90459274851632,1.0578313602379825,0.27596439169139464,0.0,0.004628848240735487,0.009613269570743073,0.0,0.0018303230764635118,-31.992660867834395,0.0,0.29545454545454536,0.8384690851286523,0.21606963021447684,0.3553244677414193,0.0,0.2504638218923933,0.0,0.1687818050402013,0.0523014301480119,0.23788698789727739,Asset Management,Financial Services,BK
2013Q4,2013,Q4,2014-02-28,2013-12-31,539000000.0,3501000000.0,0.0,0.44,0.0,0.0,374310000000.0,37521000000.0,0.0,0.0,335776000000.0,0.0,15976000000.0,39931563340.0,-85564436660.0,32.83076419617084,0.0,0.055096043386497824,0.5496388689000826,0.0,32.83076419617084,0.014365288771621226,11.405759308768923,18.52113327458256,1.0642457114682444,0.37291280148423006,0.0,0.005033612089979346,0.009353209906227459,0.0,0.0014399829018727792,-48.460635121359225,0.0,-0.46341463414634143,7.851358542648525,0.5019526061240871,0.33996218365704195,0.0,-0.45,0.0,-0.14387640488105102,0.11908869403001443,0.2507309564117544,Asset Management,Financial Services,BK
2013Q3,2013,Q3,2013-11-08,2013-09-30,980000000.0,3659000000.0,0.0,0.82,0.0,0.0,371952000000.0,36959000000.0,0.0,0.0,333969000000.0,0.0,15639000000.0,34679977560.0,-87949022440.0,32.173959976460836,0.0,0.05802899298834258,0.5839984848074894,0.0,32.173959976460836,0.02651586893584783,9.477993320579394,8.84693305102041,0.9383364690603102,0.19183673469387755,0.0,0.005420995433885165,0.009837290833225792,0.0,0.0026347485697079194,43.8987057721519,0.0,0.15492957746478872,2.2194599896021234,0.004463580178336058,0.33715529623393525,0.0,0.15976331360946747,0.0,0.6727853054647822,0.13490634517301547,0.22040288395047836,Asset Management,Financial Services,BK
2013Q2,2013,Q2,2013-08-08,2013-06-30,845000000.0,3898000000.0,0.0,0.71,0.0,0.0,360505000000.0,35882000000.0,0.0,0.0,323574000000.0,0.0,14859000000.0,32812956150.0,-73770043850.0,31.132840800142294,0.0,0.05451242007739144,0.5476840755810712,0.0,31.132840800142294,0.02354941196142913,8.417895369420215,9.707975192307693,0.914468428459952,0.22366863905325443,0.0,0.0057599199272388634,0.010812610088625678,0.0,0.0023439342034091066,19.85054818511797,0.0,4.08695652173913,1.6933620700753689,0.1301674581952822,0.2370239641850931,0.0,4.339920948616601,0.0,0.34214760301640385,0.2131949887807005,0.23375711658432033,Asset Management,Financial Services,BK
2013Q1,2013,Q1,2013-05-09,2013-03-31,-253000000.0,3507000000.0,0.0,-0.23,0.0,0.0,355942000000.0,35690000000.0,0.0,0.0,319268000000.0,0.0,14202000000.0,32296285530.0,-70435714470.0,30.798597537665504,0.0,0.05821454057121666,0.580582796301485,0.0,30.798597537665504,-0.007088820397870552,9.209091967493585,-31.913325622529644,0.9049113345474923,-0.6561264822134387,0.0,0.005139909970321594,0.009852728815368797,0.0,-0.0007107899601620489,-11.253061160278746,0.0,-1.430229817545146,-1.3319604624646428,-0.08338151524280288,0.22683874328439788,0.0,-1.3984251968503938,0.0,-1.4746211443394128,0.014812821678338264,0.26088978021698944,Asset Management,Financial Services,BK
2012Q4,2012,Q4,2013-02-28,2012-12-31,635000000.0,3509000000.0,0.0,0.534598,0.0,0.0,358990000000.0,36431000000.0,0.0,0.0,321548000000.0,0.0,14622000000.0,29901701763.7,-88597298236.3,31.311819889014448,0.0,0.05640268531156857,0.555790398287173,0.0,31.311819889014448,0.01743021053498394,8.521431109632374,11.772323529015749,0.8207763103867585,0.262992125984252,0.0,0.0055849664116018405,0.009774645533301764,0.0,0.001768851500041784,190.45669913184713,0.0,-0.12360983606557373,0.19049581745980698,-0.014432788117263867,0.20791657530562546,0.0,-0.12413793103448276,0.0,0.11843365178584853,0.28057474519834147,0.3131334531866668,Asset Management,Financial Services,BK
2012Q3,2012,Q3,2012-11-08,2012-09-30,725000000.0,3675000000.0,0.0,0.61,0.0,0.0,339944000000.0,36218000000.0,0.0,0.0,302805000000.0,0.0,14153000000.0,26820624820.0,-69933375180.0,30.96418318266457,0.0,0.06451945026239615,0.6055828593517035,0.0,30.96418318266457,0.020017670771439615,7.298129202721088,9.24849131724138,0.7405330172842234,0.2206896551724138,0.0,0.005965558262486444,0.01081060409949874,0.0,0.0021327042101051937,37.14767980609418,0.0,0.564102564102564,0.08970617160208733,-0.018011909728693643,0.20315692822884898,0.0,0.555793991416309,0.0,1.301950409713584,4.254408290318356,0.31037096453391466,Asset Management,Financial Services,BK
2012Q2,2012,Q2,2012-08-08,2012-06-30,466000000.0,3617000000.0,0.0,0.39,0.0,0.0,330283000000.0,34533000000.0,0.0,0.0,294898000000.0,0.0,13588000000.0,25930632500.0,-72103367500.0,29.231811063613662,0.0,0.06804467683774218,0.6507977876234327,0.0,29.231811063613662,0.013494338748443517,7.169099391761128,13.911283530042919,0.7508942895201691,0.33476394849785407,0.0,0.0060160507075945795,0.010951214564479552,0.0,0.0014109112488381176,229.4746238938053,0.0,-0.25,-0.37082289116003736,0.06947789571786445,0.7540149253668863,0.0,-0.24717285945072698,0.0,0.12123604268770988,0.2346965823057409,0.25505273985143534,Asset Management,Financial Services,BK
2012Q1,2012,Q1,2012-05-09,2012-03-31,619000000.0,3646000000.0,0.0,0.52,0.0,0.0,300169000000.0,34000000000.0,0.0,0.0,265340000000.0,0.0,13277000000.0,28809555030.0,-48939444970.0,28.477357569239764,0.0,0.0781826237885991,0.6902352941176471,0.0,28.477357569239764,0.018205882352941176,7.901688159626988,11.635523033117932,0.8473398538235294,0.2552504038772213,0.0,0.0054842915774114265,0.012146490810176934,0.0,0.0020621716433076036,-1920.637002,0.0,0.2380952380952382,-0.1031712721960748,0.2053543613157227,0.8546895106669866,0.0,0.22574257425742575,0.0,0.6102607183345576,0.19448571331534256,0.1569317684997737,Asset Management,Financial Services,BK
2011Q4,2011,Q4,2012-02-28,2011-12-31,505000000.0,2988000000.0,0.0,0.42,0.0,0.0,325266000000.0,33417000000.0,0.0,0.0,291065000000.0,0.0,12812000000.0,23991430540.0,-84630569460.0,27.732088292555815,0.0,0.06799665504540899,0.6618487596133704,0.0,27.732088292555815,0.015112068707544064,8.029260555555556,11.876945811881187,0.717940884579705,0.31287128712871287,0.0,0.006585684823444463,0.009186327498109239,0.0,0.0015525754305706714,8.471550331920904,0.0,-0.20754716981132082,-0.8241331545453107,7.84407287505166,0.7958686076501748,0.0,-0.22427035330261136,0.0,6.865404717204632,0.21577508596726863,0.1318636801697435,Asset Management,Financial Services,BK
2011Q3,2011,Q3,2011-11-08,2011-09-30,651000000.0,3694000000.0,0.0,0.53,0.0,0.0,322187000000.0,33695000000.0,0.0,0.0,287658000000.0,0.0,12464000000.0,22570602340.0,-80871397660.0,27.752473795965162,0.0,0.07450331639699925,0.7123905623979819,0.0,27.752473795965162,0.019320373942721472,6.110071017866811,8.667666029185868,0.669850195577979,0.24731182795698925,0.0,0.007133172503538955,0.011465391216901986,0.0,0.002020565696319218,-11.923191938721606,0.0,-0.1016949152542372,0.15310922125350765,0.43055030777807785,1.0071293267933148,0.0,-0.11428571428571428,0.0,1.0234379004785628,-0.04055383413550755,0.15339757204330265,Asset Management,Financial Services,BK
2011Q2,2011,Q2,2011-08-08,2011-06-30,735000000.0,3752000000.0,0.0,0.59,0.0,0.0,304706000000.0,33851000000.0,0.0,0.0,269983000000.0,0.0,11977000000.0,31523001720.0,-71369998280.0,27.512056995820892,0.0,0.0635924464894029,0.5724203125461582,0.0,27.512056995820892,0.02171280021269682,8.401652910447762,10.722109428571429,0.9312280795249771,0.22040816326530613,0.0,0.005139104500229682,0.012313508759263027,0.0,0.0024121612308257794,85.66033076086957,0.0,0.17999999999999994,0.008051407421615343,0.33720786853020457,1.0683288672275848,0.0,0.176,0.0,1.1944961367160376,0.018997793984768137,0.09315670954450883,Asset Management,Financial Services,BK
2011Q1,2011,Q1,2011-05-09,2011-03-31,625000000.0,3646000000.0,0.0,0.5,0.0,0.0,266444000000.0,33258000000.0,0.0,0.0,232304000000.0,0.0,11405000000.0,36861850120.0,-32202149880.0,26.94971784557839,0.0,0.06901637867619462,0.5529195982921402,0.0,26.94971784557839,0.0187924709844248,10.110216708721888,14.744740048,1.1083603980997054,0.1792,0.0,0.003038371639931132,0.01368392607827536,0.0,0.002345708666736725,140.6940844274809,0.0,-0.07407407407407414,-0.08310623683004531,0.24021428284698945,1.0383708973390646,0.0,-0.07952871870397643,0.0,-0.2299488778818416,-0.10516448902872821,0.07352154373600205,Asset Management,Financial Services,BK
2010Q4,2010,Q4,2011-02-28,2010-12-31,679000000.0,3374000000.0,0.0,0.54,0.0,0.0,247259000000.0,32354000000.0,0.0,0.0,214102000000.0,0.0,10898000000.0,37223553600.0,-15815446400.0,26.249261704019574,0.0,0.0783995729174671,0.5991531186252086,0.0,26.249261704019574,0.020986585893552574,11.03246994665086,13.705284830633286,1.1505085491747544,0.16494845360824742,0.0,0.0030088476023417605,0.013645610473228476,0.0,0.002746108331749299,35.41727269267364,0.0,0.058823529411764754,0.03919541343413018,0.18423215523739694,1.030623323397221,0.0,0.09163987138263666,0.0,0.20164398481619106,-0.10545982365125425,0.012618187451461437,Asset Management,Financial Services,BK
2010Q3,2010,Q3,2010-11-08,2010-09-30,622000000.0,3423000000.0,0.0,0.51,0.0,0.0,254157000000.0,32153000000.0,0.0,0.0,221307000000.0,0.0,10386000000.0,31868352937.59,-28933647062.410004,26.36339228592514,0.0,0.07455627820599078,0.5893384754144247,0.0,26.36339228592514,0.01934500668677884,9.310065129298861,12.808823527970256,0.9911471071934189,0.1752411575562701,0.0,0.0034203211007943287,0.013468053211204098,0.0,0.0024473061926289655,10.647628779682593,0.0,-0.0555555555555556,-0.0022879176255063177,0.22750169101296314,1.0881079860105156,0.0,-0.0547112462006079,0.0,-0.10338414052409468,-0.12279640243343364,0.024386721048208042,Asset Management,Financial Services,BK
2010Q2,2010,Q2,2010-08-06,2010-06-30,658000000.0,3358000000.0,0.0,0.54,0.0,0.0,235693000000.0,30396000000.0,0.0,0.0,204588000000.0,0.0,9875000000.0,29740512330.0,-31209487670.0,25.234173227169823,0.0,0.07965446576690864,0.6176470588235294,0.0,25.234173227169823,0.021647585208580077,8.856614749851103,11.299586751519758,0.978435068101066,0.16717325227963525,0.0,0.0036986585429142132,0.014247347184685162,0.0,0.0027917672565583194,-21.692569168490152,0.0,0.1739130434782609,0.0499700252612311,0.23558884787395307,1.038236988574059,0.0,0.1771019677996422,0.0,-0.12870721002535948,-0.02623261180757939,0.514142123231066,Asset Management,Financial Services,BK
2010Q1,2010,Q1,2010-05-07,2010-03-31,559000000.0,3624000000.0,0.0,0.46,0.0,0.0,220551000000.0,29683000000.0,0.0,0.0,190096000000.0,0.0,9340000000.0,37525913034.08,-12867086965.919998,24.426082295920665,0.0,0.0807250930623756,0.5998046019607183,0.0,24.426082295920665,0.018832328268705994,10.354832514922737,16.782608691449017,1.2642223843304248,0.19499105545617174,0.0,0.002904659505579763,0.016431573649632058,0.0,0.0025345611672583667,32.716576315675674,0.0,-0.06122448979591831,-0.06422163564954192,0.40799919408388996,1.0174086181204964,0.0,-0.05733558178752108,0.0,-0.20428797215094652,0.17709501606767084,0.5908357547143743,Asset Management,Financial Services,BK
2009Q4,2009,Q4,2010-02-26,2009-12-31,593000000.0,2862000000.0,0.0,0.49,0.0,0.0,212224000000.0,28977000000.0,0.0,0.0,183221000000.0,0.0,8912000000.0,33989630426.27,-16142369573.73,23.845116285041712,0.0,0.0835108187575392,0.6116230113538323,0.0,23.845116285041712,0.02046450633260862,11.876181141254367,14.329523788478076,1.172986521250302,0.1821247892074199,0.0,0.0031774396674971984,0.013485750904704464,0.0,0.0027942174306393244,27.7014102903586,0.0,1.2390243902439027,0.0718844703997901,0.060016604847716225,0.978964979092267,0.0,1.241253051261188,0.0,-0.7952244046440751,7.500317501627986,0.5441569105911637,Asset Management,Financial Services,BK
2009Q3,2009,Q3,2009-11-06,2009-09-30,-2458000000.0,716000000.0,0.0,-2.05,0.0,0.0,212007000000.0,28295000000.0,0.0,0.0,183691000000.0,0.0,8462000000.0,34713031860.0,-14045968140.0,23.630089509559767,0.0,0.08928478776644168,0.6689874536137127,0.0,23.630089509559767,-0.08687047181480827,48.4818880726257,-3.5306175610252235,1.2268256532956352,-0.045565500406834825,0.0,0.003226453985687668,0.0033772469776941327,0.0,-0.011593956803313097,16.451673867298577,0.0,-14.666666666666666,-5.4766339635171795,-0.6998560072074522,1.0148474819284448,0.0,-6.966019417475728,0.0,-5.4145939423700495,-0.7188496074464902,0.708988034655273,Asset Management,Financial Services,BK
2009Q2,2009,Q2,2009-08-07,2009-06-30,412000000.0,2904000000.0,0.0,0.15,0.0,0.0,203012000000.0,27276000000.0,0.0,0.0,175708000000.0,0.0,11028000000.0,34324384110.0,-10341615890.0,23.291300943316475,0.0,0.09349201032451283,0.6958498313535709,0.0,23.291300943316475,0.015104854084176566,11.819691497933885,20.82790297936893,1.2584097415310163,0.3325242718446602,0.0,0.003991331630626016,0.014304573128682049,0.0,0.0020294366835458,50.700715081240766,0.0,-0.46428571428571436,-0.26792821002014233,0.20628534233801774,1.0467711244439748,0.0,0.11653116531165311,0.0,-0.40631775257219604,0.08741222496451223,0.7510166580297588,Asset Management,Financial Services,BK
2009Q1,2009,Q1,2009-05-08,2009-03-31,369000000.0,2930000000.0,0.0,0.28,0.0,0.0,203478000000.0,28210000000.0,0.0,0.0,175241000000.0,0.0,10953000000.0,32376477500.0,-25348522500.0,24.61455233973492,0.0,0.08475609156763876,0.611343495214463,0.0,24.61455233973492,0.013080467919177597,11.049992320819113,21.93528285907859,1.1476950549450549,0.8536585365853658,0.0,0.009729285713679012,0.014399591110586894,0.0,0.0018134638634152095,-58.75948729582577,0.0,13.0,-0.31802537424358074,0.31582774840118577,1.1664177915451626,0.0,5.049180327868853,0.0,-0.41709721625648616,0.07319452036615909,0.861748142516333,Asset Management,Financial Services,BK
2008Q4,2008,Q4,2009-02-27,2008-12-31,61000000.0,2335000000.0,0.0,0.02,0.0,0.0,237512000000.0,28050000000.0,0.0,0.0,209462000000.0,0.0,10250000000.0,32433288869.999996,-49368711130.0,24.501261749468703,0.0,0.07055643504328202,0.5974331550802139,0.0,24.501261749468703,0.0021746880570409984,13.890059473233404,132.9233150409836,1.1562669828877004,4.901639344262295,0.0,0.009218923224174398,0.00983108221900367,0.0,0.00025682912863350064,25.884508276137268,0.0,-0.9230769230769231,-0.8661860403607724,0.033874046384303934,1.2413944955909315,0.0,-0.7986798679867987,0.0,-0.8994866483948646,-0.11764138853028591,0.8953993495943794,Asset Management,Financial Services,BK
2008Q3,2008,Q3,2008-11-07,2008-09-30,303000000.0,3626000000.0,0.0,0.26,0.0,0.0,267510000000.0,27513000000.0,0.0,0.0,239997000000.0,0.0,10438000000.0,37253438100.0,-30942561900.0,24.061498366777588,0.0,0.10977159732346455,1.0673136335550466,0.0,24.061498366777588,0.011012975684222005,10.273976309983453,30.737160148514853,1.3540303892705265,0.9141914191419142,0.0,0.007435555323952772,0.01355463347164592,0.0,0.0011326679376471908,-97.26746240208877,0.0,-0.03703703703703707,-0.21930253279815348,0.6524333629222803,1.24140918751692,0.0,-0.019417475728155338,0.0,-0.48160308999927054,0.38690887886037867,0.9057868710572176,Asset Management,Financial Services,BK
2008Q2,2008,Q2,2008-08-08,2008-06-30,309000000.0,3397000000.0,0.0,0.27,0.0,0.0,201225000000.0,28569000000.0,0.0,0.0,172656000000.0,0.0,10463000000.0,42942837990.0,16135837990.0,25.167532482405456,0.0,0.08487513976891539,0.5978158143442193,0.0,25.167532482405456,0.010815919353145017,12.641400644686488,34.74339643203883,1.5031270954531135,0.8964401294498382,0.0,0.006450435345342205,0.016881600198782456,0.0,0.001535594483786806,47.767339254727474,0.0,-0.5846153846153846,-0.3070179280096148,0.612197743154074,1.3296951675442494,0.0,-0.5857908847184986,0.0,-0.47678228326576233,0.3263611401691805,1.0328542233175138,Asset Management,Financial Services,BK
2008Q1,2008,Q1,2008-05-09,2008-03-31,746000000.0,3745000000.0,0.0,0.65,0.0,0.0,204935000000.0,28475000000.0,0.0,0.0,176460000000.0,0.0,10435000000.0,47333504400.0,22332504400.0,25.104030750784638,0.0,0.09955839656476444,0.716523266022827,0.0,25.104030750784638,0.026198419666374012,12.63912,15.862434450402143,1.6622828586479368,0.3699731903485255,0.0,0.005830964841893263,0.018274086905604215,0.0,0.003640178593212482,56.21556342042755,0.0,0.4444444444444445,0.6096584527898831,0.9380440039897808,1.636763194947121,0.0,0.4346153846153846,0.0,0.33793101394833674,0.5588335374314297,1.0734020041622878,Asset Management,Financial Services,BK
2007Q4,2007,Q4,2008-02-28,2007-12-31,520000000.0,3471000000.0,0.0,0.45,0.0,0.0,197656000000.0,29403000000.0,0.0,0.0,168253000000.0,0.0,10015000000.0,55307492800.0,36641492800.0,25.92217089254858,0.0,0.11531145019630064,0.7751589973812196,0.0,25.92217089254858,0.017685270210522734,15.93416675309709,26.590140769230768,1.881015297758732,0.5269230769230769,0.0,0.004954120791387601,0.017560812725138625,0.0,0.0026308333670619663,-154.4902033519553,0.0,-0.19642857142857148,2.309941108015657,0.7731827364369595,1.8000908713973778,0.0,-0.1875,0.0,0.007001994412510363,0.3773089012019444,1.1513448609424062,Asset Management,Financial Services,BK
2007Q3,2007,Q3,2007-11-09,2007-09-30,640000000.0,3600000000.0,0.0,0.56,0.0,0.0,183972000000.0,28957000000.0,0.0,0.0,155015000000.0,0.0,9773000000.0,50553663450.0,32809663450.0,25.735780974345985,0.0,0.0892744548083404,0.5671858272611113,0.0,25.735780974345985,0.022101737058396933,14.042684291666667,19.747524785156248,1.7458184014227993,0.428125,0.0,0.005419983069496024,0.019568195160133063,0.0,0.0034787902506903225,16.37100500323834,0.0,-0.09677419354838701,4.191249868444049,1.1886733019827553,1.797451844188671,0.0,0.43820224719101125,0.0,0.2404458143376888,0.60600632496744,1.1943917508499116,Asset Management,Financial Services,BK
2007Q2,2007,Q2,2007-08-08,2007-06-30,445000000.0,2032000000.0,0.0,0.62,0.0,0.0,126333000000.0,11829000000.0,0.0,0.0,114504000000.0,0.0,9571000000.0,31178087049.392,17636087049.392,16.665656968397382,0.0,0.09977598885485187,1.065601487868797,0.0,16.665656968397382,0.03761940992476118,15.34354677627559,17.51577924123146,2.6357331177100347,0.3775280898876405,0.0,0.005388399863463598,0.016084475156926535,0.0,0.003522436734661569,-29.330279444395106,0.0,0.08771929824561413,0.25390436231918767,0.617351642819653,0.8203637414800166,0.0,0.02534562211981567,0.0,0.30460130419193115,0.3926387777005296,0.46452899027920075,Asset Management,Financial Services,BK
2007Q1,2007,Q1,2007-03-31,2007-03-31,434000000.0,1902000000.0,0.0,0.57,0.0,0.0,99848000000.0,11527000000.0,0.0,0.0,88321000000.0,0.0,9294000000.0,32268797842.762,27934797842.762,15.354245228355602,0.0,0.11316200624949924,0.9802203522165351,0.0,15.354245228355602,0.03765073306150776,16.96571916023239,18.588017190531108,2.799409893533617,0.3870967741935484,0.0,0.005206267702274597,0.01904895441070427,0.0,0.004346606842400448,16.21547630289548,0.0,-0.7564102564102565,0.15300326205415654,0.496885852313153,0.744690754622717,0.0,-0.757406372275014,0.0,0.22448904312592918,0.3039629648275863,0.3513839122217087,Asset Management,Financial Services,BK
