Quarters,Year,Quarter,FillingDate,Date,NetIncome,Revenue,OperatingIncome,EPSDiluted,GrossProfit,GrossProfitRatio,TotalAssets,CommonStockEquity,CurrentAssets,CurrentLiability,TotalLiability,Inventory,RetainedEarnings,MarketCap,EnterpriseValue,bookValuePerShare,currentRatio,debtToAssets,debtToEquity,roic,shareholdersEquityPerShare,roe,priceToSalesRatio,peRatio,pbRatio,payoutRatio,inventoryTurnover,dividendYield,assetTurnover,quickRatio,returnOnAssets,priceToFreeCashFlowsRatio,grossProfitMargin,epsdilutedGrowth,fiveYNetIncomeGrowthPerShare,fiveYRevenueGrowthPerShare,fiveYShareholdersEquityGrowthPerShare,grossProfitGrowth,netIncomeGrowth,operatingIncomeGrowth,threeYNetIncomeGrowthPerShare,threeYRevenueGrowthPerShare,threeYShareholdersEquityGrowthPerShare,Industry,Sector,Symbol
2023Q1,2023,Q1,2023-05-04,2023-03-31,819000.0,254667000.0,-1359000.0,0.12,41544000.0,0.1631306765,676390000.0,173478000.0,449506000.0,338388000.0,502912000.0,108165000.0,163793000.0,608602240.0,576555240.0,25.2662394407224,1.3283745286475879,0.030438060882035513,0.11867787269855544,-0.0054352058626686815,25.2662394407224,0.004721059730916888,2.389796243722194,185.77601953601953,3.508238739206124,2.5238095238095237,1.9703508528636804,0.003396306921249583,0.37650911456408287,0.9478350296109791,0.001210839900057659,-20.623593358183665,0.1631306765305281,-0.926829268292683,1.0954999605833586,0.20956745340223082,1.446243542882243,-0.31565248904556387,-0.9289555863983345,-1.0914597213809811,1.2633198249931965,0.27319274639959396,0.17827442913808123,Staffing & Employment Services,Industrials,BBSI
2022Q4,2022,Q4,2023-03-06,2022-12-31,11528000.0,271950000.0,14859000.0,1.64,60706000.0,0.2232248575,686938000.0,177842000.0,454362000.0,334731000.0,509096000.0,110989000.0,172623000.0,645311040.0,575070040.0,25.707140792136457,1.3573944450917304,0.030835388346546557,0.11910572305754547,0.04734817812653932,25.707140792136457,0.0648215832030679,2.3729032542746826,13.99442748091603,3.628563781333993,0.1710617626648161,1.9032877131968033,0.0030558906910999072,0.39588725620070514,0.9667046075804153,0.01678171829189825,24.516033736038295,0.2232248575105718,-0.33061224489795926,0.16007593268398934,0.17260368267567575,1.1125034084088992,-0.09259951271281446,-0.33891501318958595,-0.33504877830484203,0.067625374006083,0.20343811264361125,0.12301056260504496,Staffing & Employment Services,Industrials,BBSI
2022Q3,2022,Q3,2022-11-03,2022-09-30,17438000.0,273822000.0,22346000.0,2.45,66901000.0,0.2443229543,696990000.0,171363000.0,460782000.0,341755000.0,525627000.0,113942000.0,170745000.0,548808000.0,512170000.0,24.35517339397385,1.348281663764978,0.03201337178438715,0.13020897159830302,0.07544189853401714,24.35517339397385,0.101760590092377,2.004250936739926,7.867989448331231,3.202604996411127,0.1220323431586191,1.8160204314475785,0.003877494497164764,0.39286359919080616,0.9558689704612954,0.025019010315786454,17.52988149615102,0.24432295432799409,-0.012096774193548309,0.22302219629739348,0.1824202780194242,1.2029623004938286,0.000239216565747178,-0.03197513045409126,-0.032221741013425724,-0.2573047384198189,0.17444618650625907,0.13784494388563678,Staffing & Employment Services,Industrials,BBSI
2022Q2,2022,Q2,2022-08-04,2022-06-30,18014000.0,262179000.0,23090000.0,2.48,66885000.0,0.2551119655,756274000.0,174498000.0,510534000.0,389768000.0,581776000.0,111905000.0,165389000.0,521894940.00000006,507779940.00000006,24.364423345434236,1.3098407257650706,0.02642296310596424,0.11451707182890349,0.07869886869717102,24.364423345434236,0.10323327487994131,1.9906054260638726,7.242907460863773,2.9908362273493108,0.12184967247696236,1.7451767123899737,0.004205827326089806,0.3466719733853074,0.9705029658668747,0.02381940936750437,-58.89797314072904,0.2551119654892268,63.41558441558442,0.6398885644032865,0.17720499574232101,1.60435770519694,0.6574975838227641,61.548611111111114,18.927018633540374,0.34017216974923403,0.1743665066304539,0.3133361242310351,Staffing & Employment Services,Industrials,BBSI
2022Q1,2022,Q1,2022-05-05,2022-03-31,288000.0,246375000.0,-1288000.0,0.0385,40353000.0,0.1637869102,784517000.0,185712000.0,516370000.0,391903000.0,598805000.0,113427000.0,168292000.0,573742820.0,547271820.0,25.07588441803943,1.3175964460593566,0.024987348903847847,0.10555591453433273,-0.0052191172681667055,25.07588441803943,0.0015507883173946756,2.3287379807204465,498.0406423611111,3.0894224390454035,7.739583333333333,1.8163400248618053,0.003885015937977228,0.3140467319382499,0.9790790067950488,0.0003671048555990501,-15.522084787490193,0.1637869101978691,-0.9725,1.0251086381036072,0.14835968857654708,2.1588337152900827,-0.2785733440600697,-0.9728660260033918,-1.091561811331485,1.1252342988646105,0.1291994910786136,0.5494487990157754,Staffing & Employment Services,Industrials,BBSI
2021Q4,2021,Q4,2022-03-07,2021-12-31,10614000.0,256568000.0,14067000.0,1.4,55935000.0,0.2180123788,513200000.0,208530000.0,406719000.0,315396000.0,538422000.0,0.0,178323000.0,516706920.0,498070920.0,27.870890136327183,1.289550279648442,0.09892634450506625,0.24346137246439362,0.03871777147008563,27.870890136327183,0.05089915120126601,2.013918025630632,12.170409836065573,2.477854121709107,0.2120783870359902,0.0,0.00435643478511958,0.49993764614185504,1.0205424292001166,0.02068199532346064,11.99969623780771,0.21801237878457172,-0.28571428571428575,0.2770438788397237,0.12351380340439809,1.8969441428486955,-0.07138706731966464,-0.28903476455221383,-0.206285617559104,-0.3782243021600203,0.06522508157512943,0.7297994432586948,Staffing & Employment Services,Industrials,BBSI
2021Q3,2021,Q3,2021-11-03,2021-09-30,14929000.0,246950000.0,17723000.0,1.96,60235000.0,0.24391577242356752,808967000.0,207633000.0,463285000.0,356974000.0,601334000.0,0.0,176113000.0,575381700.0,589241700.0,27.51928429423459,1.2978116053269986,0.03302977748165253,0.12868859959640327,0.05268634575434748,27.51928429423459,0.0719009020724066,2.3299522170479854,9.635302096590529,2.7711476499400387,0.15198606738562528,0.0,0.0039434691788077375,0.3052658513882519,1.0017368211690487,0.018454399252379888,-8.890735046432932,0.24391577242356752,-0.1250000000000001,0.40051248585233773,0.05314213468060683,2.195289774657601,0.048057348668070224,-0.1264482153306027,-0.13474588683298344,-0.23608971552706434,-0.024657706035573296,1.0293368888332186,Staffing & Employment Services,Industrials,BBSI
2021Q2,2021,Q2,2021-08-04,2021-06-30,17090000.0,233203000.0,20483000.0,2.24,57473000.0,0.24645051736041132,866118000.0,199422000.0,462417000.0,406848000.0,666696000.0,0.0,167445000.0,548495940.0,573919940.0,26.39952343129468,1.1365841788579518,0.032204618770190666,0.1398692220517295,0.06223742329961807,26.39952343129468,0.08569766625547834,2.352010651664001,8.023638677589233,2.7504284381863586,0.1328847279110591,0.0,0.004140413509715313,0.26925084110941006,0.8340707094541451,0.019731722467377425,60.527029353343636,0.24645051736041132,4.733333333333334,0.9140744101593926,0.09422131956799518,2.571921707319371,0.8620767860035639,4.752744839701362,3.7169385860193658,0.4713505229724396,-0.025615540189294687,1.2737026955259394,Staffing & Employment Services,Industrials,BBSI
2021Q1,2021,Q1,2021-05-05,2021-03-31,-4554000.0,218445000.0,-7539000.0,-0.6,30865000.0,0.1412941472681911,842655000.0,184485000.0,472122000.0,369806000.0,658170000.0,0.0,155612000.0,521683360.0,521207360.0,24.35124076029567,1.2766747970557535,0.03331019219016086,0.1521478711006315,-0.023874727186666056,24.35124076029567,-0.024684933734449955,2.3881680056764862,-28.63874396135266,2.8277819876954764,-0.5002195871761089,0.0,0.004366633430669516,0.25923420616978476,0.9689566962136904,-0.005404346974740552,-53.976550439730985,0.1412941472681911,-1.6451612903225805,0.458604026657902,0.08831927457496919,2.844820454749216,-0.39455462053002216,-1.6368340092294784,-1.8677486187845305,0.5187440078865849,-0.05970665614668637,1.3576545932290505,Staffing & Employment Services,Industrials,BBSI
2020Q4,2020,Q4,2021-03-08,2020-12-31,7151000.0,233176000.0,8688000.0,0.93,50979000.0,0.21862884687961026,774950000.0,198235000.0,407875000.0,290637000.0,576715000.0,0.0,165710000.0,517713899.99999994,476714899.99999994,26.117918313570488,1.4033829140818272,0.03573004709981289,0.13967765530809392,0.02632665235526111,26.117918313570488,0.036073347289832774,2.2202709541290697,18.099353237309465,2.6116170202032936,0.32093413508600194,0.0,0.004432950322562326,0.30089167043035037,1.0147469179767201,0.009227692109168333,10.507263760350705,0.21862884687961026,-0.6124999999999999,-0.4071473928132783,0.1420840998405545,2.4486510900377305,-0.13936252827767837,-0.613689157798066,-0.6105083833946023,-0.3440994291403533,-0.08360054890566922,1.1462593566547108,Staffing & Employment Services,Industrials,BBSI
2020Q3,2020,Q3,2020-11-04,2020-09-30,18511000.0,227513000.0,22306000.0,2.4,59234000.0,0.2603543533776092,823279000.0,197312000.0,466465000.0,345987000.0,625967000.0,0.0,165649000.0,400589160.0,367840160.0,25.829558842780468,1.348215395376127,0.034549648418093985,0.1441574764839442,0.06986842771421373,25.829558842780468,0.09381588550113526,1.7607308593355104,5.410150180973474,2.030232119688615,0.12381827021770839,0.0,0.005721572695576685,0.27634981579756074,1.0462069384109807,0.02248447974501961,11.67319870618061,0.2603543533776092,0.5894039735099337,0.590233149958686,0.0792200678592949,2.683579301042939,0.26994404305040415,0.6082536924413553,0.8258164852255054,0.1957953691792952,-0.09510316600858866,1.3363226961509298,Staffing & Employment Services,Industrials,BBSI
2020Q2,2020,Q2,2020-08-05,2020-06-30,11510000.0,201031000.0,12217000.0,1.51,46643000.0,0.23201894235217455,772338000.0,179888000.0,421516000.0,316010000.0,592450000.0,0.0,149430000.0,401503410.0,369008410.0,23.804155087997884,1.3338691813550203,0.03847408776986242,0.16518611580539003,0.04301382656114588,23.804155087997884,0.06398425687094192,1.9972213738179683,8.720751737619462,2.2319632771502267,0.19739357080799305,0.0,0.005658731516128343,0.26028888906152486,1.0176007088383279,0.014902801623123555,-3.4107802677630907,0.23201894235217455,4.355555555555555,0.2453264330504281,0.0429595376499207,3.2290505337574933,0.7904495028981613,4.378338714411505,2.7294733861834652,-0.006965362722011184,-0.1445352452413991,1.5444696080093223,Staffing & Employment Services,Industrials,BBSI
2020Q1,2020,Q1,2020-05-06,2020-03-31,-3407000.0,219104000.0,-7064000.0,-0.45,26051000.0,0.11889787498174383,859587000.0,161276000.0,398437000.0,343393000.0,698311000.0,0.0,140192000.0,298132440.0,294802440.0,21.4434250764526,1.160294473096423,0.012729368871330068,0.06784642476251891,-0.02795951851307416,21.4434250764526,-0.021125275924502095,1.3606891704396087,-21.876463164073964,1.8485852823730748,-0.6639272086879953,0.0,0.00758723203687596,0.2548945016618446,0.7626014508158291,-0.003963531323763621,-124.32545454545455,0.11889787498174383,-1.2980132450331126,0.4429261173391053,0.24528318656841322,3.7685472314318,-0.5177794643022416,-1.2908485572818849,-1.5569221065909808,0.7075100676805695,0.005633487256869919,1.7012492550039948,Staffing & Employment Services,Industrials,BBSI
2019Q4,2019,Q4,2020-03-03,2019-12-31,11714000.0,245152000.0,12684000.0,1.51,54023000.0,0.22036532437018666,860929000.0,171799000.0,423848000.0,342122000.0,689130000.0,0.0,148678000.0,678902300.0,644954300.0,22.891272485009992,1.2388796978855496,0.012337835059569372,0.061828066519595576,0.046651045816906635,22.891272485009992,0.06818433168994,2.7693116923378147,14.489121990780262,3.9517243988614603,0.19241932730066588,0.0,0.0033200653466632832,0.2847528657996188,0.8536603901532201,0.013606232337393677,41.18053499939342,0.22036532437018666,-0.5339506172839507,0.5803530846746657,0.32925701099695026,3.2172808380733913,-0.2365750946809112,-0.5308958391734412,-0.5540398002953378,0.4050732426673506,0.07023308278338947,1.3793548545967658,Staffing & Employment Services,Industrials,BBSI
2019Q3,2019,Q3,2019-11-06,2019-09-30,24971000.0,247962000.0,28442000.0,3.24,70764000.0,0.28538243763157256,870180000.0,160171000.0,448343000.0,367789000.0,710009000.0,0.0,139218000.0,664640060.0,639642060.0,21.40465054122678,1.2190223198627474,0.012013606380289135,0.06526774509742712,0.11776827344237177,21.40465054122678,0.15590212959899108,2.680410950064929,6.654119378479035,4.149565526843186,0.09006447479075728,0.0,0.003383786406133871,0.2849548369302903,0.8827534265570749,0.028696361672297686,41.24356562209122,0.28538243763157256,0.7900552486187846,1.6332928403293132,0.35930227526466313,3.4667706715045536,0.2838404180046808,0.7955705759689365,0.8781035393555203,1.3619771968486398,0.06621941791014614,1.4853139446955044,Staffing & Employment Services,Industrials,BBSI
2019Q2,2019,Q2,2019-08-07,2019-06-30,13907000.0,230982000.0,15144000.0,1.81,55119000.0,0.2386289840766813,834203000.0,137467000.0,388187000.0,347575000.0,696736000.0,0.0,116496000.0,597912900.0,584661900.0,18.551551956815114,1.1168438466518018,0.012517336907203643,0.07596004859348061,0.06749873803793344,18.551551956815114,0.10116609804534907,2.588569239161493,10.748416265190192,4.349501334865822,0.13324225210325735,0.0,0.003099113599990902,0.27688943818231293,0.7601006976911457,0.016671002142164437,125.50648614609572,0.2386289840766813,6.838709677419355,0.8484417430420018,0.48008073528778433,0.8064493129104421,0.9444385649275056,7.0465217391304344,3.61916291940505,0.5878482017330077,0.10486177662729432,1.5100714909292332,Staffing & Employment Services,Industrials,BBSI
2019Q1,2019,Q1,2019-05-07,2019-03-31,-2300000.0,218215000.0,-5782000.0,-0.31,28347000.0,0.1299039937676145,817901000.0,119873000.0,336657000.0,359905000.0,698028000.0,0.0,104442000.0,581967990.0,554160990.0,16.18374510598083,0.9354051763659854,0.012735037614576825,0.08689196065836344,-0.02691687830519161,16.18374510598083,-0.01918697287963094,2.6669476892056,-63.257390217391304,4.854871322149274,-0.8052173913043478,0.0,0.0031823056110010456,0.26679879349701247,0.5361109181589586,-0.0028120762781803665,20.08586974528888,0.1299039937676145,-1.1402714932126696,0.37861918715883824,0.5630666498112183,0.7041775945055447,-0.5445826103720841,-1.1364499288087329,-1.3303811210787955,0.7203289889553198,0.11197861200953457,1.5552535425372342,Staffing & Employment Services,Industrials,BBSI
2018Q4,2018,Q4,2019-03-05,2018-12-31,16856000.0,237832000.0,17501000.0,2.21,62244000.0,0.2617141511655286,756089000.0,119037000.0,321673000.0,326738000.0,637052000.0,0.0,108594000.0,422963000.0,391764000.0,16.112208987547373,0.9844982830279918,0.005517868928128831,0.03504792627502373,0.12351199861619869,16.112208987547373,0.14160303099036434,1.7784108109926335,6.273181656383484,3.5532061459882223,0.1096938775510204,0.0,0.004371540773069985,0.3145555615807134,0.5734992562848521,0.022293671776735278,19.540910140910142,0.2617141511655286,-0.11600000000000002,1.9396182536998963,0.5959512561198792,0.5911675243722097,0.042875094244785125,-0.11688583852884162,-0.20687936191425724,0.43565261978784187,0.19673891782672903,1.1274814639017383,Staffing & Employment Services,Industrials,BBSI
2018Q3,2018,Q3,2018-11-07,2018-09-30,19087000.0,247287000.0,22066000.0,2.5,59685000.0,0.24135923036795304,743341000.0,99929000.0,322773000.0,342819000.0,643412000.0,0.0,93587000.0,489154219.99999994,458406219.99999994,13.560727371420818,0.9415259947669178,0.005686488435321071,0.04230003302344665,0.16957485516381846,13.560727371420818,0.19100561398593002,1.9780830371188132,6.406902865824906,4.895017662540403,0.09671504165138577,0.0,0.003773860930812373,0.33266966304831835,0.5774009025170717,0.025677313642056606,16.57251050277815,0.24135923036795304,0.7123287671232877,1.0591229333299297,0.6215194499308369,0.42654191245378476,0.2311262376237624,0.6981316725978648,0.9035541752933057,0.6997950050406235,0.21599848716665226,0.9339089357468473,Staffing & Employment Services,Industrials,BBSI
2018Q2,2018,Q2,2018-08-08,2018-06-30,11240000.0,231603000.0,11592000.0,1.46,48480000.0,0.20932371342340125,708455000.0,84875000.0,307159000.0,329891000.0,623580000.0,0.0,76344000.0,705926700.0,676422700.0,11.61080711354309,0.9310923911231286,0.00604413830095066,0.050450662739322534,0.10657044052286174,11.61080711354309,0.1324300441826215,3.048003264206422,15.701216637010676,8.317251251840943,0.16254448398576513,0.0,0.002588087403408881,0.32691278909740207,0.573337860081057,0.01586551015943144,43.374912442396315,0.20932371342340125,2.168,0.8500548264727031,0.742102110115525,0.4151333077154197,1.9811831263067274,2.232050860462567,1.8180663373323924,0.25720540451089136,0.24216890335383637,1.0627781090891317,Staffing & Employment Services,Industrials,BBSI
2018Q1,2018,Q1,2018-05-08,2018-03-31,-9123000.0,223975000.0,-14170000.0,-1.25,16262000.0,0.07260631766938275,690121000.0,75440000.0,290218000.0,330189000.0,614681000.0,0.0,66931000.0,605355520.0,585692520.0,10.328587075575028,0.8789450890247706,0.006284405198508668,0.057489395546129377,-0.13307286843549665,10.328587075575028,-0.1209305408271474,2.7027816497376937,-16.58871862325989,8.024330858960763,-0.20015345829222844,0.0,0.0030164092664092665,0.32454453639289343,0.5338669671006605,-0.013219420942124641,-181.73386970879616,0.07260631766938275,-1.9057971014492754,-2.4408671097958656,0.9303058995024678,0.4193772446022906,-0.6677834525025537,-1.8700171657448026,-2.1863697253851306,-0.5360068883223033,0.3107871875129208,1.2968511386700274,Staffing & Employment Services,Industrials,BBSI
2017Q4,2017,Q4,2018-03-06,2017-12-31,10486000.0,244726000.0,11944000.0,1.38,48950000.0,0.200019613772137,682485000.0,88834000.0,308235000.0,322255000.0,593651000.0,0.0,77880000.0,470776999.99999994,415333999.99999994,12.16904109589041,0.9564940807745419,0.006435306270467483,0.04944052952698291,0.09976632789076814,12.16904109589041,0.11804038994078844,1.9236901677794755,11.223941445737172,5.29951369970957,0.17423230974632845,0.0,0.0038808183067567024,0.35858077466904037,0.6170858481637213,0.015364440244107928,9.184638195758627,0.200019613772137,-0.2959183673469388,0.7404005234301237,1.0687668123413856,0.583673264186124,-0.10865487918130998,-0.2907676699357457,-0.40070245860511794,0.45440915163530576,0.36421074926378555,1.241913981192289,Staffing & Employment Services,Industrials,BBSI
2017Q3,2017,Q3,2017-11-08,2017-09-30,14785000.0,240135000.0,19930000.0,1.96,54917000.0,0.22869219397422283,659230000.0,80662000.0,290020000.0,317869000.0,578568000.0,0.0,69221000.0,412442880.0,381319880.0,11.055646929824562,0.912388436745955,0.006745748828178329,0.05513128858694304,0.16145345432791716,11.055646929824562,0.1832957278520245,1.7175458804422512,6.974008792695299,5.113224070814014,0.12336827866080487,0.0,0.004422430567840085,0.3642658859578599,0.6063315390931484,0.02242768077909076,8.955636426803318,0.22869219397422283,0.3333333333333333,1.4431099666373866,1.0763946159772184,0.5917750844983397,0.2420726466729995,0.3288693151177422,0.31386380117344587,1.3845748614613576,0.3501353141269788,1.3071172951660526,Staffing & Employment Services,Industrials,BBSI
2017Q2,2017,Q2,2017-08-09,2017-06-30,11126000.0,225574000.0,15169000.0,1.47,44214000.0,0.19600663196999654,609799000.0,67863000.0,262069000.0,294728000.0,541936000.0,0.0,56260000.0,415581660.0,402200660.0,9.355252274607114,0.8891893542520561,0.007353242625848845,0.06607429674491254,0.1414240141605104,9.355252274607114,0.16394795396607872,1.842329612455336,9.338074330397268,6.12383272180717,0.16286176523458565,0.0,0.004360153910545523,0.3699153327571872,0.5631327868407481,0.018245356256733777,30.510363409441304,0.19600663196999654,1.9483870967741934,1.8663511654988219,1.2776964072539145,0.5090160416196274,3.231004784688995,1.9910038300525519,1.8869722839433984,0.5106088518454036,0.4765119489956827,-0.08903637372723686,Staffing & Employment Services,Industrials,BBSI
2017Q1,2017,Q1,2017-05-08,2017-03-31,-11227000.0,209997000.0,-17102000.0,-1.55,10450000.0,0.04976261565641414,597417000.0,57545000.0,219665000.0,297767000.0,539872000.0,0.0,46946000.0,395940380.0,382068380.0,7.938336322251345,0.7377076707627105,0.00762783784190942,0.07919019897471544,-0.18157953593121862,7.938336322251345,-0.19509948735772004,1.8854573160568961,-8.816700365191057,6.880534885741593,-0.1614857041061726,0.0,0.004578972217988981,0.351508242986055,0.5432334677784979,-0.01879256867481173,-224.966125,0.04976261565641414,-2.435185185185185,-5.911006688240402,2.470794866209077,0.9561090750401006,-0.7588665574451393,-2.395178327326954,-2.724513461732379,-2.0992597090682086,0.5369871330790182,-0.16407884519691376,Staffing & Employment Services,Industrials,BBSI
2016Q4,2016,Q4,2017-03-08,2016-12-31,8047000.0,221098000.0,9917000.0,1.08,43337000.0,0.19600810500321125,597760000.0,69693000.0,260625000.0,275164000.0,528067000.0,0.0,59986000.0,464340399.99999994,418185399.99999994,9.62078961899503,0.9471624195025512,0.007717144004282655,0.06619029170791901,0.10910959562507078,9.62078961899503,0.11546353292296213,2.100156491691467,14.425885423139057,6.662654785989985,0.19796197340623836,0.0,0.003430672842595648,0.36987754282655244,0.664792632757192,0.013461924518201284,21.882205466540995,0.19600810500321125,-0.21739130434782597,121.54557466277508,2.558107365916687,-0.06541441653065849,-0.1255473274279142,-0.21362259356982313,-0.4579689549628334,0.43126107204558534,0.5131521320333193,-0.049895143962353186,Staffing & Employment Services,Industrials,BBSI
2016Q3,2016,Q3,2016-11-09,2016-09-30,10233000.0,225103000.0,18296000.0,1.38,49559000.0,0.22016143720874445,579805000.0,62380000.0,244375000.0,284031000.0,517425000.0,0.0,53532000.0,359325230.0,337207230.0,8.612453403285931,0.8603814372374846,0.00805098265796259,0.07483167681949343,0.18595978631423782,8.612453403285931,0.16404296248797692,1.5962702851583497,8.77858961203948,5.760263385700545,0.15567282321899736,0.0,0.0044333096231511495,0.38823914936918447,0.5910375980086681,0.01764903717629203,7.1627243551409325,0.22016143720874445,0.1896551724137931,1.6252110173403609,2.6617128329295126,-0.16278910369263622,0.17291079923319055,0.20077446608777283,0.4080344774511313,0.12314970530770344,0.5017312933577769,-0.0939995022143596,Staffing & Employment Services,Industrials,BBSI
2016Q2,2016,Q2,2016-06-30,2016-06-30,8522000.0,203417000.0,12994000.0,1.16,42253000.0,0.20771616924839123,576721000.0,53288000.0,252446000.0,299011000.0,523433000.0,0.0,44892000.0,297917200.0,309718200.0,7.390846047156726,0.844269943246235,0.021193956869959653,0.2293762197868188,0.13002498464732287,7.390846047156726,0.15992343491968172,1.4645639253356406,8.739650316827037,5.590699594655457,0.18622389110537432,0.0,0.0053269834705750455,0.35271301027706636,0.7582329747066161,0.014776642431955834,27.083381818181817,0.20771616924839123,2.045045045045045,2.4941608836346867,2.7843729883929447,-0.2600808454336494,3.067873303167421,2.064850680994627,2.059351051687592,0.4221386180235383,0.5513106838113695,-0.09919850435473204,Staffing & Employment Services,Industrials,BBSI
2016Q1,2016,Q1,2016-05-26,2016-03-31,-8003000.0,190968000.0,-12266000.0,-1.11,10387000.0,0.05439131163336266,565645000.0,45652000.0,278302000.0,308317000.0,519993000.0,0.0,37957000.0,207230000.0,183544000.0,6.333518312985571,0.90264889707671,0.034965393488849014,0.4332340313677385,-0.12223420098688585,6.333518312985571,-0.1753044773503899,1.08515562816807,-6.473509933774834,4.539341102251818,-0.19817568411845557,0.0,0.007653332046518361,0.3376110457972757,0.8160951228767794,-0.014148449999558027,-22.561785519869353,0.05439131163336266,-1.7161290322580645,-3.042212458369572,2.9300299516457717,-0.3541438465460507,-0.7476249483684428,-1.6991351445793659,-1.8711029046232512,-2.0586446818821686,0.6677585624970233,-0.12963392708550858,Staffing & Employment Services,Industrials,BBSI
2015Q4,2015,Q4,2016-05-26,2015-12-31,11447000.0,193757000.0,14081000.0,1.55,41157000.0,0.2124155514381416,496777000.0,54551000.0,227009000.0,237393000.0,442226000.0,0.0,47546000.0,313618620.0,308233620.0,7.573372206025267,0.9562581878993904,0.039923345887591416,0.3635680372495463,0.15634443313850174,7.573372206025267,0.20984033289948856,1.6186182692754327,6.849362715121866,5.749090209162069,0.13837686730147636,0.0,0.005050720521632294,0.39002812126970454,0.49194795128752744,0.023042532162318302,6.5001372077599076,0.2124155514381416,-0.012738853503184724,4.272005995695109,2.730564339647565,-0.18989178552232214,-0.0404056889717883,0.043196937938576506,-0.15828800286926895,0.9254865087954584,0.6599624944752209,-0.014404915892436844,Staffing & Employment Services,Industrials,BBSI
2015Q3,2015,Q3,2015-09-30,2015-09-30,10973000.0,198725000.0,16729000.0,1.57,42890000.0,0.21582589004906277,524660000.0,50494000.0,228545000.0,279076000.0,474166000.0,0.0,0.0,309138930.0,327144930.0,7.012081655325649,0.8189346271266609,0.06649449167079632,0.6909137719332991,0.1301991480362991,7.012081655325649,0.2173129480730384,1.555611674424456,7.043172559919803,6.122290371133204,0.14435432425043287,0.0,0.0051239098226806955,0.37876910761254906,0.6365936160759076,0.020914497007585867,8.097305516265912,0.21582589004906277,0.31932773109243706,3.2237735941751025,2.8166269752798505,-0.2732042418059494,0.18598606348855215,0.2546306883146581,0.18000987514989067,0.8371265776824413,0.7410007190114305,0.009588759505759992,Staffing & Employment Services,Industrials,BBSI
2015Q2,2015,Q2,2015-08-07,2015-06-30,8746000.0,182395000.0,14177000.0,1.19,36164000.0,0.19827297897420434,491363000.0,40251000.0,219859000.0,257589000.0,451112000.0,0.0,34002000.0,259724320.0,300451320.0,5.628723255488743,0.8535263539980357,0.09191982302289753,1.1221087674840378,0.1059722941619434,5.628723255488743,0.21728652704280638,1.4239662271443845,7.424088726274868,6.452617823159673,0.1797393093985822,0.0,0.006052571434203774,0.371202145867719,0.5863526781034905,0.017799468010411854,40.82431939641622,0.19827297897420434,2.4691358024691357,4.6084002077841975,2.9512101743222594,-0.3934134947505941,3.0289661319073082,2.507411237504309,2.63291868233126,1.2856545194903142,0.8682306725306971,-0.09207860600138917,Staffing & Employment Services,Industrials,BBSI
2015Q1,2015,Q1,2015-05-11,2015-03-31,-5802000.0,166917000.0,-8682000.0,-0.81,8976000.0,0.05377522960513309,490104000.0,32085000.0,215791000.0,262763000.0,458019000.0,0.0,26828000.0,305663400.0,341228400.0,4.496846531184302,0.8212381499678417,0.10359025839413676,1.582359357955431,-0.0666117331825866,4.496846531184302,-0.18083216456287984,1.8312298927011628,-13.170604963805586,9.526676016830296,-0.270596346087556,0.0,0.00513636896010448,0.3405746535429215,0.6882133329273908,-0.011838303706968317,63.062389106663915,0.05377522960513309,-1.8350515463917527,-4.0478554167591465,3.202588262124382,-0.5180881232490461,-0.7363179695073587,-1.8248507250497583,-1.6628999007406275,-2.6286028503925487,1.8028544691728423,0.10808133488321854,Staffing & Employment Services,Industrials,BBSI
2014Q4,2014,Q4,2015-03-16,2014-12-31,7034000.0,175016000.0,13097000.0,0.97,34041000.0,0.19450221694016548,448528000.0,38658000.0,178929000.0,218270000.0,409870000.0,0.0,34200000.0,195142800.0,228651800.0,5.427969671440606,0.8197599303614789,0.10044634894588521,1.1654250090537535,0.08347270111176536,5.427969671440606,0.18195457602566092,1.1149997714494675,6.935698038100654,5.047927983858451,0.22291725902758033,0.0,0.008035141445136588,0.3902008347304962,0.7126448893572181,0.015682410016765954,5.525463657728572,0.19450221694016548,1.1840607210626186,3.7134889508920996,3.1065870898965513,-0.43262925503313404,1.7956851012107895,1.1859960865196468,1.2026113457403196,108.17564519165192,1.8647614295773218,-0.4727145688310857,Staffing & Employment Services,Industrials,BBSI
2014Q3,2014,Q3,2014-11-17,2014-09-30,-37818000.0,174959000.0,-64641000.0,-5.27,-42782000.0,-0.24452586034442356,406234000.0,34392000.0,251254000.0,199877000.0,371842000.0,0.0,28733000.0,283419730.0,236542730.0,4.791974362547025,1.2570430814951195,0.012574033685018979,0.14852291230518724,-0.9617323574879779,4.791974362547025,-1.0996161898115842,1.6199208385964712,-1.873576934264107,8.240862119097466,-0.03419006822148184,0.0,0.004562138281622102,0.4306852700660211,1.1459997898707706,-0.09309412801488796,12.111954273504274,-0.24452586034442356,-6.377551020408164,-19.742362948231392,2.8989337671886184,-0.4944512896799266,-2.433136808254053,-6.192640395441439,-6.730077120822622,-10.791186896490704,1.8722009786381408,-0.5341753431584042,Staffing & Employment Services,Industrials,BBSI
2014Q2,2014,Q2,2014-08-08,2014-06-30,7283000.0,151069000.0,11281000.0,0.98,29852000.0,0.19760506788288795,337958000.0,73664000.0,198137000.0,163555000.0,264294000.0,0.0,67844000.0,337131000.0,294425000.0,10.269622194339886,1.2114395769007367,0.015277046260186177,0.0700885099913119,0.09153213449033193,10.269622194339886,0.09886783231972199,2.231635874997518,11.572531923657834,4.576604582971329,0.17726211725937113,0.0,0.003829371965200471,0.4470052491729742,1.1244535477362356,0.021550015090632563,960.4871794871794,0.19760506788288795,2.96,2.561764242005096,2.8083369087019268,0.09609393853151989,2.2078229099505697,3.032654200390734,2.997697892686382,2.001553658117687,1.8249871535306383,0.02812183115017404,Staffing & Employment Services,Industrials,BBSI
2014Q1,2014,Q1,2014-05-12,2014-03-31,-3583000.0,135140000.0,-5647000.0,-0.5,9306000.0,0.06886192097084505,332619000.0,68090000.0,208390000.0,165511000.0,264529000.0,0.0,61852000.0,427116900.0,366066900.0,9.496513249651326,1.259070394112778,0.015687618566588197,0.07663386694081363,-0.04966756032529594,9.496513249651326,-0.05262153032750771,3.1605512801539146,-29.80162573262629,6.272828609193714,-0.36031258721741555,0.0,0.003022591707328837,0.4062906809292313,1.177160430424564,-0.010772084577249045,72.4418080054274,0.06886192097084505,-1.6756756756756757,-0.6526691765996209,2.8738882706242594,-0.04586751551451544,-0.6170527961812271,-1.6443085775939579,-1.830074966926356,-1.9191587689822311,1.7958559868926702,-0.03159962353483103,Staffing & Employment Services,Industrials,BBSI
2013Q4,2013,Q4,2014-03-14,2013-12-31,5561000.0,144524000.0,6803000.0,0.74,24301000.0,0.16814508316957738,313322000.0,72553000.0,210885000.0,146464000.0,240769000.0,0.0,66726000.0,664482100.0,576198100.0,10.12602930914166,1.4398418724055058,0.01682933212477898,0.07267790442848676,0.06971223251430254,10.12602930914166,0.07664741637148016,4.597728404970801,29.872419528861716,9.158575110608796,0.23215249055925194,0.0,0.0019428664820316454,0.46126349250930354,1.3582177190299323,0.01774851430796433,29.786717769410078,0.16814508316957738,-0.3884297520661157,2.585861988048318,2.2760824226886434,-0.03913390050749382,-0.19495792751606705,-0.3816989103847009,-0.47087189857665085,1.574745618663444,1.7973984252921715,0.0831607506166212,Staffing & Employment Services,Industrials,BBSI
2013Q3,2013,Q3,2013-11-08,2013-09-30,8994000.0,147971000.0,12857000.0,1.21,30186000.0,0.20399943232119808,304353000.0,67968000.0,216670000.0,154969000.0,236385000.0,0.0,62456000.0,962533000.0,932883000.0,9.506013986013986,1.3981505978615079,0.0175059881124878,0.07838983050847458,0.12167636736895177,9.506013986013986,0.13232697740112995,6.504875955423698,26.75486435401379,14.161561322975517,0.1035134534133867,0.0,0.0009672395647733635,0.4861821634746495,0.923475017584162,0.02955121191511173,33.454972020437246,0.20399943232119808,0.5124999999999998,19.863757719203875,1.8803582926413767,-0.07804662843453769,0.27227514119531315,0.528032619775739,0.47341278936511577,2.4867025866157717,1.8621381187981978,-0.014710469447973664,Staffing & Employment Services,Industrials,BBSI
2013Q2,2013,Q2,2013-08-08,2013-06-30,5886000.0,128798000.0,8726000.0,0.8,23726000.0,0.1842109349524061,261329000.0,58106000.0,175512000.0,129555000.0,203223000.0,0.0,54393000.0,712165920.0,708701920.0,8.204744422479525,1.3547296514993632,0.020598555843400465,0.09264103534918941,0.09155483252745984,8.204744422479525,0.1012976284721027,5.529324368390814,30.24829765545362,12.256323271262866,0.15664288141352362,0.0,0.001294642124969979,0.4928576621806229,0.77500675388831,0.022523332657301717,218.25495556236592,0.1842109349524061,3.2222222222222228,1.796914474398801,1.755601935575877,-0.19461411654512634,1.8547707857056912,3.3091408395449196,3.2035353535353535,2.8111903231157203,1.8173264819895831,-0.11580530436572939,Staffing & Employment Services,Industrials,BBSI
2013Q1,2013,Q1,2013-05-09,2013-03-31,-2549000.0,111551000.0,-3960000.0,-0.36,8311000.0,0.07450403851153284,248866000.0,51098000.0,156667000.0,129035000.0,197768000.0,0.0,49429000.0,723687320.0,681111320.0,7.276844203930504,1.2141434494516992,0.02185513489186952,0.10644252221221966,-0.046098284560112106,7.276844203930504,-0.04988453559826216,6.487501860135723,-70.97757159670459,14.162732787976047,-0.35778736759513535,0.0,0.0012602127670276163,0.4482372039571496,1.1197039562909288,-0.010242459797642104,61.55373989963426,0.07450403851153284,-1.4500000000000002,-45.226407742072794,1.6607744687389847,-0.27500317494471205,-0.6265054826532447,-1.4403178441872517,-1.4681404421326398,-1.253368248173086,1.8537957894677146,-0.2201651484386126,Staffing & Employment Services,Industrials,BBSI
2012Q4,2012,Q4,2013-03-15,2012-12-31,5789000.0,113661000.0,8459000.0,0.8,22252000.0,0.19577515594619085,228861000.0,53896000.0,139418000.0,111276000.0,174965000.0,0.0,52890000.0,534326520.00000006,498604520.00000006,7.684060450527516,1.2529026924044717,0.04380388095831094,0.18600638266290634,0.08946498014965677,7.684060450527516,0.10741056850230073,4.7010541874521605,23.075078597339783,9.914029241502153,0.1573674209708067,0.0,0.001704949999487205,0.4966376971174643,1.1360580897947445,0.025294829612734368,43.9268760276225,0.19577515594619085,-0.012345679012345689,1.3373301927435042,1.1955427624579478,-0.25103581412421694,0.03190502689667965,-0.0039573296627666895,0.0014206227062862555,2.938944727963135,1.7080143674986052,-0.19680628926042937,Staffing & Employment Services,Industrials,BBSI
2012Q3,2012,Q3,2012-11-08,2012-09-30,5812000.0,111069000.0,8447000.0,0.81,21564000.0,0.1941495826918402,211772000.0,48667000.0,119685000.0,112509000.0,163105000.0,0.0,48012000.0,400940540.0,378759540.0,6.945483088340231,1.0637815641415354,0.0,0.0,0.1172583020790989,6.945483088340231,0.11942383956274272,3.60983298670196,17.246237955953198,8.238447818850556,0.13265657260839642,0.0,0.0019229784047280426,0.5244744347694691,0.9973068821160974,0.027444610241202802,21.97054852320675,0.1941495826918402,0.5283018867924528,0.4888488961350198,1.1558541328406724,-0.3118111517888574,0.31962548191665135,0.5527651616350521,0.5541858325666973,1.9502731079253033,1.5352060374352494,-0.26725817957131703,Staffing & Employment Services,Industrials,BBSI
2012Q2,2012,Q2,2012-08-08,2012-06-30,3743000.0,95500000.0,5435000.0,0.53,16341000.0,0.17110994764397905,221967000.0,43366000.0,126308000.0,98052000.0,178601000.0,0.0,42971000.0,295748600.0,259390600.0,6.199571122230164,1.2881736221596705,0.0,0.0,0.08330757307144707,6.199571122230164,0.08631185721532998,3.0968439790575917,19.75344643334224,6.819826592261219,0.20571733903286135,0.0,0.002603562620414771,0.43024413538949485,1.1979663851833722,0.016862867002752663,387.10549738219896,0.17110994764397905,3.409090909090909,0.23474530860937776,1.4069332129019936,-0.3578353837340475,1.492145798383407,2.691369182105739,2.5296932169997186,1.8230725240038614,1.468746464011446,-0.33830941392208375,Staffing & Employment Services,Industrials,BBSI
2012Q1,2012,Q1,2012-05-09,2012-03-31,-2213000.0,82422000.0,-3553000.0,-0.22,6557000.0,0.0795540025721288,215922000.0,40075000.0,123264000.0,97244000.0,175847000.0,0.0,39998000.0,391642499.99999994,353425499.99999994,4.058227848101266,1.2675743490600964,0.0,0.0,-0.05877826439117487,4.058227848101266,-0.05522145976294448,4.75167431025697,-44.24339132399457,9.772738615096692,-0.4961590600994126,0.0,0.0028035772420000387,0.3817211770917276,1.1445127719962156,-0.010249071423940126,36.37096025260029,0.0795540025721288,-22.86117136659436,-2.459641057196437,0.5504755672886722,-0.5635542752679833,-0.22125890736342044,-23.318681318681318,-0.4093613645378818,0.2588560216314517,0.7154907323688967,-0.5922622422014511,Staffing & Employment Services,Industrials,BBSI
2011Q4,2011,Q4,2012-03-15,2011-12-31,-91000.0,84708000.0,-2521000.0,-0.00922,8420000.0,0.09940029277045852,223097000.0,101655000.0,128957000.0,79318000.0,121442000.0,0.0,80647000.0,394210000.0,344639000.0,10.294177215189874,1.625822637988855,0.0,0.0,-0.0009595070628713828,10.294177215189874,-0.0008951846933254636,4.653751711762761,-1082.9945054945056,3.8779204170970436,-11.945054945054945,0.0,0.0027574135612998146,0.3796913450203275,1.4763609773317532,-0.0004078943239935992,63.901766899011186,0.09940029277045852,-1.017074074074074,-1.0198349516208294,0.44484031871281265,0.11727063217899752,-0.47873460038382964,-1.0168082748429996,-1.4244107744107743,-1.0425756373685149,0.39321571633661506,-0.023178226502430642,Staffing & Employment Services,Industrials,BBSI
2011Q3,2011,Q3,2011-11-09,2011-09-30,5414000.0,85384000.0,5940000.0,0.54,16153000.0,0.18918064274337112,218097000.0,103488000.0,129062000.0,77573000.0,114609000.0,0.0,81825000.0,280472800.0,238255800.0,10.287077534791253,1.6637489848271951,0.0,0.0,0.049546006221366096,10.287077534791253,0.05231524427952999,3.284840251100909,12.951274473586997,2.7101963512677796,0.16826745474695234,0.0,0.0032480868020000513,0.39149552721953995,1.5647325744782334,0.024823816925496452,23.604847668742636,0.18918064274337112,0.5882352941176471,0.08824324817009482,0.3750289241604089,0.1661535774567825,0.21624877644755666,0.5697303566251087,0.4562392743319441,7.926186572870469,0.1812843828830633,-0.002294144453180065,Staffing & Employment Services,Industrials,BBSI
2011Q2,2011,Q2,2011-08-09,2011-06-30,3449000.0,76013000.0,4079000.0,0.34,13281000.0,0.17472011366476786,219485000.0,101845000.0,130509000.0,82260000.0,117640000.0,0.0,77322000.0,292013440.0,303890440.0,9.988721067085132,1.586542669584245,0.012037269061667084,0.02594138151111984,0.030988093584918358,9.988721067085132,0.03386518729441799,3.8416249851999,21.16652942881995,2.867233933919191,0.26616410553783704,0.0,0.003143690920527494,0.3463243501833838,1.486421103817165,0.015714057908285305,257.73472197705206,0.17472011366476786,-0.37037037037037035,-0.09511991424619963,0.2917850862405489,0.19576891224426174,1.372454448017149,-0.37811034980165886,2.1445005611672276,0.13835630865799556,0.12959127868774437,-0.019497192483238095,Staffing & Employment Services,Industrials,BBSI
2011Q1,2011,Q1,2011-04-01,2011-03-31,5546000.0,68769000.0,-3564000.0,0.54,5598000.0,0.08140295772804607,216175000.0,100035000.0,128671000.0,81774000.0,116140000.0,0.0,74791000.0,327656120.0,337151120.0,9.806391530242133,1.5734952429867683,0.012323349138429513,0.02663067926225821,-0.02793393536321165,9.806391530242133,0.05544059579147299,4.764590440460091,14.769929679047962,3.2754148048183134,0.16570501262170934,0.0,0.0028047698300278966,0.31811726610385105,1.462041724753589,0.02565514051115994,29.99415232515562,0.08140295772804607,0.8000000000000002,3.437518913320518,0.28107957732513766,0.2362348348390833,-0.587229022268102,0.8035772357723577,-1.9966442953020134,65.23839076324127,0.12913373631023176,-0.02298269339964123,Staffing & Employment Services,Industrials,BBSI
2010Q4,2010,Q4,2011-04-01,2010-12-31,3075000.0,73555000.0,3576000.0,0.3,13562000.0,0.1843790360954388,187884000.0,95365000.0,103286000.0,58723000.0,92519000.0,0.0,70164000.0,317251100.0,286327100.0,9.348593275169101,1.7588679052500724,0.0,0.0,0.02660508863632795,9.348593275169101,0.03224453415823415,4.313113996329277,25.792772357723578,3.3267037172967022,0.29853658536585365,0.0,0.002893606988281522,0.39149155862127694,1.6243550227338521,0.016366481445998594,26.52822978509909,0.1843790360954388,-0.16666666666666666,-0.22606376778081838,0.3778487421714892,0.20611554007889304,-0.03514513375071144,-0.16576234400434076,-0.21561745996929152,-0.14634054733571686,-0.0230650623114521,-0.08879405667088808,Staffing & Employment Services,Industrials,BBSI
2010Q3,2010,Q3,2010-11-09,2010-09-30,3686000.0,73876000.0,4559000.0,0.36,14056000.0,0.1902647679896042,194833000.0,98573000.0,108912000.0,69471000.0,96260000.0,0.0,73202000.0,310392460.0,292131460.0,9.647939708329256,1.567733298786544,0.0,0.0,0.033121712309693324,9.647939708329256,0.037393606768587745,4.201533109534896,21.052120184481822,3.1488588152942487,0.21975040694519804,0.0,0.0026095994728737937,0.37917601227718095,1.4807473622086913,0.018918766328086103,87.40987327513376,0.1902647679896042,0.6363636363636362,-0.1513562603936965,0.1435632979886948,0.21491780740987487,0.19676458067262664,0.6180860403863038,0.5171381031613976,-0.35242649345247606,-0.016580970666077593,-0.044039927671563846,Staffing & Employment Services,Industrials,BBSI
2010Q2,2010,Q2,2010-08-09,2010-06-30,2278000.0,67432000.0,3005000.0,0.22,11745000.0,0.17417546565428876,187462000.0,96932000.0,102094000.0,63929000.0,90530000.0,0.0,70326000.0,259060800.0,241616800.0,9.279341374688876,1.5969904112374667,0.0,0.0,0.020862788215418007,9.279341374688876,0.02350101101803326,3.841808043658797,28.430728709394206,2.672603474600751,0.3674275680421422,0.0,0.0032309017805858702,0.35971023460754714,1.4945642822506218,0.012151796097342394,486.04277673545965,0.17417546565428876,2.375,-0.34562815140104186,-0.05634993778333215,0.8546767881861586,1.1843035149711736,2.3511269276393834,1.9320719602977667,-0.49679033405544,0.13805802695567088,-0.03882630336946877,Staffing & Employment Services,Industrials,BBSI
2010Q1,2010,Q1,2010-05-10,2010-03-31,-1686000.0,58260000.0,-3224000.0,-0.16,5377000.0,0.09229316855475454,185558000.0,97661000.0,99542000.0,61873000.0,87897000.0,0.0,68885000.0,283837920.0,255743920.0,9.331263137779477,1.6088115979506408,0.0,0.0,-0.018937901371535473,9.331263137779477,-0.017263800288753954,4.871917610710607,-42.08747330960854,2.9063589355013772,-0.49644128113879005,0.0,0.0029488660288942365,0.3139719117472704,1.4825044849934543,-0.009086107847681048,955.6832323232323,0.09229316855475454,-1.7619047619047619,-2.49603719106398,-0.02264653174573983,0.9932330538897459,-0.5514681348014682,-1.768809849521204,-2.121001390820584,-2.0492490896447757,0.034066889750841205,0.003538996643268725,Staffing & Employment Services,Industrials,BBSI
2009Q4,2009,Q4,2010-03-15,2009-12-31,2193000.0,62629000.0,2876000.0,0.21,11988000.0,0.1914129237254307,172072000.0,100127000.0,93056000.0,47031000.0,71945000.0,0.0,71408000.0,257254279.99999997,220583279.99999997,9.566883240970762,1.9786098530756309,0.0,0.0,0.02004157869362734,9.566883240970762,0.021902184226032937,4.107590413386769,29.32675330597355,2.5692798146354128,0.38258093935248516,0.0,0.0032613645922625664,0.36396973359988843,1.871233867023878,0.012744665023943466,56.44016673979815,0.1914129237254307,-0.2500000000000001,-0.2686131866641476,-0.004425017256205611,1.134422431848714,-0.012601927353595256,-0.25534804753820034,-0.12927641537995763,-0.548991466946106,0.007922814331678704,0.03833433825579496,Staffing & Employment Services,Industrials,BBSI
2009Q3,2009,Q3,2009-11-09,2009-09-30,2945000.0,65494000.0,3303000.0,0.28,12141000.0,0.18537575961156746,180023000.0,99290000.0,102626000.0,58024000.0,80733000.0,0.0,70054000.0,221651000.0,194415000.0,9.478758949880667,1.7686819247208052,0.01305388755881193,0.023668043106052975,0.022423572529540838,9.478758949880667,0.029660590190351496,3.3842947445567533,18.815874363327676,2.2323597542552123,0.2865874363327674,0.0,0.003807787918845392,0.3638090688412036,1.6940920998207638,0.016359020791787717,92.12427265170408,0.18537575961156746,1.4307692307692308,-0.011339147830970207,-0.01563898755422247,1.2950412448683055,6.461538461538462,1.4374628639334521,1.301121341963716,-0.4314914794304001,0.012933190828993793,0.07452176012768222,Staffing & Employment Services,Industrials,BBSI
2009Q2,2009,Q2,2009-08-10,2009-06-30,-6732000.0,57265000.0,-10969000.0,-0.65,-2223000.0,-0.03881952326901249,173409000.0,97019000.0,91074000.0,56297000.0,76390000.0,0.0,67953000.0,217455000.0,190318000.0,9.369290197971994,1.617741620335009,0.0,0.0,-0.07129281853846609,9.369290197971994,-0.06938847029963204,3.7973456736226314,-8.075423351158644,2.2413650934353067,-0.12314319667260844,0.0,0.0038122830010806834,0.33023084153648313,1.500914791196689,-0.03882151445426708,-42.07720588235294,-0.03881952326901249,-1.1666666666666667,-4.02942119958852,-0.006042432275711559,1.4371922622921596,-1.6026023312550828,-1.1209829867674859,-1.3156005910914081,-2.7390884350541453,-0.04176642948434002,0.12161565762884559,Staffing & Employment Services,Industrials,BBSI
2009Q1,2009,Q1,2009-05-11,2009-03-31,-3174000.0,51072000.0,-4737000.0,-0.3,3689000.0,0.0722313596491228,170389000.0,104477000.0,98684000.0,54177000.0,65912000.0,0.0,75514000.0,201962279.99999997,156823279.99999997,9.95303420024769,1.8215109732912491,0.0,0.0,-0.031135774441847324,9.95303420024769,-0.030379892225083034,3.954461936090225,-15.907551984877125,1.933078859461891,-0.2659105229993699,0.0,0.004178998177283402,0.2997376591211874,1.7271351311442125,-0.01862796307273357,580.3513793103448,0.0722313596491228,-2.3636363636363638,-5.269134887195493,0.025074557834408515,1.7240151179489227,-0.6947455523376086,-2.397007042253521,-2.6453629732546022,-3.4679981205283834,-0.07542144849385633,0.25472122469773967,Staffing & Employment Services,Industrials,BBSI
2008Q4,2008,Q4,2009-03-16,2008-12-31,2272000.0,64630000.0,2879000.0,0.22,12085000.0,0.18698746712053227,170060000.0,110622000.0,98609000.0,46116000.0,59438000.0,0.0,79532000.0,228834600.0,186620600.0,10.53843955415833,2.1382817243472982,0.0,0.0,0.018165924001139654,10.53843955415833,0.020538410081177343,3.5406869874671205,25.179863556338027,2.068617454032652,0.37455985915492956,0.0,0.003718843216891152,0.3800423379983535,2.0555989244513833,0.013359990591555921,35.912523540489644,0.18698746712053227,2.666666666666667,0.40507172870982877,0.43739988437308674,1.943359953821854,-0.18941578912066537,2.4953846153846153,-0.3626300642019039,-0.4442929120883998,0.1765247036971882,0.3596244205225122,Staffing & Employment Services,Industrials,BBSI
2008Q3,2008,Q3,2008-11-10,2008-09-30,650000.0,77461000.0,4517000.0,0.06,14909000.0,0.19247104994771563,179920000.0,111160000.0,103299000.0,56979000.0,68760000.0,0.0,78111000.0,277071700.0,248769700.0,10.31073184305723,1.8129310798715317,0.0,0.0,0.01762029910308444,10.31073184305723,0.005847427132061893,3.576918707478602,106.56603846153847,2.4925485786254047,1.3276923076923077,0.0,0.0031147172374515336,0.43053023566029347,1.743800347496446,0.0036127167630057803,41.546213825161196,0.19247104994771563,-0.7931034482758621,-0.45862546566005175,0.7495932642102889,1.9995919013635364,0.060836772449124804,-0.8,0.002218770800976259,-0.8581766352052189,0.1363295027545172,0.29837997564845153,Staffing & Employment Services,Industrials,BBSI
2008Q2,2008,Q2,2008-08-11,2008-06-30,3250000.0,72183000.0,4507000.0,0.29,14054000.0,0.1946995830043085,175515000.0,111419000.0,97524000.0,52232000.0,64096000.0,0.0,78324000.0,258769420.0,242129420.0,10.18734570723233,1.8671312605299433,0.0,0.0,0.025807903261193973,10.18734570723233,0.02916917222376794,3.5849080808500617,19.905340000000002,2.3224891625306276,0.2673846153846154,0.0,0.003358202062670311,0.41126399453038204,1.7663309848368816,0.018516935874426686,173.4379490616622,0.1946995830043085,27.999999999999996,14.235050608301545,1.025240505459858,2.0770118159002084,0.6414389161410885,34.714285714285715,10.331262939958592,-0.10832609294005392,-0.03521249724389619,1.036161065048133,Staffing & Employment Services,Industrials,BBSI
2008Q1,2008,Q1,2008-05-12,2008-03-31,91000.0,66194000.0,-483000.0,0.01,8562000.0,0.12934707073148624,174961000.0,111281000.0,104858000.0,52617000.0,63680000.0,0.0,75943000.0,379840620.0,324934620.0,10.037070442861008,1.9928540205636962,0.0,0.0,-0.002762049553505417,10.037070442861008,0.0008177496607686847,5.738293803063722,1043.5181868131867,3.4133465730897457,9.703296703296703,0.0,0.002324659221544026,0.37833574339424214,1.858581827166125,0.0005201159115460017,-317.3271679197995,0.12934707073148624,-0.9705882352941176,1.2063199592094436,1.200150662364951,2.0563171943615615,-0.44607621142524423,-0.9767560664112388,-1.095795319317731,-0.9237757964858933,0.048253899492481135,1.1439991859120535,Staffing & Employment Services,Industrials,BBSI
2007Q4,2007,Q4,2008-03-17,2007-12-31,3915000.0,81831000.0,5042000.0,0.34,15457000.0,0.18888929623247913,173224000.0,113748000.0,106868000.0,48300000.0,59476000.0,0.0,76735000.0,399353740.00000006,336574740.00000006,10.259583295751781,2.2125879917184266,0.0,0.0,0.030054814987996177,10.259583295751781,0.03441818757252875,4.880225586880278,25.501515964240106,3.510863839364209,0.2268199233716475,0.0,0.0022235925472990437,0.4723998983974507,2.0992546583850933,0.02260079434720362,40.14008845110062,0.18888929623247913,-0.37037037037037035,4.066030627852167,4.15817927284341,2.0730633029693193,-0.177731673582296,-0.37679083094555876,-0.434626597891904,0.2325568040985636,0.22795665987125563,1.2889674909057338,Staffing & Employment Services,Industrials,BBSI
2007Q3,2007,Q3,2007-11-08,2007-09-30,6282000.0,82908000.0,8918000.0,0.54,18798000.0,0.2267332464900854,177242000.0,113802000.0,111947000.0,53137000.0,63440000.0,0.0,73708000.0,561770320.0,504132320.0,10.092408655551614,2.1067617667538627,0.0,0.0,0.0507823144210087,10.092408655551614,0.05520113882005589,6.775827664399093,22.35634829672079,4.936383543347217,0.1259153135943967,0.0,0.0014080487555839546,0.4677672334999605,1.9909479270564767,0.03544306654179032,-1551.8517127071823,0.2267332464900854,0.28571428571428586,85.61108929204885,0.402383595565372,1.9387106510328889,0.256214915797915,0.28703134603564845,0.2885421181910129,0.9591105132191223,0.15757274286462275,1.4436209684231331,Staffing & Employment Services,Industrials,BBSI
2007Q2,2007,Q2,2007-08-09,2007-06-30,4881000.0,63886000.0,6921000.0,0.42,14964000.0,0.23422972169176345,168704000.0,108735000.0,118072000.0,49192000.0,59969000.0,0.0,68216000.0,580495020.0,509470020.0,9.65417739501021,2.400227679297447,0.0,0.0,0.04029003038962403,9.65417739501021,0.04488895020002759,9.0864198728986,29.73238168408113,5.338621602979721,0.16144232739192788,0.0,0.001357462119141005,0.37868693095599393,2.2723410310619614,0.028932331183611534,297.5371706817017,0.23422972169176345,1.8000000000000003,3773.1835212643164,0.15289391838437855,1.811886924622719,0.5441130946238778,1.8246527777777777,2.5419651995905834,1.0193908295341807,0.019483722083929046,1.5112987162045308,Staffing & Employment Services,Industrials,BBSI
2007Q1,2007,Q1,2007-05-10,2007-03-31,1728000.0,60588000.0,1954000.0,0.15,9691000.0,0.15994916485112565,167414000.0,104653000.0,116467000.0,51519000.0,62761000.0,0.0,64124000.0,518855500.0,449148500.0,9.29835628609507,2.260661115316679,0.0,0.0,0.011779438331374337,9.29835628609507,0.016511710127755534,8.563667722981448,75.06589988425927,4.957865517472026,0.4565972222222222,0.0,0.0015206545945836557,0.3619052170069409,2.1195481278751527,0.010321717419092788,274.0916534601162,0.15994916485112565,-0.6666666666666667,4.214778403842896,0.1474057357802325,1.7120723514176608,-0.3808854532677442,-0.6695352839931153,-0.7275515895147797,1.167686088910979,0.13417195411030206,1.5448383463575397,Staffing & Employment Services,Industrials,BBSI
