Year,Date,FillingDate,NetIncome,Revenue,OperatingIncome,EPSDiluted,GrossProfit,GrossProfitRatio,TotalAssets,CommonStockEquity,CurrentAssets,CurrentLiability,TotalLiability,Inventory,RetainedEarnings,EnterpriseValue,bookValuePerShare,currentRatio,debtToAssets,debtToEquity,roic,shareholdersEquityPerShare,roe,priceToSalesRatio,peRatio,pbRatio,payoutRatio,inventoryTurnover,dividendYield,assetTurnover,quickRatio,returnOnAssets,priceToFreeCashFlowsRatio,grossProfitMargin,epsdilutedGrowth,fiveYNetIncomeGrowthPerShare,fiveYRevenueGrowthPerShare,fiveYShareholdersEquityGrowthPerShare,grossProfitGrowth,netIncomeGrowth,operatingIncomeGrowth,threeYNetIncomeGrowthPerShare,threeYRevenueGrowthPerShare,threeYShareholdersEquityGrowthPerShare,Industry,Sector,Price,MarketCap,AvgVolume,Symbol
2022,2022-12-31,2023-03-06,47268000.0,1054326000.0,58975000.0,6.54,234845000.0,0.2227441987,686938000.0,177842000.0,454362000.0,334731000.0,509096000.0,110989000.0,172623000.0,594845400.0,24.942776998597477,1.3573944450917304,0.030835388346546557,0.11910572305754547,0.19385316463247138,24.942776998597477,0.26578648463242655,0.6308166544313618,14.07054243885927,3.7397600116957745,0.18033341795718033,7.383443404301327,0.012816379947026432,1.5348197362789655,0.9667046075804153,0.06880970335022957,56.339381617958495,0.2227441986634115,0.308,0.9161410682255473,0.16876359398870977,1.0426717547875435,0.14834138517808595,0.24131411013944695,0.3426906176718348,0.022862056198797175,0.16924545163050062,0.0817794714553042,Staffing & Employment Services,Industrials,86.67,589910688,35881,BBSI
2021,2021-12-31,2022-03-07,38079000.0,955166000.0,43923000.0,5.0,204508000.0,0.2141072861,746952000.0,208530000.0,406719000.0,315396000.0,538422000.0,67238000.0,178323000.0,476606400.0,27.656498673740053,1.289550279648442,0.03386964624232883,0.1213206732844195,0.1291553318116682,27.656498673740053,0.1826068191627104,0.5451538266646845,13.674529268100528,2.4970622931952238,0.23816276687938234,11.164192867128707,0.01741652397753539,1.2787515128147457,1.0205424292001166,0.05097917938502072,-23.392291105121295,0.2141072860633649,0.1389521640091117,0.9412318054617443,0.08898855081273639,1.8675169588975309,0.11809826851897412,0.1277654375832963,0.2151215868536808,-0.02582503599111716,-0.011283757898989479,0.7058058692893763,Staffing & Employment Services,Industrials,86.67,589910688,35881,BBSI
2020,2020-12-31,2021-03-08,33765000.0,880824000.0,36147000.0,4.39,182907000.0,0.2076544236,774950000.0,198235000.0,407875000.0,290637000.0,576715000.0,96991000.0,165710000.0,475828169.99999994,26.162729312392766,1.4033829140818272,0.03573004709981289,0.13967765530809392,0.11466614749439413,26.162729312392766,0.17032814588745682,0.586754186988547,15.30659469865245,2.6071438948722476,0.27013179327706205,7.195688259735439,0.01764806598693331,1.1366204271243305,1.0147469179767201,0.04357055293889928,-14.149956741957562,0.2076544235851884,-0.2998405103668262,0.253811694251406,0.12555746775397844,2.440179966596274,-0.12170773050088114,-0.3008158701234159,-0.2840476945016638,0.28801004168093536,-0.0811742859013022,1.1425789196440257,Staffing & Employment Services,Industrials,86.67,589910688,35881,BBSI
2019,2019-12-31,2020-03-03,48292000.0,942311000.0,50488000.0,6.27,208253000.0,0.2210024079,860929000.0,171799000.0,423848000.0,342122000.0,689130000.0,116873000.0,148678000.0,657952460.0,23.057173533753858,1.2388796978855496,0.0331095827878954,0.1659206398174611,0.17735514349717865,23.057173533753858,0.2810959318738759,0.7152813243186167,13.957124575499046,3.9232909388296786,0.1699660399237969,6.280817639660144,0.012177726078490608,1.0945281202050343,0.8536603901532201,0.05609289500063304,10.160199279458539,0.2210024079099151,0.25903614457831303,2.7134082186853186,0.4233443355476901,3.2705096616916967,0.11560322060501518,0.26877200357311753,0.36494633539700994,1.4912874366620115,0.08716509964238467,1.3906437655848563,Staffing & Employment Services,Industrials,86.67,589910688,35881,BBSI
2018,2018-12-31,2019-03-05,38062000.0,940698000.0,36989000.0,4.98,186673000.0,0.19844094491537134,756089000.0,119037000.0,321673000.0,326738000.0,637052000.0,0.0,108594000.0,389130500.0,16.213157177880685,0.9844982830279918,0.005517868928128831,0.03504792627502373,0.25523743337699656,16.213157177880685,0.31974932163949027,0.4468272495529915,11.04328464084914,3.5310827725833147,0.1930534391256371,0.0,0.01748152342388531,1.2441630548784601,0.5734992562848521,0.05034063450202291,6.5568910381405505,0.19844094491537134,0.4954954954954956,1.0586495302819672,0.7084404399971869,0.5877287189894596,0.17751733099519967,0.512197059992054,0.23539627934938712,0.4586129804830454,0.24054254174975798,1.1318944920705056,Staffing & Employment Services,Industrials,86.67,589910688,35881,BBSI
2017,2017-12-31,2018-03-06,25170000.0,920432000.0,29941000.0,3.33,158531000.0,0.1722354285813618,682485000.0,88834000.0,308235000.0,322255000.0,593651000.0,0.0,77880000.0,413721749.99999994,12.21085910652921,0.9564940807745419,0.006435306270467483,0.04944052952698291,0.2351428940286058,12.21085910652921,0.2833374608820947,0.5097223369026718,18.63983909415971,5.281364680190017,0.2890742947953913,0.0,0.015508411490846233,1.3486479556327244,0.6170858481637213,0.03687993142706433,4.297482413072949,0.1722354285813618,0.3058823529411766,1.034878351143552,1.4266932696701966,0.7497488659589783,0.08929062225153914,0.3389010053726262,0.03455305621782247,1.9146405151137278,0.42393115169127193,1.2616211703334144,Staffing & Employment Services,Industrials,86.67,589910688,35881,BBSI
2016,2016-12-31,2017-03-08,18799000.0,840586000.0,28941000.0,2.55,145536000.0,0.17313635963482618,597760000.0,69693000.0,260625000.0,275164000.0,528067000.0,0.0,59986000.0,417031599.99999994,9.644755051203985,0.9471624195025512,0.007717144004282655,0.06619029170791901,0.28616861548023664,9.644755051203985,0.26974014606918917,0.5510282112716605,24.63889568594074,6.64609932130917,0.3382626735464652,0.0,0.013728808216818017,1.406226579229122,0.664792632757192,0.03144907655246253,6.327599349735658,0.17313635963482618,-0.26512968299711825,0.8320790129171067,2.7250933560460413,-0.04335187466145507,0.12421208750463478,-0.26261081038675765,-0.20552871417590865,0.033099100492180136,0.5511300007945499,-0.05550446378779223,Staffing & Employment Services,Industrials,86.67,589910688,35881,BBSI
2015,2015-12-31,2016-05-26,25494000.0,740841000.0,36428000.0,3.47,129456000.0,0.17474194867724654,496777000.0,54551000.0,227009000.0,237393000.0,442226000.0,0.0,47546000.0,306927420.0,7.605046702913704,0.9562581878993904,0.039923345887591416,0.3635680372495463,0.35523673995518823,7.605046702913704,0.46734248684717056,0.42156470821674286,12.250428336079077,5.725145643526242,0.24750921785518162,0.0,0.020204127648845986,1.4912948868405744,0.49194795128752744,0.051318800991189205,3.1987752342909817,0.17474194867724654,1.9179894179894181,3.994580463264283,2.907440141382597,-0.17597706096358942,3.256041029687346,1.9412937527691625,1.7934654759311697,1.0903806862615728,0.980981194014508,0.08976131227925149,Staffing & Employment Services,Industrials,86.67,589910688,35881,BBSI
2014,2014-12-31,2015-03-16,-27084000.0,636184000.0,-45910000.0,-3.78,30417000.0,0.047811639399922036,448528000.0,38658000.0,178929000.0,218270000.0,409870000.0,0.0,34200000.0,229693000.0,5.399162011173185,0.8197599303614789,0.10044634894588521,1.1654250090537535,-0.3276308502776724,5.399162011173185,-0.7006053080862952,0.308376193051067,-7.2435386205878,5.0748616069118935,-0.20096736080342636,0.0,0.027744362435264857,1.4183819070381336,0.7126448893572181,-0.06038419006171298,3.019887937934856,0.047811639399922036,-2.56198347107438,-7.292069569944885,2.9274569736008353,-0.43639536447929,-0.6484559197448106,-2.5137491616364858,-2.8795545729959877,-3.663834209546759,1.8452647672530038,-0.46446558891683415,Staffing & Employment Services,Industrials,86.67,589910688,35881,BBSI
2013,2013-12-31,2014-03-14,17892000.0,532844000.0,24426000.0,2.42,86524000.0,0.16238148501249897,313322000.0,72553000.0,210885000.0,146464000.0,240769000.0,0.0,66726000.0,570633700.0,10.211541168191415,1.4398418724055058,0.01682933212477898,0.07267790442848676,0.22550298952790784,10.211541168191415,0.24660592945846485,1.2366052728378287,36.82750391236306,9.081880831943543,0.2266934942991281,0.0,0.0061555487126844525,1.700627469504216,1.3582177190299323,0.05710419313038982,9.968648542338007,0.16238148501249897,0.44910179640718567,3.366990118681222,1.904173068243621,0.002581300534495503,0.2969391731870372,0.36257710760795064,0.30015436205887047,2.5388053132028148,1.837292779567886,0.106442142200198,Staffing & Employment Services,Industrials,86.67,589910688,35881,BBSI
2012,2012-12-31,2013-03-15,13131000.0,402652000.0,18787000.0,1.67,66714000.0,0.16568649851484657,228861000.0,53896000.0,139418000.0,111276000.0,174965000.0,0.0,52890000.0,552616140.0,6.9786352453709695,1.2529026924044717,0.04380388095831094,0.18600638266290634,0.19833125409675795,6.9786352453709695,0.24363589134629657,1.4611578733000208,44.80528063361511,10.916174484191778,0.2703526007158632,0.0,0.0060339450371176,1.759373593578635,1.1360580897947445,0.05737543749262653,14.026418881869114,0.16568649851484657,0.1843971631205674,0.13784761209059315,1.0275086255804589,-0.3099772250528599,0.5353493510080088,-0.08290264003352424,3.7755465175394,4.727133260104265,1.3045468504544058,-0.2715182160194815,Staffing & Employment Services,Industrials,86.67,589910688,35881,BBSI
2011,2011-12-31,2012-03-15,14318000.0,314874000.0,3934000.0,1.41,43452000.0,0.1379980563654033,223097000.0,101655000.0,128957000.0,79318000.0,121442000.0,0.0,80647000.0,352942360.0,10.08182088664088,1.625822637988855,0.0,0.0,0.036562175442159735,10.08182088664088,0.14084894987949437,1.2783315230854246,28.112401173348232,3.9596021838571644,0.26784467104344184,0.0,0.009527634064121498,1.4113771139907754,1.4763609773317532,0.06417836187846541,13.368983658828219,0.1379980563654033,0.9583333333333333,-0.026956695276414377,0.3487273008558258,0.0882922179851304,-0.028788556101922217,0.9472324221406229,-0.5030318342597271,1.4625212841035562,0.20929854451587615,-0.010154791544117771,Staffing & Employment Services,Industrials,86.67,589910688,35881,BBSI
2010,2010-12-31,2011-04-01,7353000.0,273123000.0,7916000.0,0.72,44740000.0,0.1638089798369233,187884000.0,95365000.0,103286000.0,58723000.0,92519000.0,0.0,70164000.0,317629300.0,9.229168682860738,1.7588679052500724,0.01429605501266739,0.028165469511875426,0.059799878600376465,9.229168682860738,0.07710375924081161,1.1765991879116735,43.704107167142666,3.3697509568499973,0.46266829865361075,0.0,0.01058638028879471,1.453678865683081,1.6243550227338521,0.039135849779651274,19.6668482252142,0.1638089798369233,2.5652173913043477,-0.4503731040576195,0.10199954211613915,0.03708550126450252,0.7479976557921469,2.5421560402684564,1.8309016479479374,-0.5237768838208887,0.02789967668088719,-0.08745243717573302,Staffing & Employment Services,Industrials,86.67,589910688,35881,BBSI
2009,2009-12-31,2010-03-15,-4768000.0,236460000.0,-9527000.0,-0.46,25595000.0,0.10824240886407849,172072000.0,100127000.0,93056000.0,47031000.0,71945000.0,0.0,71408000.0,220239159.99999997,9.57969766551856,1.9786098530756309,0.0,0.0,-0.05752138932155123,9.57969766551856,-0.04761952320552898,1.0864846485663535,-53.8821644295302,2.5658429794161415,-0.7038590604026845,0.0,0.013062932193884432,1.3741921986145333,1.871233867023878,-0.02770933097773025,119.82749999999999,0.10824240886407849,-1.8214285714285714,-1.531468078349058,-0.003500028805549112,1.1228202643057477,-0.48407579117113486,-1.7612965032731918,-1.8342381786339754,-1.3125909666614564,-0.022908132271917396,0.034090025726275563,Staffing & Employment Services,Industrials,86.67,589910688,35881,BBSI
2008,2008-12-31,2009-03-16,6263000.0,280468000.0,11420000.0,0.56,49610000.0,0.1768829242551735,170060000.0,110622000.0,98609000.0,46116000.0,59438000.0,0.0,79532000.0,194555800.0,10.185249976981861,2.1382817243472982,0.0,0.0,0.06471397109091336,10.185249976981861,0.05661622462078068,0.8441954162328679,37.804534568098354,2.1403500207915243,0.5534089094683059,0.0,0.014638691252009336,1.6492296836410678,2.0555989244513833,0.036828178290015286,17.754184163167366,0.1768829242551735,-0.611111111111111,1.360532934484748,0.7959661372963398,1.8377328639270154,-0.15786793413681888,-0.6273354754254433,-0.49989051894022335,-0.554607973276697,0.07662156161519451,0.14452075163592332,Staffing & Employment Services,Industrials,86.67,589910688,35881,BBSI
TTM,,,,,,,,,,,,,,,,557863688.0,25.2662394407224,1.3283745286475879,0.030438060882035513,0.11867787269855544,0.19902377198968033,25.2662394407224,0.2742415527675023,0.5551484051653558,12.449553756354735,3.430269083111403,0.17494089834515367,7.641861970138215,0.013845621322256835,1.5710137642484365,0.9478350296109791,0.07066780999127723,30.631980891058262,0.2221268602639895,,,,,,,,,,,Staffing & Employment Services,Industrials,86.67,589910688,35881,BBSI
