Quarters,Year,Quarter,FillingDate,Date,NetIncome,Revenue,OperatingIncome,EPSDiluted,GrossProfit,GrossProfitRatio,TotalAssets,CommonStockEquity,CurrentAssets,CurrentLiability,TotalLiability,Inventory,RetainedEarnings,MarketCap,EnterpriseValue,bookValuePerShare,currentRatio,debtToAssets,debtToEquity,roic,shareholdersEquityPerShare,roe,priceToSalesRatio,peRatio,pbRatio,payoutRatio,inventoryTurnover,dividendYield,assetTurnover,quickRatio,returnOnAssets,priceToFreeCashFlowsRatio,grossProfitMargin,epsdilutedGrowth,fiveYNetIncomeGrowthPerShare,fiveYRevenueGrowthPerShare,fiveYShareholdersEquityGrowthPerShare,grossProfitGrowth,netIncomeGrowth,operatingIncomeGrowth,threeYNetIncomeGrowthPerShare,threeYRevenueGrowthPerShare,threeYShareholdersEquityGrowthPerShare,Industry,Sector,Symbol
2023Q1,2023,Q1,2023-03-31,2023-03-31,6754634000.0,25046287000.0,7220090000.0,10.35,14896546000.0,0.5947606525,178241444000.0,108642145000.0,135547292000.0,58180634000.0,65704826000.0,876303000.0,0.0,391437715440.9216,408859781440.9216,168.64226255579257,2.3297664992787808,0.1746105916870826,0.2864711848242687,0.0415700657010193,168.64226255579257,0.062173238571458615,15.628572627987596,14.487747057831763,3.6030006167580875,0.17948270772332,11.582456068277754,0.003097146626850714,0.1405188739382071,2.174890118935452,0.037895978894784986,86.58115159994284,0.5947606525470223,0.7107438016528925,8.15318192821129,0.8005768080878798,1.4881760756111257,0.12474604292059627,0.7088498425268365,0.6285499747713236,0.9082644009807659,0.4726251273748612,0.7411273762675987,Electronic Gaming & Multimedia,Communication Services,NTES
2022Q4,2022,Q4,2022-12-31,2022-12-31,3952737000.0,25354129000.0,4433447000.0,6.05,13244364000.0,0.5223750341,172760985000.0,104731317000.0,131603199000.0,56828847000.0,63887505000.0,993636000.0,91074675000.0,324534835240.83716,327176503240.83716,161.6582270392019,2.3157816135175153,0.1593569751874244,0.262869491080686,0.026549682935392584,161.6582270392019,0.03774169095954365,12.800078253164886,20.52595677633227,3.098737269205133,0.5107812637167614,12.18732513717297,0.006221162663483298,0.14675841886407398,2.15493064640217,0.02287980124679192,38.18773466795677,0.5223750340624993,-0.40394088669950745,2.1170642719602677,0.7596522568669009,1.321744348666334,-0.03634545440258116,-0.40998324617083054,1.2206518330927412,0.2900419439854601,0.6059210480769418,0.698499283554625,Electronic Gaming & Multimedia,Communication Services,NTES
2022Q3,2022,Q3,2022-09-30,2022-09-30,6699364000.0,24426760000.0,1996462000.0,10.15,13743892000.0,0.5626571842,172707671000.0,105364713000.0,131592030000.0,57028590000.0,63201898000.0,932905000.0,0.0,351467534936.95197,362463885936.95197,161.45428777112028,2.307474724519754,0.1678878351616472,0.27519191363431134,0.011986540363898589,161.45428777112028,0.06358261517781574,14.388626855831554,13.115705272058362,3.335723364395744,0.2414518751332216,11.451185276099924,0.004602342575652595,0.14143413467720262,2.1295165635341853,0.038790193633032086,51.861778903358044,0.5626571841701479,0.26875000000000004,1.6759696083579858,0.9763243905332166,1.3629834586974265,0.06200220670091259,0.26606716160103533,-0.5963751718192737,-0.47975984062665966,0.6499149826080648,0.6434036635851086,Electronic Gaming & Multimedia,Communication Services,NTES
2022Q2,2022,Q2,2022-06-30,2022-06-30,5291476000.0,23159078000.0,4946331000.0,8.0,12941491000.0,0.5588085588,168179586000.0,100830817000.0,128009165000.0,57444687000.0,63415096000.0,843767000.0,0.0,409672203768.00006,424593120768.00006,153.9545163748074,2.228389981479053,0.18660305775755687,0.3112423952688988,0.02919129926978377,153.9545163748074,0.05247875756079612,17.68948676488762,19.355289704044772,4.062966223590156,0.2652637940718242,12.109488756967266,0.003426244170558588,0.13770445361900224,2.0325350715201913,0.03146324786410165,67.14854583588485,0.5588085587863213,0.22887864823348697,0.791388482257104,0.7420933335737088,1.3302500916344813,0.00818860209721137,0.22608208056055018,-0.10181660235200804,0.6947523382149531,0.21378363868143965,0.9466990536156887,Electronic Gaming & Multimedia,Communication Services,NTES
2022Q1,2022,Q1,2022-03-31,2022-03-31,4315760000.0,23555842000.0,5507039000.0,6.51,12836379000.0,0.5449339913,159248109000.0,97671521000.0,119073590000.0,51764387000.0,57620529000.0,861312000.0,0.0,374008293047.68005,390009916047.68005,149.0130855465508,2.3002994317309313,0.16234804395699293,0.2646996661391195,0.034761621403054194,149.0130855465508,0.04418647273855805,15.877517477306906,21.66526249418874,3.8292461222927003,0.39007544441766917,12.445505229231683,0.004501162223655251,0.14791913164884113,2.0821018898572103,0.02710085555866789,101.37498100553621,0.5449339913215584,-0.23591549295774647,0.10381683361188096,0.7326027845434666,1.3544989185885983,-0.00630146975718738,-0.23786287408780393,-0.21587537134239135,0.7724347825940785,0.2554317808626872,1.000346174943507,Electronic Gaming & Multimedia,Communication Services,NTES
2021Q4,2021,Q4,2021-12-31,2021-12-31,5662708000.0,24373565000.0,7023168000.0,8.52,12917780000.0,0.5299914067,153643924000.0,95328080000.0,113120254000.0,50501326000.0,54220048000.0,964733000.0,77494475000.0,425602354396.02716,432798176396.02716,145.26528935392597,2.2399462144815763,0.1411964654065982,0.22757176059771686,0.05105320755598406,145.26528935392597,0.05940230832300409,17.461637409054735,18.789700722517708,4.464606382463878,0.16609367814833467,11.874565294231669,0.0022099031884697195,0.15863669948965897,2.071197813697011,0.03685604905534696,55.78793393308882,0.5299914066735826,0.7936842105263157,0.5375961746000995,1.0146541096925001,1.4962640801089426,0.0937290445464681,0.7797284666265634,0.8603418147315521,2.2522679682626854,0.1975858778979777,1.0549506505949076,Electronic Gaming & Multimedia,Communication Services,NTES
2021Q3,2021,Q3,2021-09-30,2021-09-30,3181782000.0,22190749000.0,3775203000.0,4.75,11810768000.0,0.532238366537335,147788304000.0,83780065000.0,108943566000.0,49008285000.0,62683741000.0,1038607000.0,0.0,366155951259.952,363503313259.952,125.95127111764303,2.222962219551245,0.13271782995763995,0.2341146787126508,0.029374297890651286,125.95127111764303,0.037977793404672104,16.500387222619302,28.769723323278598,4.370442434724204,0.32312584583104687,9.994137339725228,0.0028078636888523223,0.15015226780056964,1.9742725949296125,0.02152932210386554,64.61423576973813,0.532238366537335,-0.09523809523809523,0.14434470104594826,1.3739667210382451,1.3587011877427155,0.05551165571931257,-0.10163664670104135,0.004544287377349077,0.9243402301714504,0.2710406638597339,0.8647336697639961,Electronic Gaming & Multimedia,Communication Services,NTES
2021Q2,2021,Q2,2021-06-30,2021-06-30,3541754000.0,20524501000.0,3758125000.0,5.25,11189614000.0,0.5451832422137814,154857023000.0,86136044000.0,115959185000.0,54341723000.0,67433720000.0,884311000.0,0.0,499040251097.26,516292644097.26,128.657003555183,2.1338886328650273,0.17556968016878383,0.31564252010459176,0.025118839002310524,128.657003555183,0.04111814097243658,24.31436706291958,35.22550204625025,5.7936286358502835,0.3610863430944103,10.556113177377641,0.002562677052979348,0.13253839317316593,1.938389642153967,0.022871122867963178,133.64054372512118,0.5451832422137814,-0.19847328244274806,0.27474849775696936,1.2448363972248448,1.5775399727363744,0.012392967869483478,-0.2021552765032601,-0.12102445192154317,0.6325833377414406,0.22387287458246213,0.9178101221642744,Electronic Gaming & Multimedia,Communication Services,NTES
2021Q1,2021,Q1,2021-03-31,2021-03-31,4439152000.0,20517211000.0,4275574000.0,6.55,11052639000.0,0.5387008497402498,150503876000.0,85706495000.0,115528557000.0,50647794000.0,63325732000.0,874702000.0,0.0,454103686868.05444,467139713868.05444,127.93396629725362,2.28101853754973,0.14502627826010275,0.25467167920004197,0.03101139016527088,127.93396629725362,0.05179481438367069,22.132817509555974,25.573785650280417,5.29835792337622,0.05875942071819122,10.820338812532725,0.0005744106633421607,0.13632347249316024,2.064576534172446,0.029495266952460415,94.86605357664773,0.5387008497402498,3.5172413793103448,0.7719024476579955,1.5460265243086861,1.7135089632733904,0.1133062013372198,3.54970062580583,0.4195457996879743,4.784613270507302,0.41837368429806715,0.8875590814227529,Electronic Gaming & Multimedia,Communication Services,NTES
2020Q4,2020,Q4,2020-12-31,2020-12-31,975702000.0,19761738000.0,3011931000.0,1.45,9927762000.0,0.5023729188191848,141874582000.0,82126798000.0,107831043000.0,46743491000.0,58876778000.0,621207000.0,64162689000.0,420101014097.1084,431294226097.1084,122.11099226149216,2.3068675593784813,0.14315764468648795,0.2473057697927052,0.018334273752456047,122.11099226149216,0.011880433960179477,21.258302994256294,107.64070743349617,5.115273264362607,0.882657819703147,15.830433333816265,0.002050009333709742,0.13929019364441195,2.14136965080336,0.00687721497568888,55.44136540062109,0.5023729188191848,-0.6666666666666666,-0.5593882919873936,1.444129911029475,1.7453321274851854,0.0042403060619109565,-0.6745750840493089,0.04939626974979757,-0.2588371263902035,0.3211493498058046,0.7537647875131461,Electronic Gaming & Multimedia,Communication Services,NTES
2020Q3,2020,Q3,2020-09-30,2020-09-30,2998240000.0,18658222000.0,2870156000.0,4.35,9885843000.0,0.5298384272627906,144731644000.0,85246787000.0,113765137000.0,46928909000.0,58637861000.0,524360000.0,0.0,418290357599.1084,434071630599.1084,125.82792842035451,2.424201615255961,0.15371567948195214,0.2609778477633415,0.023782877044387116,125.82792842035451,0.03517129625073142,22.418554007938614,34.87799155497128,4.9068166944416145,0.4594595496024334,16.72968761919292,0.0032933343429357035,0.12891598191201364,2.2022467430470205,0.0207158567203175,97.39077455485905,0.5298384272627906,-0.36956521739130443,0.5468189204982894,1.7151777714917005,2.061515423956709,0.009565597020069596,-0.33927541195018035,-0.31168843003944985,0.15360898052092975,0.45414345882269647,0.8415696331395018,Electronic Gaming & Multimedia,Communication Services,NTES
2020Q2,2020,Q2,2020-06-30,2020-06-30,4537806000.0,18184806000.0,4169850000.0,6.9,9792175000.0,0.5384811363948563,144170254000.0,85804783000.0,111113047000.0,45195482000.0,57191315000.0,558789000.0,0.0,393534359916.6773,404844167916.6773,132.33061160786303,2.458498993328581,0.15212987694396377,0.25561049434738387,0.03149592715209023,132.33061160786303,0.052885233682136344,21.64083355723879,21.680871764718308,4.586391878838238,0.24574342755067097,15.0193203516891,0.0028336432941614216,0.12613424403067225,2.2389103185136956,0.03147532777461847,106.48070200146687,0.5384811363948563,0.27777777777777773,2.2305931766521954,3.036784151401898,2.3804180452498622,0.04420662295835767,0.27789308156618153,-0.07057177271742493,0.551702810335369,0.381683274575622,1.00295143712802,Electronic Gaming & Multimedia,Communication Services,NTES
2020Q1,2020,Q1,2020-04-29,2020-03-31,3551006000.0,17062367000.0,4486468000.0,5.4,9377622000.0,0.5496085039080452,118653818000.0,62597346000.0,90221140000.0,43407413000.0,54845678000.0,562117000.0,59018101000.0,294637305610.0928,309189956610.0928,96.85808451148807,2.0784730939851217,0.1697838159746364,0.3218267113113709,0.0422977593136336,96.85808451148807,0.05672774050196953,17.268255079151256,20.74322780714062,4.706865776866846,0.2609246506482952,13.671077373571695,0.003144696826769588,0.14379956151094944,1.860762169816478,0.02992744826803635,48.866008592112834,0.5496085039080452,0.16129032258064516,1.8455157144899759,3.7231366592261175,1.5774986912915114,0.14215994586396713,0.1628414019304903,0.5073253544583249,-0.07888335019280752,0.2728087537249017,0.5304176435405705,Electronic Gaming & Multimedia,Communication Services,NTES
2019Q4,2019,Q4,2020-02-27,2019-12-31,3053732000.0,15734804000.0,2976443000.0,4.65,8210428000.0,0.5218004622110323,112124371000.0,61453699000.0,85105012000.0,38243013000.0,49531516000.0,650557000.0,56393640000.0,275830490062.5384,289883746062.5384,95.17709462960916,2.225374135662376,0.15428964145537993,0.2815067161376242,0.029273030196998253,95.17709462960916,0.0496915897609353,17.529960339038123,22.581425781841563,4.488427784673115,2.256414118855224,11.566051860175204,0.024980864147534004,0.14033348735575069,2.0071830898888643,0.027235220788886298,61.10174111022271,0.5218004622110323,-0.7621483375959079,1.4316017442758395,3.5994797042151307,1.659563624344666,0.043210022425940395,-0.7601209523829723,-0.10745205592827814,-0.15726224818772708,0.3218621969290443,0.6355398019010796,Electronic Gaming & Multimedia,Communication Services,NTES
2019Q3,2019,Q3,2019-10-15,2019-09-30,12730299000.0,14635690000.0,3334771000.0,19.55,7870350000.0,0.537750526281986,105823818000.0,63381110000.0,82546021000.0,34610569000.0,41771698000.0,686749000.0,0.0,245475420485.2851,258228840485.2851,98.2438407243814,2.3849946240409974,0.1464210920834476,0.24447093148100435,0.03891364215999508,98.2438407243814,0.20085320373846402,16.772384526133383,4.820692359332744,3.8730060184380664,0.07253906605021611,9.8512556989526,0.0037618593265852265,0.13830241883731695,1.909485712297882,0.1202971055155088,74.05095049169176,0.537750526281986,3.115789473684211,10.12576629481032,3.7570954087360664,1.8759973460380202,-0.031433209582994545,3.144831601042793,-0.043441083398160066,3.7207247210333323,0.6143566880809536,0.8398215575654048,Electronic Gaming & Multimedia,Communication Services,NTES
2019Q2,2019,Q2,2019-09-06,2019-06-30,3071367000.0,18768999000.0,3486216000.0,4.75,8125769000.0,0.4329356616194609,92800303000.0,50951338000.0,73043425000.0,33932654000.0,41132971000.0,3966704000.0,0.0,232317848032.85522,241039333032.85522,79.08490841913186,2.152599823167383,0.1460534563125295,0.2660147021065472,0.04430840284597772,79.08490841913186,0.06028039930963148,12.377743108881578,18.909971360704795,4.559602498227921,0.19962349012670905,2.6831419737898266,0.002639129990190383,0.2022514840280209,1.7695727248449238,0.03309651909218443,60.02747358085987,0.4329356616194609,0.2837837837837837,1.590297151727861,5.876821937581132,1.414633539968123,0.004301836505741035,0.2893429292755439,0.022552244899874698,0.1487548073133062,1.133254702303115,0.5844027690500014,Electronic Gaming & Multimedia,Communication Services,NTES
2019Q1,2019,Q1,2019-04-26,2019-03-31,2382118000.0,18356157000.0,3409328000.0,3.7,8090963000.0,0.4407765198347345,91439321000.0,47768218000.0,71646856000.0,36229397000.0,42859060000.0,4277632000.0,0.0,220583272398.21182,230585768398.21182,74.49364885593323,1.9775889728443452,0.15457851004821,0.29589870821641284,0.036349853298428374,74.49364885593323,0.04986826178024895,12.016854747876248,23.14991033171025,4.617783154444067,0.17362238142694864,2.3997375183278975,0.0018749789841423753,0.2007468646885512,1.569830323148906,0.026051352677914134,104.42474097680602,0.4407765198347345,0.39622641509433976,1.1520734044615215,6.8788463652269725,1.376990990558353,0.05661212898588539,0.4031450804883551,0.5185457214669816,-0.006629769803835019,1.3797670129754012,0.5800274917440335,Electronic Gaming & Multimedia,Communication Services,NTES
2018Q4,2018,Q4,2019-01-11,2018-12-31,1697699000.0,19844275000.0,2245127000.0,2.65,7657458000.0,0.38587743820320974,86967928000.0,45231636000.0,68715720000.0,35109010000.0,40942083000.0,5017823000.0,43997388000.0,207163140108.42886,215432496108.42886,70.69040286289683,1.957210414078893,0.15705277007404383,0.3019690466203787,0.025178315044207807,70.69040286289683,0.037533442301313176,10.439441103715247,30.50645905258071,4.580049682669645,0.2352442924216837,2.42870603446953,0.0019278236456107406,0.22817923177380978,1.5603915633052599,0.01952097789428765,42.66635116544532,0.38587743820320974,0.08163265306122437,0.3942854081027898,7.322521024393669,1.2698145589982532,0.014589230548266755,0.06352593164287508,0.06541566893404667,-0.19416185421412357,1.5797800294640558,0.5892806248662443,Electronic Gaming & Multimedia,Communication Services,NTES
2018Q3,2018,Q3,2018-11-13,2018-09-30,1596293000.0,16855303000.0,2107278000.0,2.45,7547348000.0,0.44777290565467737,79988987000.0,43375843000.0,62950752000.0,33124259000.0,35861741000.0,6291106000.0,0.0,206366497941.708,215234343941.708,67.5438391872785,1.9004425729191405,0.17059760989347195,0.3145974592355473,0.024303598223636293,67.5438391872785,0.03680142885061623,12.243416682672985,32.31964588294693,4.757636593753532,0.33435340504531436,1.4795419120262796,0.0025863015815229887,0.2107202957827182,1.419076453906486,0.019956409749257106,862.3828780086253,0.44777290565467737,-0.2461538461538461,0.541313927170258,6.239442066922445,1.3138448636397164,0.0417158492511917,-0.24221178476688524,-0.09698057628778993,-0.1311906671065806,1.587637069047051,0.6434070564548366,Electronic Gaming & Multimedia,Communication Services,NTES
2018Q2,2018,Q2,2018-08-09,2018-06-30,2106516000.0,16283885000.0,2333591000.0,3.25,7245112000.0,0.4449252742819051,75400068000.0,43611502000.0,62374252000.0,29620719000.0,31170818000.0,5676108000.0,0.0,217720878389.23135,227367333389.23135,67.0853710011666,2.1057642793883566,0.16877625362353785,0.29179781517270376,0.03493088293554249,67.0853710011666,0.04830184477480276,13.370327682198159,25.838977533191223,4.992281127791273,0.09094780196305179,1.5924244218045183,0.0008799477634730866,0.21596644979153068,1.6202136754344147,0.027937852788143373,744.9382872141957,0.4449252742819051,1.8260869565217392,0.9227683784744551,6.187828199078553,1.4363119287151784,0.21693408568763187,1.8015943630726998,0.9334724175043891,0.49581907743447656,2.6054779322406434,0.7137123145522472,Electronic Gaming & Multimedia,Communication Services,NTES
2018Q1,2018,Q1,2018-04-20,2018-03-31,751899000.0,14172990000.0,1206943000.0,1.15,5953578000.0,0.42006506742755056,73775374000.0,44488422000.0,63382840000.0,27879095000.0,28710967000.0,5121060000.0,0.0,231488220651.96432,237276944651.96432,67.77746326267204,2.2734898675871653,0.12898828544061328,0.21390192261708002,0.01653945425461132,67.77746326267204,0.016901004041006445,16.333054680202576,76.96785760187349,5.203336289427491,0.4196188583839053,1.6050216166184346,0.0013629678396222219,0.19211003932016665,1.713967114068803,0.010191734168640066,257.9968845452162,0.42006506742755056,-0.4102564102564103,-0.30160736910006364,5.503894790079912,1.6225288394674504,0.036376179344432547,-0.4151435929786024,-0.154099272925553,-0.4067640758175449,2.862878658193995,0.8036318159675709,Electronic Gaming & Multimedia,Communication Services,NTES
2017Q4,2017,Q4,2018-02-08,2017-12-31,1285613000.0,14607636000.0,1426814000.0,1.95,5744611000.0,0.3932608260501562,71031415000.0,45732007000.0,61947760000.0,23750114000.0,24596275000.0,5474929000.0,42733081000.0,295437133906.22375,299296495906.22375,69.62791882407824,2.608314216933864,0.0932475018271845,0.14483296129994908,0.02228261392126594,69.62791882407824,0.02811188671426557,20.22484226100813,57.45063520402791,6.4601829940729205,0.48567881625341375,1.618838344752964,0.002113461472308327,0.2056503590699974,1.986445833481052,0.018099217085848565,112.13903717022447,0.3932608260501562,-0.4868421052631579,0.27273373278512913,5.422515698217112,1.911895065147514,-0.03412550493268265,-0.4913396867750843,-0.4403968483999421,0.0063534041957105354,3.1976482787306133,0.945634933110609,Electronic Gaming & Multimedia,Communication Services,NTES
2017Q3,2017,Q3,2017-11-16,2017-09-30,2527449000.0,12477789000.0,2549689000.0,3.8,5947575000.0,0.47665295510286315,66499523000.0,45015752000.0,58827390000.0,20095868000.0,20782778000.0,0.0,0.0,231684516725.582,234841587725.582,68.32645703754545,2.9273375999484075,0.08620502435784388,0.12734637866318438,0.04614756126732481,68.32645703754545,0.056145879780037884,18.5677540087897,22.916834001950384,5.146743227250363,0.2910488005890524,0.0,0.00317505464066592,0.1876372707214757,2.1864852515950046,0.038007024501514095,203.8742360590087,0.47665295510286315,-0.15555555555555559,2.1064481800285177,5.219913558811227,1.8262733658679928,-0.11716311235599809,-0.1496115050884708,-0.2512740172139885,1.1629806303795445,2.9714143215386053,1.0001936778454348,Electronic Gaming & Multimedia,Communication Services,NTES
2017Q2,2017,Q2,2017-08-08,2017-06-30,2972111000.0,13376048000.0,3405370000.0,4.5,6736890000.0,0.5036532464596419,65202953000.0,43538025000.0,57620381000.0,20189449000.0,20975071000.0,0.0,0.0,268865941843.818,271231128843.818,66.06780831272098,2.8539848214777925,0.0824761265030435,0.12351701759553861,0.05637358142340096,66.06780831272098,0.06826471802522048,20.10055151146422,22.615738598240274,6.17542807336387,0.3299045695130498,0.0,0.0036468471732636625,0.20514481913112126,2.206317418568481,0.04558246004594301,142.3835999513949,0.5036532464596419,-0.23728813559322037,2.3865494460753065,5.797839463448288,1.8820507288009851,-0.09978156284588054,-0.2423430304025272,-0.2863758917236561,1.4505640167068328,3.7913471644132266,1.01719328065237,Electronic Gaming & Multimedia,Communication Services,NTES
2017Q1,2017,Q1,2017-04-21,2017-03-31,3922766000.0,13640546000.0,4771938000.0,5.9,7483617000.0,0.5486303114259502,62854594000.0,41619953000.0,54185325000.0,20186976000.0,20875616000.0,0.0,0.0,257323940719.19998,257848131719.19998,63.28866170636278,2.6841724585197904,0.07133037881049713,0.1077233796972332,0.0838029774805976,63.28866170636278,0.09425205261524443,18.864636409656914,16.399393993880846,6.182706182277524,0.23378605810287945,0.0,0.0035639435547147763,0.2170174864227108,2.1710055532834636,0.06241017164155097,69.43960482723614,0.5486303114259502,0.06306306306306315,3.153107068591291,5.918537119053677,1.9294398994181525,0.15786692791692886,0.06507181450408624,0.2341176409736518,2.4556546345482357,4.7089566123759505,1.0194550943726242,Electronic Gaming & Multimedia,Communication Services,NTES
2016Q4,2016,Q4,2017-02-16,2016-12-31,3683100000.0,12099020000.0,3866680000.0,5.55,6463279000.0,0.5341985549242831,58031860000.0,38191081000.0,49919704000.0,19534998000.0,19568919000.0,1578130000.0,35328812000.0,196307250057.30887,194683442057.30887,58.19307761203945,2.55539846996657,0.06575165779625192,0.09991052622993311,0.07437472045963382,58.19307761203945,0.09643874704672539,16.225053769421727,13.32486560623584,5.140133374525557,0.18802747685373733,3.571151299322616,0.0035277555963818368,0.20848926779186466,2.096458315480759,0.06346686113455609,39.9571275768513,0.5341985549242831,0.3373493975903613,3.0876110676818485,4.748234096570937,1.9016225032546976,0.21181012956790324,0.3441882498582126,0.3583503126536921,1.9491422041083921,3.9472182839584993,0.8685350407877083,Electronic Gaming & Multimedia,Communication Services,NTES
2016Q3,2016,Q3,2016-10-04,2016-09-30,2740018000.0,9211645000.0,2846600000.0,4.15,5333574000.0,0.5790034244697879,49655423000.0,35003190000.0,39865791000.0,14361393000.0,14408880000.0,0.0,0.0,210508473827.9376,209031680827.9376,53.39857026916529,2.775900011927812,0.06051725709798102,0.08584960399323605,0.06496667563794283,53.39857026916529,0.07827909399114766,22.852430139018338,19.20685136264959,6.013979692363399,0.24956989333646712,0.0,0.003248448803818396,0.18551135895066284,2.3341678624072193,0.0551806395849251,59.09865789064117,0.5790034244697879,0.012195121951219686,2.3092162850978757,3.6921265594597554,1.8573246948652837,0.010079634872688363,0.007134434655782825,-0.06604516750719101,1.5918872125385788,2.8760548617509243,0.8292713151887827,Electronic Gaming & Multimedia,Communication Services,NTES
2016Q2,2016,Q2,2016-09-28,2016-06-30,2720608000.0,8952823000.0,3047899000.0,4.1,5280350000.0,0.5897972069815297,45765099000.0,32722886000.0,36949039000.0,12811331000.0,12854283000.0,0.0,0.0,168740372128.1875,165804132128.1875,49.91464920662232,2.884090575756727,0.05071375460151414,0.07092650691017902,0.07947639637154609,49.91464920662232,0.08314083299376467,18.847727932093317,15.505759386154446,5.156647006263063,0.2268092279372846,0.0,0.0036568545643080423,0.1956255573706942,2.394688030463033,0.059447221997706155,55.788137832231115,0.5897972069815297,0.10810810810810796,2.5079195635912406,4.14383449926288,1.8703703175546111,0.15125357317355806,0.1055813692653672,0.06284302494869555,1.4625089753445537,2.9187657376218303,0.8127298614419652,Electronic Gaming & Multimedia,Communication Services,NTES
2016Q1,2016,Q1,2016-04-22,2016-03-31,2460794000.0,7915356000.0,2867685000.0,3.7,4586609000.0,0.5794570705347933,43238463000.0,31023981000.0,36095066000.0,12002601000.0,12090118000.0,0.0,0.0,122397990623.562,118074877623.562,47.147058671559684,3.007270340820294,0.052301119029138476,0.07289264391955372,0.07107739530783833,47.147058671559684,0.07931909189861869,15.463358896752338,12.43480667454915,3.945270293440484,0.22462506004159633,0.0,0.004516054529849388,0.18306284383882934,2.452520916091437,0.056912152497187514,42.96710667375846,0.5794570705347933,0.13846153846153852,2.3023247004653804,4.221957959061702,1.907961718052792,0.08695504831402147,0.13690844972489688,0.18596560735511786,1.279996444537927,2.6232745918456084,0.8242718908355124,Electronic Gaming & Multimedia,Communication Services,NTES
2015Q4,2015,Q4,2016-02-25,2015-12-31,2164461000.0,7902954000.0,2418017000.0,3.25,4219686000.0,0.5339378161634245,41157430000.0,29240083000.0,34408924000.0,11667423000.0,11833831000.0,817765000.0,26419698000.0,155170980759.25006,151372253759.25006,44.479497048449964,2.9491451539898743,0.05522113504171665,0.07772754954218153,0.06197983894407116,44.479497048449964,0.07402376388603274,19.634554466500763,17.92258912949345,5.306790023792,0.21757610786241932,4.5040665716923565,0.003034942472463084,0.19201767457297503,2.45003305357147,0.05258979970323706,56.02168096446437,0.5339378161634245,0.14035087719298242,2.0089505905091465,3.79149408939504,1.9733611550095707,0.09623104866458991,0.15014482680563238,0.15800365022405632,1.140894065175772,2.471624973994594,0.8601680208605532,Electronic Gaming & Multimedia,Communication Services,NTES
2015Q3,2015,Q3,2015-11-12,2015-09-30,1881903000.0,6671789000.0,2088091000.0,2.85,3849267000.0,0.5769467529623614,37206585000.0,27034098000.0,33219183000.0,9894502000.0,10096572000.0,0.0,0.0,100441724854.51105,96398097854.51105,41.09988387964227,3.3573375395750085,0.05984034815342499,0.08235728819211945,0.05913716146676735,41.09988387964227,0.06961219863891889,15.054691455996442,13.34310600154618,3.715371781759134,0.19652713237611077,0.0,0.003682184874221517,0.17931742459029765,2.653112708451623,0.05057983687564983,50.97459832539396,0.5769467529623614,0.3255813953488373,2.1754432558702645,3.705154463446533,1.9607277070633142,0.3527207515952845,0.3212641822062458,0.4396894322575663,1.3167718409142377,2.331143437808448,0.7000663020690574,Electronic Gaming & Multimedia,Communication Services,NTES
2015Q2,2015,Q2,2015-08-07,2015-06-30,1424320000.0,4567905000.0,1450376000.0,2.15,2845574000.0,0.6229494702713826,35001728000.0,25738605000.0,31297440000.0,9044602000.0,9238864000.0,0.0,0.0,118220648206.70929,114970536206.70929,39.14622683836782,3.46034463429126,0.06113298177735682,0.0831342646580885,0.04724360027623885,39.14622683836782,0.05533788641614416,25.880715165203586,20.750366526958352,4.593125703848724,0.2203016176140193,0.0,0.0026541894733257965,0.1305051282039561,2.728782427352801,0.040692848078814854,235.87566656499573,0.6229494702713826,0.13157894736842105,1.8954327714651007,2.445322204733288,2.0223472509847706,0.14321033880410172,0.12645936245968514,0.10241266974654122,0.6266109675438354,1.3267186794307044,0.7076608785825806,Electronic Gaming & Multimedia,Communication Services,NTES
2015Q1,2015,Q1,2015-04-24,2015-03-31,1264422000.0,3660247000.0,1315638000.0,1.9,2489108000.0,0.680038259713074,31396774000.0,24607024000.0,28955166000.0,6594377000.0,6785011000.0,0.0,0.0,85445942808.096,82934382808.096,37.57832538916062,4.390887266530258,0.03912315959595084,0.049918307878270854,0.043735918832858094,37.57832538916062,0.051384596528210806,23.34431059108743,16.89426924082624,3.4724208343152747,0.24786503240215688,0.0,0.0036678862646981622,0.1165803531279997,3.7337047912183365,0.04027235409599725,47.34382323990966,0.680038259713074,-0.025641025641025664,1.7665599598882298,2.1103529746288463,2.0879007430377126,0.0014806302978802846,-0.005385956866721363,0.05607910250317874,0.34439463814279214,0.8644335837500488,0.7393865311779526,Electronic Gaming & Multimedia,Communication Services,NTES
2014Q4,2014,Q4,2014-12-31,2014-12-31,1271269000.0,3462993000.0,1245776000.0,1.95,2485428000.0,0.7177109511916426,30354671000.0,23390345000.0,27732522000.0,6756447000.0,6996511000.0,0.0,21223973000.0,80717922342.23776,80746334342.23776,35.78673349206354,4.104601427347835,0.06753046343345312,0.08763722809560953,0.04268911688321385,35.78673349206354,0.05435016029049593,23.308716576163384,15.873493796796303,3.4509077289042875,0.2270849049257081,0.0,0.0035764795676478597,0.11408435294851327,3.52432972537193,0.041880506627793794,51.156321277976204,0.7177109511916426,0.11428571428571425,1.2042453847941104,1.7467223885990832,2.117284685682992,0.10050605705440169,0.09672991730974123,0.03881063980060589,0.41667284520190395,0.6520071486329796,0.7843976548349276,Electronic Gaming & Multimedia,Communication Services,NTES
2014Q3,2014,Q3,2014-11-13,2014-09-30,1159145000.0,3116739000.0,1199233000.0,1.75,2258441000.0,0.72461665862942,28443077000.0,22325462000.0,26162503000.0,6064973000.0,6152567000.0,0.0,0.0,68735679159.31056,68601833159.31056,34.159920508870535,4.3137047765917504,0.07246360863137276,0.09232006038665627,0.04208248915017333,34.159920508870535,0.051920314123846574,22.0537167723414,14.824650746738019,3.0788020941878185,0.25720854595413,0.0,0.0043375144269541316,0.10957812335142221,3.6584403590914585,0.040753150582125836,68.62902964723875,0.72461665862942,-0.0540540540540541,1.9146896361822296,2.555742482714907,2.223598002985621,0.12939838024488856,-0.035932994496606224,0.01973080595801634,0.40411893530376924,0.5923090124859831,0.8278763635923203,Electronic Gaming & Multimedia,Communication Services,NTES
2014Q2,2014,Q2,2014-07-15,2014-06-30,1202349000.0,2767590000.0,1176029000.0,1.85,1999685000.0,0.7225365751429944,27275754000.0,21396995000.0,24858113000.0,5851202000.0,5925291000.0,0.0,0.0,63601340326.02239,63993547326.02239,32.75234403485339,4.248377171049641,0.07556850674045527,0.09633072307583378,0.04641221685911488,32.75234403485339,0.05619242328186738,22.98076677760159,13.224392486296074,2.9724426409419826,0.22791302691647766,0.0,0.004308572721821722,0.10146703918799092,3.610720327207982,0.04408123786422183,59.710317486983136,0.7225365751429944,0.08823529411764713,1.5313280454517437,2.160238452654866,2.265045792554683,0.1709567520975139,0.06983876995355294,0.027919205445040455,0.5557054755883085,0.5956657352802174,0.8834421886612646,Electronic Gaming & Multimedia,Communication Services,NTES
2014Q1,2014,Q1,2014-04-24,2014-03-31,1123860000.0,2365512000.0,1144087000.0,1.7,1707736000.0,0.7219308124414503,25815915000.0,20404104000.0,23677715000.0,5414329000.0,5486426000.0,0.0,0.0,54363531750.192,53434631750.192,31.3394746348764,4.373157781878419,0.06910888109137328,0.08743873291373147,0.04447120894211842,31.3394746348764,0.05508009565134544,22.981718862636082,12.093039113010517,2.6643430042403233,0.9984793479614898,0.0,0.020641613299820918,0.09162998871045244,3.7279038639875783,0.04353361095277855,33.76423940383034,0.7219308124414503,-0.10526315789473682,1.657498213982274,2.004089313238466,2.38102490395608,-0.011273685624429715,-0.09148157878781754,0.06039235240905788,0.5243118757394737,0.5772668634542403,0.9329730224948568,Electronic Gaming & Multimedia,Communication Services,NTES
2013Q4,2013,Q4,2013-12-31,2013-12-31,1237025000.0,2422422000.0,1078928000.0,1.9,1727208000.0,0.713008716070115,24546330000.0,20245168000.0,22797763000.0,4233184000.0,4378067000.0,0.0,18509161000.0,61865177592.384,61382383592.384,31.143690828247625,5.385488322737684,0.039741338114496136,0.04818453469983554,0.04890393333213758,31.143690828247625,0.061102234370196386,25.538563302506336,12.50281473543057,3.055799665005694,0.0,0.0,0.0,0.09868774680369734,4.638030853371835,0.050395517374695116,40.86868587874788,0.713008716070115,0.1874999999999999,1.1032058241855136,1.597808303568731,2.621957107443496,-0.011190464604366382,0.1800363256872595,-0.02938226268881754,0.739046504055827,0.4852471657188678,1.081890459136078,Electronic Gaming & Multimedia,Communication Services,NTES
2013Q3,2013,Q3,2013-11-14,2013-09-30,1048294000.0,2356639000.0,1111589000.0,1.6,1746755000.0,0.7412060141582991,22986334000.0,18974716000.0,21378220000.0,3981508000.0,4097750000.0,0.0,0.0,57780822706.46399,57847200706.46399,29.191170181146422,5.369377632796418,0.04279412280357538,0.05184161913148002,0.04650256034049899,29.191170181146422,0.05524688748964675,24.51831727577452,13.779727515960214,3.045148222848974,0.0,0.0,0.0,0.10252348199586764,4.552835257394936,0.045605097359152615,59.280257540698415,0.7412060141582991,-0.05882352941176463,2.267231283407834,1.8530109530732086,2.692800234540142,0.028947704806690334,-0.042743050419047725,0.0372890244664898,0.7899369415538937,0.6817914961756497,1.102855244312016,Electronic Gaming & Multimedia,Communication Services,NTES
2013Q2,2013,Q2,2013-07-09,2013-06-30,1095102000.0,2264525000.0,1071629000.0,1.7,1697613000.0,0.7496552257095859,21982426000.0,17893073000.0,20944779000.0,4084033000.0,4172716000.0,0.0,0.0,50522022649.505684,50147134649.505684,27.53562473280873,5.128454887607421,0.04497192439087478,0.05524998416985165,0.05060930329946362,27.53562473280873,0.06120256704927097,22.310207504666845,11.533634001560056,2.8235520332089235,0.0,0.0,0.0,0.10301524499616194,4.315191135820891,0.04981715848833063,49.761713430008584,0.7496552257095859,0.03030303030303033,1.330369108396719,1.4755121446138628,2.9357696704465943,0.09800896847064484,0.029725742344302575,-0.01726074807579616,1.2525040589770737,0.7282039629462763,1.125932086864253,Electronic Gaming & Multimedia,Communication Services,NTES
2013Q1,2013,Q1,2013-04-22,2013-03-31,1063489000.0,2152589000.0,1090451000.0,1.65,1546083000.0,0.7182434733244479,20904734000.0,16757139000.0,19873479000.0,4155169000.0,4221283000.0,0.0,0.0,44157943301.67504,43355951301.67504,25.844315701189934,4.7828329004187315,0.0479807109719741,0.059856518466547305,0.05415975462734662,25.844315701189934,0.06346483131756561,20.51387575690252,10.38044194666683,2.635171988587971,0.7667338355168695,0.0,0.018465828320610868,0.10297136524195907,3.970170407027969,0.05087311802197531,29.198925158184768,0.7182434733244479,0.06451612903225798,2.688291354289511,2.084424247404831,3.3342821270739877,-0.03866940583507537,0.05448893692335913,0.06086042029666512,1.3500001030875988,0.847341710304074,1.123689143423754,Electronic Gaming & Multimedia,Communication Services,NTES
2012Q4,2012,Q4,2013-02-07,2012-12-31,1008535000.0,2270874000.0,1027893000.0,1.55,1608274000.0,0.7082180693424647,19277956000.0,15680605000.0,17868673000.0,3576502000.0,3676470000.0,0.0,14309609000.0,34774526898.77209,33183757898.772087,23.911548069659215,4.99613113595351,0.0,0.0,0.05546491276024254,23.911548069659215,0.06431735255112925,15.313278895602348,8.620059516717834,2.217677627793831,0.0,0.0,0.0,0.11779640953636371,4.533797268951618,0.052315452945322624,26.845474419656703,0.7082180693424647,0.24000000000000005,1.3817540818419405,2.9417242426077483,3.2624430286534,0.1808916121784399,0.2421376095377093,0.24675301046993411,0.7429017472618019,0.7952115726014406,1.082869693179792,Electronic Gaming & Multimedia,Communication Services,NTES
2012Q3,2012,Q3,2012-11-15,2012-09-30,811935000.0,2001964000.0,824456000.0,1.25,1361915000.0,0.6802894557544491,18441411000.0,15894736000.0,16993024000.0,2537914000.0,2630325000.0,0.0,0.0,46098358470.04561,44913812470.04561,24.175459409801757,6.695665810583022,0.0,0.0,0.041538537118451624,24.175459409801757,0.05108200601758972,23.02656714608535,14.193980574197937,2.9002280044189224,0.0,0.0,0.0,0.10855807074632196,6.005480485154343,0.0440278132730733,76.23734385266255,0.6802894557544491,-0.07407407407407414,1.8977783990062138,2.255007895844427,3.895810881256642,0.03059982837398731,-0.07239444214682475,-0.06716224549255218,1.0294615783908838,1.270341297517347,1.281385949199143,Electronic Gaming & Multimedia,Communication Services,NTES
2012Q2,2012,Q2,2012-08-01,2012-06-30,875302000.0,1962489000.0,883815000.0,1.35,1321478000.0,0.6733683602812551,17519727000.0,15066675000.0,16149020000.0,2433472000.0,2507983000.0,0.0,0.0,49179616916.984406,48103882916.984406,22.92388806778813,6.636205388843595,0.0,0.0,0.04995848511179304,22.92388806778813,0.058095233354406334,25.059817872601787,14.046471079977083,3.264132060788754,0.0,0.0,0.0,0.11201595778290381,6.010667063356389,0.04996093831827402,59.110755905994665,0.6733683602812551,-0.06896551724137923,1.6448754952207023,2.458088442970719,3.8416452203925835,-0.00731959057167024,-0.07048891343131425,-0.09396912289334482,0.8317114577653036,1.2274429442493295,1.2852576354558674,Electronic Gaming & Multimedia,Communication Services,NTES
2012Q1,2012,Q1,2012-03-31,2012-03-31,941680000.0,1965629000.0,975480000.0,1.45,1331222000.0,0.6772498777744935,16640653000.0,14164494000.0,15282299000.0,2462267000.0,2514348000.0,0.0,0.0,48041862889.607994,46029413889.607994,21.60435574013081,6.206597009991199,0.0,0.0,0.05861047394623174,21.60435574013081,0.0664817253620214,24.440961590212595,12.754296281541498,3.3917104903011714,0.0,0.0,0.0,0.11812210734759027,1.3923973314023215,0.05658912543876734,36.57309035167727,0.6772498777744935,0.07407407407407397,2.0118526632611307,2.417607672706249,3.3286822360549446,-0.08387258386742248,0.04791208791208791,0.05558176679118206,1.2112109964375315,1.4788788805871855,1.330762262045713,Electronic Gaming & Multimedia,Communication Services,NTES
2011Q4,2011,Q4,2012-02-16,2011-12-31,898625000.0,2099183000.0,924116000.0,1.35,1453097000.0,0.6922202590245824,15444931000.0,13126701000.0,14474186000.0,2282577000.0,2346467000.0,0.0,11649092000.0,37040611531.482,34825993531.482,20.055357837473803,6.341160013440948,0.0,0.0,0.06209001296441301,20.055357837473803,0.06845779453649474,17.645251286563393,10.304802206560579,2.8217761287837666,0.0,0.0,0.0,0.13591404195978604,1.552661312192316,0.058182519559329855,34.57767809822363,0.6922202590245824,0.08000000000000007,1.6400512656374608,3.031649842681271,3.362336505275645,0.094656204470841,0.08824519591743808,0.005305475507457799,0.517427406211056,1.2358039915773698,1.3324032550398943,Electronic Gaming & Multimedia,Communication Services,NTES
2011Q3,2011,Q3,2011-11-17,2011-09-30,825756000.0,1957902000.0,919239000.0,1.25,1327446000.0,0.6779940977638309,14462760000.0,12217195000.0,13504042000.0,2258107000.0,2291400000.0,0.0,0.0,31869169509.24,29925640509.24,18.68831021029023,5.980248943030601,0.0,0.0,0.06416912521935074,18.68831021029023,0.06758965539962324,16.277203613480143,9.648482575131153,2.6085504495295364,0.0,0.0,0.0,0.13537540552425678,5.372913683895405,0.0570953262032973,39.6616531502901,0.6779940977638309,0.041666666666666706,1.5910847682510751,2.3814696855702966,3.1633801478179895,0.15143729507485731,0.06894534081729874,0.16786747451750647,1.5590031760708294,1.3568049231309094,1.36414627777722,Electronic Gaming & Multimedia,Communication Services,NTES
2011Q2,2011,Q2,2011-07-28,2011-06-30,772496000.0,1733616000.0,787109000.0,1.2,1152860000.0,0.6650030918034905,13327529000.0,11355168000.0,12324457000.0,1978150000.0,2006698000.0,0.0,0.0,38058166165.3236,36213674165.3236,17.389620043572183,6.230294467052549,0.0,0.0,0.061782848097730124,17.389620043572183,0.06803034530180443,21.95305428960254,12.316622404945658,3.351616300641576,0.0,0.0,0.0,0.1300778261296599,5.776315749563986,0.05796243249592629,41.41258559882873,0.6650030918034905,0.04347826086956526,1.4512580007739557,2.1267456254492245,3.246388710941131,0.17046258684354,0.0476127189657534,0.13583548106866308,0.6358855273801509,0.8859378498218998,1.4855633315823558,Electronic Gaming & Multimedia,Communication Services,NTES
2011Q1,2011,Q1,2011-05-19,2011-03-31,737387000.0,1499951000.0,692978000.0,1.15,984961000.0,0.6566621176291759,12441774000.0,10557202000.0,11481264000.0,1874651000.0,1904559000.0,0.0,0.0,42223506616.64416,40553909616.64416,16.213094683767004,6.12448077002066,0.0,0.0,0.06247575232065653,16.213094683767004,0.06984682115583277,28.149923975279297,14.315246477305728,3.9994978420081533,0.0,0.0,0.0,0.12055764716510683,5.622587884358208,0.05926703056975637,50.98484421649511,0.6566621176291759,0.05094954127796571,1.518828295239384,1.9560305451881037,2.882547051678322,-0.09683835058730755,0.03489571564707385,-0.12576624038533107,1.5464761757119099,1.1401390232759605,1.7190554133795122,Electronic Gaming & Multimedia,Communication Services,NTES
2010Q4,2010,Q4,2010-12-31,2010-12-31,712523000.0,1633739000.0,792669000.0,1.094248538899011,1090570000.0,0.6675301256810299,11586662000.0,9740811000.0,10626895000.0,1828227000.0,1863024000.0,0.0,8565446000.0,31130086461.2256,29844949461.2256,14.95933212603862,5.812678075534384,0.0,0.0,0.07295525927958842,14.95933212603862,0.07314822143659291,19.054504092284997,10.922484769342745,3.195841338182786,0.0,0.0,0.0,0.14100169660597678,0.8700801377509467,0.061495105320238046,37.10379792756329,0.6675301256810299,0.21583170988779005,1.504488695190653,2.3934276008654303,3.0883398583067003,0.13698632993319265,0.21732838786503725,0.3504374995740853,0.694638388083588,1.8559334658314715,1.6666320703364188,Electronic Gaming & Multimedia,Communication Services,NTES
2010Q3,2010,Q3,2010-11-18,2010-09-30,585317000.0,1400447000.0,586972000.0,0.9,959176000.0,0.6849070332543824,10680804000.0,9018030000.0,9768306000.0,1662726000.0,1688094000.0,0.0,0.0,34222275100.83584,32558165100.83584,13.881683135396605,5.8748741524460435,0.0,0.0,0.05618759893232916,13.881683135396605,0.0649051954806094,24.436679932075858,14.616983233374325,3.794872616395802,0.0,0.0,0.0,0.13111812556433017,5.394842565762489,0.05480083709054112,78.49145665329321,0.6849070332543824,0.20000000000000004,8.123605433417543,11.732180476477648,16.20636306087033,0.0919804822958576,0.2051643695153539,-0.03719523397107839,1.1141903208682071,1.3044723136069816,1.8112018138888724,Electronic Gaming & Multimedia,Communication Services,NTES
2010Q2,2010,Q2,2010-07-29,2010-06-30,485674000.0,1308995000.0,609648000.0,0.75,878382000.0,0.6710354126639139,9853675000.0,8407975000.0,8951155000.0,1450361000.0,1461825000.0,0.0,0.0,27879761317.228798,25794874317.228798,12.95225981250593,6.171673810865019,0.0,0.0,0.062762812660741,12.95225981250593,0.057763492398585865,21.298600313392182,14.351067442990978,3.3158711006192094,0.0,0.0,0.0,0.13284333002661444,5.8435754960316775,0.04928861566877332,41.88955564421339,0.6710354126639139,0.0714285714285715,6.917160609714054,12.192521061279837,17.797383366526876,0.12512104521583195,0.0738870290851682,0.09843913565988545,0.48585162491512623,1.3353400632108006,1.7355851079477478,Electronic Gaming & Multimedia,Communication Services,NTES
2010Q1,2010,Q1,2010-05-20,2010-03-31,452258000.0,1164488000.0,555013000.0,0.7,780700000.0,0.6704233963767767,9208470000.0,7885515000.0,8392155000.0,1322755000.0,1322955000.0,0.0,0.0,31374884400.43776,29931779400.43776,12.169537985924075,6.344451542424712,0.0,0.0,0.058147305187438235,12.169537985924075,0.05735300738125538,26.94307232057158,17.343465676913265,3.978799659938223,0.0,0.0,0.0,0.1264583584460828,5.912764646514283,0.049113262029414226,50.90061470394432,0.6704233963767767,-0.2067043153386696,10.566422912008264,13.846404423549563,19.41281131955,-0.07513337256172055,-0.20901665674067904,-0.08583912219973593,0.4635932819355699,1.0486107438773007,1.438307512351047,Electronic Gaming & Multimedia,Communication Services,NTES
2009Q4,2009,Q4,2010-02-25,2009-12-31,571766781.0,1249908580.0,607128366.0,0.8823948163777549,844121711.0,0.6753467609607097,8803468839.0,7438777429.0,7972561698.0,1377925128.0,1378125128.0,0.0,6425840682.0,33298560714.672,32257270402.672,11.480097937934318,5.785917925433173,0.0,0.0,0.07238448469684941,11.480097937934318,0.07686300423117552,26.640796973065022,14.559503026930834,4.47634857105119,0.0,0.0,0.0,0.1419790997002017,0.919616665122606,0.06494789627323176,50.68274081380822,0.6753467609607097,0.47065802729625816,16.29855910663094,17.13041457188531,20.63716842558738,0.3462380012547043,0.45181278345606335,0.4875580707966644,0.6967661421774309,1.424822540690565,1.4970908384997768,Electronic Gaming & Multimedia,Communication Services,NTES
2009Q3,2009,Q3,2009-11-03,2009-09-30,393829554.0,868026510.0,408137590.0,0.6,627022644.0,0.7223542562081428,7946449204.0,6858394003.0,7028338556.0,1087855201.0,1088055201.0,0.0,0.0,40304878500.15171,38948573079.15171,10.596830149799205,6.460729837518146,0.0,0.0,0.05101765339667724,10.596830149799205,0.05742299929513105,46.43277369507034,25.585229759161063,5.876722521704286,0.0,0.0,0.0,0.10923451314117279,6.000715392084612,0.049560444406006925,225.16691899526094,0.7223542562081428,-0.14285714285714282,13.133826282012752,13.240337913989594,21.0782276266226,-0.09374041140256839,-0.15869746892277845,-0.21067576708562527,0.24822593147308591,0.5142673244634498,1.3607609130535714,Electronic Gaming & Multimedia,Communication Services,NTES
2009Q2,2009,Q2,2009-07-06,2009-06-30,468118827.0,863089617.0,517072165.0,0.7,691879735.0,0.8016313965227553,7448747589.0,6458586805.0,6582072825.0,989960784.0,990160784.0,0.0,0.0,30897720089.33156,29615621149.33156,10.03120510883458,6.648821783025296,0.0,0.0,0.06422760938402744,10.03120510883458,0.07248007050669346,35.79897090724886,16.50100268736444,4.7839753528452515,0.0,0.0,0.0,0.11587043414849696,6.409226080010054,0.06284530673200665,308.6847097834074,0.8016313965227553,0.07692307692307682,17.662646882417445,15.360451647655635,21.884043515131406,0.07820826240745461,0.1233391273479909,0.052889801026204365,0.5064959678914879,0.5787545567250654,1.4495300083934433,Electronic Gaming & Multimedia,Communication Services,NTES
2009Q1,2009,Q1,2009-04-20,2009-03-31,416720842.0,775922426.0,491098085.0,0.65,641693965.0,0.8270078857084098,6774966676.0,5946687924.0,6323605967.0,828078752.0,828278752.0,0.0,0.0,23517516746.647366,22725319957.647366,9.26922324594729,7.636478960155713,0.0,0.0,0.07192671716341058,9.26922324594729,0.07007612427720866,30.30910817706842,14.108675626696497,3.9547252264128345,0.0,0.0,0.0,0.11452785867547786,7.419016538175828,0.06150891390746082,43.17095286014397,0.8270078857084098,-0.28159729101884884,14.664512827165327,15.222894342652156,22.359503688879776,-0.16281663268597374,-0.28209327609860324,0.028932520809810028,0.44477232879435374,0.5520340909097535,1.219699328650266,Electronic Gaming & Multimedia,Communication Services,NTES
2008Q4,2008,Q4,2009-02-26,2008-12-31,580466553.83776,920286818.17376,477288913.57568,0.9047850068965346,766491535.8492801,0.8328833149760038,6345893303.0,5516435976.0,5973779491.0,829048062.0,829248062.0,627376.0,4739076625.0,19320198628.11519,18526790706.11519,8.598580796068546,7.2055888733263815,0.0,0.0,0.09993450743593159,8.598580796068546,0.10522492354903748,20.993670936691963,8.320978401072171,3.5022972644240453,0.0,245.14052549743693,0.0,0.14502084643287297,1.2807428165726777,0.09147121234505257,53.96341286140165,0.8328833149760038,0.8355690132974137,23.094455494388814,21.21283537223887,23.456395049289558,0.18427170461369513,0.8374721454284885,0.014438068339111713,1.0708493004983588,0.9401272677948429,1.3499659140696345,Electronic Gaming & Multimedia,Communication Services,NTES
2008Q3,2008,Q3,2008-11-13,2008-09-30,315904954.14144,813285139.6992,470495862.16448,0.492918,647226082.37888,0.795816929125573,5959179605.59232,5059093257.18592,5630335341.17632,899678349.42272,899880007.5552,0.0,0.0,19947419012.234158,18954230097.16792,7.904887436940262,6.258164759426559,0.0,0.0,0.06637358969893462,7.904887436940262,0.062442998790886016,24.526968511452047,15.78593398958149,3.942884228097774,0.0,0.0,0.0,0.13647602413862175,6.160478039096708,0.05301148397087793,38.15162857957903,0.795816929125573,-0.2959370380157262,13.669156517193679,21.854940673379957,24.12026244914543,-0.10405775634296553,-0.2786455556814192,-0.17851628975386744,3.998323347468205,6.50535949749797,8.798117553085964,Electronic Gaming & Multimedia,Communication Services,NTES
2008Q2,2008,Q2,2008-06-30,2008-06-30,437933053.06361,852491241.3523,572739125.92072,0.700105,722397104.23414,0.8473953387347503,5480885275.18538,4236752812.73553,5251981139.17556,1233733949.30831,1243928405.50643,0.0,0.0,18063024682.778374,16100038355.211103,6.996249028384897,4.256980317450185,0.07933934173166798,0.1026375266767645,0.09291278784785287,6.996249028384897,0.1033652592965062,21.188516440503413,10.3115216791793,4.263412448439653,0.0,0.0,0.0,0.15553896835095973,2.1005494574829924,0.07990188283019622,37.41201078041245,0.8473953387347503,0.7499256393144318,22.92122977647467,26.2811676323699,22.826097198300523,0.33893030304463756,0.6255716399732506,0.4160517816079715,6.6526230736141265,8.209959736599208,9.153531277010265,Electronic Gaming & Multimedia,Communication Services,NTES
2008Q1,2008,Q1,2008-05-22,2008-03-31,269402493.43352,652049907.16112,404461993.09912,0.400077,539533015.7152001,0.8274412890636034,4969819997.6488,3612239392.85832,4723094565.55952,1347174300.4496,1357376277.56024,0.0,0.0,16297948454.321644,14653080888.336123,5.962767291901477,3.505926860379726,0.12415649119926209,0.17081797347648864,0.06704852865299954,5.962767291901477,0.07458046495095254,24.994940226706387,15.12416259274848,4.511868312643942,0.0,0.0,0.0,0.1312019162604686,3.41567044200733,0.05420769636746867,34.03822501721433,0.8274412890636034,-0.380409643433036,15.01645563060276,22.846042754940456,21.707392363265715,0.27409068273347503,-0.31129376974890727,0.2018971624249626,6.369562874679724,7.891896814370458,9.00176373275247,Electronic Gaming & Multimedia,Communication Services,NTES
2007Q4,2007,Q4,2007-12-31,2007-12-31,391171854.704,532206705.96,336519633.912,0.6457121156900391,423465160.704,0.7956779874469059,4685659381.0,3398425631.0,4436293120.0,1276825952.0,1287025952.0,1201133.0,3225838165.0,16755936493.372244,14914894580.372244,5.609822326989178,3.47446972944986,0.13696661575580285,0.188845947413348,0.09628802468824195,5.609822326989178,0.11510384430242664,31.483888319572582,10.70880758154972,4.9304996821253795,0.0,90.53247663331204,0.0,0.11358203033666052,2.081776444813365,0.08348277646688804,40.46875973293178,0.7956779874469059,0.5952016771661901,36.25198278540283,22.9336088030011,22.972078787372503,-0.0904255863030023,0.5029216928280661,0.2791738759645967,11.658606999737867,7.257282359756702,9.573138938614848,Electronic Gaming & Multimedia,Communication Services,NTES
2007Q3,2007,Q3,2007-11-08,2007-09-30,260274275.48,571319925.944,263075755.56,0.404784,465564064.168,0.8148920473913839,4306475634.888,3015809047.72,4056345951.072,1280462229.896,1290666587.168,0.0,0.0,15345721955.322561,14815110069.33856,4.937988822721125,3.1678762999526033,0.15681603578596898,0.2239281156685156,0.06619701293206816,4.937988822721125,0.08630330082628127,26.860120325694236,14.73995262019446,5.088426260583101,0.0,0.0,0.0,0.1326653101936936,2.512805421908721,0.060437884141603664,51.37749834820813,0.8148920473913839,-0.14134619667937304,116.28403237262383,31.298080570552532,21.45381051485945,0.06465589919162036,-0.16644864137439488,-0.10727217167084757,8.898637316377705,8.932518842122597,9.288174831963403,Electronic Gaming & Multimedia,Communication Services,NTES
2007Q2,2007,Q2,2007-08-03,2007-06-30,312247437.1695,535448035.203,294687526.491,0.471417,437290644.3495,0.8166817610670914,4203520962.531,2936098710.3075,3192281322.0345,581576203.86,1267422252.2235,0.0,0.0,16021835207.061527,15777161344.176527,4.734731072659915,5.4890164020585726,0.16049843952574902,0.22978061079197928,0.08109145163801502,4.734731072659915,0.1063477314551179,29.922297130079674,12.827835635976937,5.456844877461068,0.0,0.0,0.0,0.1273808409606691,5.328556180606726,0.07428235518575631,50.23418805190136,0.8166817610670914,0.05272595722254725,163.41984365939726,82.38882302423751,24.01882075565512,-0.030972032974318147,0.03598683789331725,-0.05651379521055307,11.92483679799809,9.538184082994965,9.801273697790267,Electronic Gaming & Multimedia,Communication Services,NTES
2007Q1,2007,Q1,2007-04-30,2007-03-31,301400969.3448,554439758.544,312338988.1008,0.447806,451267310.3664,0.8139158554420077,4411242776.7984,3154426261.68,4174786999.788,560514846.8616,1256816515.1184,0.0,0.0,17313332894.874817,16490999141.891617,4.9909775220230745,7.448129203290883,0.15530013165523593,0.21717628727676896,0.0731926125156341,4.9909775220230745,0.09554858612680912,31.226716028339876,14.360714343845157,5.488583805301569,0.0,0.0,0.0,0.12568788130641098,7.306660276043039,0.06832563624248117,69.3211630851375,0.8139158554420077,-0.1389091991915948,154.8188856393694,83.71677352233701,0.0,0.12027559613951692,-0.08300087706483003,-0.08559066964843565,10.500410840070906,10.766883158988708,11.577834705598269,Electronic Gaming & Multimedia,Communication Services,NTES
