Quarters,Year,Quarter,FillingDate,Date,NetIncome,Revenue,OperatingIncome,EPSDiluted,GrossProfit,GrossProfitRatio,TotalAssets,CommonStockEquity,CurrentAssets,CurrentLiability,TotalLiability,Inventory,RetainedEarnings,MarketCap,EnterpriseValue,bookValuePerShare,currentRatio,debtToAssets,debtToEquity,roic,shareholdersEquityPerShare,roe,priceToSalesRatio,peRatio,pbRatio,payoutRatio,inventoryTurnover,dividendYield,assetTurnover,quickRatio,returnOnAssets,priceToFreeCashFlowsRatio,grossProfitMargin,epsdilutedGrowth,fiveYNetIncomeGrowthPerShare,fiveYRevenueGrowthPerShare,fiveYShareholdersEquityGrowthPerShare,grossProfitGrowth,netIncomeGrowth,operatingIncomeGrowth,threeYNetIncomeGrowthPerShare,threeYRevenueGrowthPerShare,threeYShareholdersEquityGrowthPerShare,Industry,Sector,Symbol
2023Q1,2023,Q1,2023-02-17,2023-03-31,1497631000000.0,4959588000000.0,6108271000000.0,3669.0,4959588000000.0,1.0,691435637000000.0,54557956000000.0,108074885000000.0,0.0,122107399000000.0,0.0,29813672000000.0,18326210421681.06,108547037421681.06,140571.69610346374,0.0,0.17236006740566656,2.1843907238753593,0.02598032313326845,140571.69610346374,0.02745027691286675,3.6951074205520817,3.0591998999888923,0.33590353754603747,0.0,0.0,0.0,0.0071728845529551435,0.0,0.002165973114284244,-7.7898153018342615,1.0,4.288801118590806,0.5840443272914567,0.694763331626125,0.661677460904993,508.3640913468387,4.540632549041139,23.664642790502562,1.061123073679867,0.414621240235932,0.43290236119981396,Banks—Regional,Financial Services,KB
2022Q4,2022,Q4,2022-12-31,2022-12-31,270299643000.0,9736823000.0,-269506608000.0,693.73,9736823000.0,1.0,701170848000000.0,48362812000000.0,90567952000000.0,0.0,651527934000000.0,0.0,28466513000000.0,18983628471900.316,127335776471900.31,124123.58885158312,0.0,0.2002587092725224,2.9033789226317115,-0.9436723922945071,124123.58885158312,0.0055889976579525606,1949.673776744254,17.557948154504516,0.39252532445591287,0.7207482697267196,0.0,0.010262421659187589,1.3886519994054287e-05,0.0,0.00038549754852329514,2.038726955474822,1.0,-0.7765045103092784,-0.530745117153207,-0.9971045923844863,0.4448838326371368,-0.9979521817222008,-0.7873876228441801,-1.0723309417740803,-0.4944835552646344,-0.9968791323721301,0.2550712336077532,Banks—Regional,Financial Services,KB
2022Q3,2022,Q3,2022-09-30,2022-09-30,1271326000000.0,4754730000000.0,3726021000000.0,3104.0,4754730000000.0,1.0,726941982000000.0,47766060000000.0,85105997000000.0,241681000000.0,677634636000000.0,0.0,28314318000000.0,16795314690490.143,114540304690490.14,122592.01951491262,352.141860551719,0.17228577121853447,2.6219822191740327,0.01589804834958223,122592.01951491262,0.026615676486609948,3.5323382590578523,3.302715961620022,0.3516160782465655,0.15323921637723134,0.0,0.01159948495102086,0.006540728308081126,352.141860551719,0.0017488685912763805,22.098109677317254,1.0,-0.030605871330418487,0.44050475780551834,0.7414496611446969,0.44051060013666143,0.02097421287114681,-0.024659581470675557,0.14720150299175905,0.35206597155752933,0.40796577812219686,0.25189815024850404,Banks—Regional,Financial Services,KB
2022Q2,2022,Q2,2022-06-30,2022-06-30,1303469000000.0,4657052000000.0,3247922000000.0,3202.0,4657052000000.0,1.0,694524096000000.0,47092996000000.0,88379355000000.0,943222000000.0,646140160000000.0,0.0,27179837000000.0,18809711749389.6,105533104749389.6,120870.84094984218,93.69942070901654,0.17038113246397718,2.512768607883856,0.014330441031561997,120870.84094984218,0.027678617007081054,4.038973958072532,3.6076254497401936,0.3994163325134294,0.0,0.0,0.0,0.0067053857840520485,93.69942070901654,0.00187678009662605,-5.25282703311806,1.0,-0.12828289153084088,0.3412950498899872,0.7125139053049071,0.47304642982033474,0.0034094425009932715,-0.10971435050290212,0.032054186688087814,0.32021884677152895,0.3898049343131492,0.27118068783853144,Banks—Regional,Financial Services,KB
2022Q1,2022,Q1,2022-03-31,2022-03-31,1464102000000.0,4641228000000.0,3147046000000.0,3673.21,4641228000000.0,1.0,680010962000000.0,47258695000000.0,88156562000000.0,0.0,631871645000000.0,0.0,26099868000000.0,23182420843016.582,103452824843016.58,121289.86271191937,0.0,0.16066602908674876,2.3118425297186054,0.015418036154180416,121289.86271191937,0.030980584631039854,4.994889465248547,3.9584709335511774,0.4905429750655743,0.0,0.0,0.0,0.006825225267471497,0.0,0.0021530564679338214,-17.316053579310584,1.0,1.4417905883760662,0.7142476541727564,0.9002295880791539,0.5369702748377854,0.15396079262098092,1.49791343217375,0.5765547147163996,0.751525325348957,0.39372814638333326,0.3348142869010555,Banks—Regional,Financial Services,KB
2021Q4,2021,Q4,2021-12-31,2021-12-31,586130000000.0,4021998000000.0,1996154000000.0,1504.31,4021998000000.0,1.0,663062496000000.0,47460582000000.0,101178553000000.0,0.0,615601914000000.0,0.0,25672815000000.0,21400791737767.414,92764115737767.4,121808.00750016037,0.0,0.1559664264286786,2.178976397718848,0.009140152913280802,121808.00750016037,0.012349827484205735,5.320935449934936,9.128005620667519,0.4509171787604167,0.0,0.0,0.0,0.006065790214743197,0.0,0.0008839739896855816,-5.2743488423275515,1.0,-0.531659402241594,0.28035295182758746,-0.009089889656557682,0.5181838543955758,0.0,-0.5484791899695253,0.0,2.0973837821476735,0.22096440105921633,0.35179665822673617,Banks—Regional,Financial Services,KB
2021Q3,2021,Q3,2021-09-30,2021-09-30,1298124000000.0,4428048000000.0,0.0,3212.0,0.0,0.0,650506540000000.0,46978752000000.0,0.0,0.0,602832926000000.0,0.0,25063275000000.0,21337856795073.0,94003470795073.0,120571.38650268078,0.0,0.1544848865009105,2.1391251304419496,0.0,120571.38650268078,0.027632151658690294,4.818795278432619,4.10936412759355,0.45420229117778604,0.22511408771427074,0.0,0.013695189859343147,0.006807076835845494,0.0,0.001995558722591782,15.409387668126879,0.0,0.0767683540060342,1.2804438266227807,4.094188276228092,0.5693846752977586,0.0,0.07792897973554234,0.0,0.3840989452469189,0.43759978929937465,0.3427077333792688,Banks—Regional,Financial Services,KB
2021Q2,2021,Q2,2021-06-30,2021-06-30,1204276000000.0,4189323000000.0,0.0,2983.0,0.0,0.0,633747775000000.0,44825329000000.0,0.0,0.0,588022384000000.0,0.0,24075881000000.0,21752432792759.355,92600466792759.36,115044.60714428568,0.0,0.15035156849268622,2.125694872200492,0.0,115044.60714428568,0.026865971245855217,5.192350361325531,4.515666008614171,0.48527101257325644,,0.0,,0.006610394805725353,0.0,0.001900244935771175,0.0,0.0,-0.056311293894337235,1.0202957385894023,0.6255130126938939,0.4873650302113512,0.0,-0.05176238075928237,0.0,0.2935535729043178,0.31139890121533675,0.3179614841676506,Banks—Regional,Financial Services,KB
2021Q1,2021,Q1,2021-03-31,2021-03-31,1270015000000.0,4008653000000.0,0.0,3161.0,0.0,0.0,620939188000000.0,43170135000000.0,0.0,0.0,576873818000000.0,0.0,22903059000000.0,21958463195817.984,104475163195817.98,109623.65428402252,0.0,0.18144371973507975,2.60980226260585,0.0,109623.65428402252,0.029418833181781803,5.477766021608252,4.322481072234971,0.5086493983819598,,0.0,,0.006455789999197152,0.0,0.0020453130105874393,0.0,0.0,1.1337047629965975,1.286192778793767,0.5690634558174851,0.46593420724199097,0.0,1.2001964561663676,0.0,0.3238916238755309,0.3500286874532737,0.2958451847356833,Banks—Regional,Financial Services,KB
2020Q4,2020,Q4,2020-12-31,2020-12-31,577228000000.0,4024954000000.0,0.0,1481.460816331805,0.0,0.0,610672192000000.0,42503676000000.0,0.0,0.0,567310733000000.0,0.0,22517392000000.0,16736862867300.182,80373820867300.19,109086.06398868827,0.0,0.1479506111193614,2.125682588018975,0.0,109086.06398868827,0.013580660646857933,4.158274322464352,7.24880933846772,0.3937744788780194,0.0,0.0,0.0,0.0065910222419297585,0.0,0.0009452338055701085,-5.930744294592897,0.0,-0.49627309883311627,0.6513510937639351,0.5790443402610423,0.46947953130917386,0.0,-0.5051976584606496,0.0,0.0020992055690159236,0.19688757448831784,0.26983671421023014,Banks—Regional,Financial Services,KB
2020Q3,2020,Q3,2020-09-30,2020-09-30,1166583000000.0,3740892000000.0,0.0,2941.0,0.0,0.0,605506353000000.0,41211390000000.0,0.0,0.0,563398452000000.0,0.0,21949927000000.0,14571841527912.668,76624861527912.67,105769.40043027779,0.0,0.14625181645286553,2.1488332230482885,0.0,105769.40043027779,0.02830729562870847,3.89528527632251,3.1227614168714672,0.3535877224212206,0.0,0.0,0.0,0.006178121800812881,0.0,0.0019266238813517452,25.426794269508573,0.0,0.17970316887284396,1.841346105841683,0.5409098410696982,0.4402374479067134,0.0,0.18810432168296523,0.0,0.321823326098133,0.3701251397616495,0.24283736488556948,Banks—Regional,Financial Services,KB
2020Q2,2020,Q2,2020-06-30,2020-06-30,981886000000.0,3765414000000.0,0.0,2493.0,0.0,0.0,569476631000000.0,39564724000000.0,0.0,0.0,529172532000000.0,0.0,20793865000000.0,13057875963612.166,76694044963612.17,101151.04039818195,0.0,0.15323555568340785,2.205602849649602,0.0,101151.04039818195,0.024817208379868894,3.4678460226716545,3.324692470310241,0.3300383433386813,0.0,0.0,0.0,0.0066120606097355384,0.0,0.0017241901538186208,-1.4197261574267253,0.0,0.3482963764196863,1.8555840076929941,0.42285122906665584,0.3962725444978967,0.0,0.34605609126826364,0.0,0.006425595395990275,0.37921744887300524,0.2327222823988214,Banks—Regional,Financial Services,KB
2020Q1,2020,Q1,2020-03-31,2020-03-31,729454000000.0,3519674000000.0,0.0,1849.0,0.0,0.0,544881709000000.0,38224209000000.0,0.0,0.0,506072215000000.0,0.0,19574650000000.0,13097662943697.682,70881777943697.69,98102.77371987764,0.0,0.15058483822219842,2.146569573225178,0.0,98102.77371987764,0.019083560368770482,3.721271613137376,4.488858428255134,0.34265360320988414,0.0,0.0,0.0,0.006459519455074973,0.0,0.0013387382764944308,-18.657825567630564,0.0,0.34736092278847946,0.19549821639452455,0.7004937230740292,0.36673259106325734,0.0,0.3642304095754629,0.0,-0.1459168771527299,0.44103859478416213,0.24314632497124505,Banks—Regional,Financial Services,KB
2019Q4,2019,Q4,2019-12-31,2019-12-31,534700000000.0,3119909000000.0,0.0,1372.3123245799168,0.0,0.0,518538117000000.0,38533918000000.0,0.0,0.0,479418792000000.0,0.0,19709545000000.0,18656168989116.34,71884858989116.34,98897.6446339104,0.0,0.1428372680267206,1.922113603916425,0.0,98897.6446339104,0.013876087035842035,5.9797157510415655,8.722727225133879,0.48414928866346635,0.006089395922947447,0.0,0.00017452672099504938,0.006016739941993502,0.0,0.0010311681677202527,-27.222526362268688,0.0,-0.4255703957388377,1.9559732718171783,-0.1104092226601228,0.39883374502358054,0.0,-0.4313420200705319,0.0,0.16800833150019792,-0.23133990333871407,0.23263495070926557,Banks—Regional,Financial Services,KB
2019Q3,2019,Q3,2019-09-30,2019-09-30,940284000000.0,3377021000000.0,0.0,2389.0,0.0,0.0,506195339000000.0,38154909000000.0,0.0,0.0,467455036000000.0,0.0,19278168000000.0,16726059709874.234,70786852709874.23,97924.91465106637,0.0,0.1525524181090889,2.023889586527385,0.0,97924.91465106637,0.02464385382232205,4.952903671571552,4.447076550774615,0.43837241781586306,0.0034627835845340346,0.0,0.00019466629059549628,0.006671379089881347,0.0,0.0018575516753227158,120.39459363460115,0.0,-0.05123113582208102,1.0891210124155488,0.35956195873891195,0.40505260081334055,0.0,-0.05136038224683008,0.0,0.6518181953897892,2.8850483975729415,0.2746130308438277,Banks—Regional,Financial Services,KB
2019Q2,2019,Q2,2019-06-30,2019-06-30,991192000000.0,3364033000000.0,0.0,2518.0,0.0,0.0,498179066000000.0,37192215000000.0,0.0,0.0,460976756000000.0,0.0,18338999000000.0,18186832170619.184,68292416170619.19,95085.49186297542,0.0,0.14811477847204443,1.9839550292984702,0.0,95085.49186297542,0.02665052350337295,5.406258550560944,4.5871113191539035,0.4889956720947968,0.0,0.0,0.0,0.006752658290141802,0.0,0.001989629969718559,5.875702298003039,0.0,0.18160488033786953,1.4961701955572082,0.33729847502470667,0.39986102007696844,0.0,0.1721038914352476,0.0,0.6564034964399736,0.30024827373172813,0.229321729962206,Banks—Regional,Financial Services,KB
2019Q1,2019,Q1,2019-03-31,2019-03-31,845652000000.0,3368927000000.0,0.0,2131.0,0.0,0.0,490699398000000.0,35817696000000.0,0.0,0.0,454872066000000.0,0.0,17349948000000.0,17502707665684.86,70635557665684.86,90866.47026644397,0.0,0.1497696885293509,2.0518320329705184,0.0,90866.47026644397,0.023609893835717405,5.195335982550189,5.1743233817471195,0.488660902858879,0.0,0.0,0.0,0.00686556171401702,0.0,0.0017233605817466276,2.9617685801387887,0.0,3.387748633561804,1.2185602018738353,0.7135464256824259,0.3588587071450203,0.0,3.3943899105690636,0.0,0.5208305301138445,0.3174034233142287,0.21510515157431498,Banks—Regional,Financial Services,KB
2018Q4,2018,Q4,2018-12-31,2018-12-31,192439000000.0,3349909000000.0,0.0,485.6704834228703,0.0,0.0,479588298000000.0,35703916000000.0,0.0,0.0,443875271000000.0,0.0,17282441000000.0,18625881087701.94,72587397087701.94,90108.23244669508,0.0,0.15726659994527223,2.112463546015513,0.0,90108.23244669508,0.005389856955746815,5.560115539765988,24.197123618006152,0.5216761401663039,0.0,0.0,0.0,0.006984968177851579,0.0,0.0004012587479772077,28.03266096413034,0.0,-0.7971301238835128,-0.27542481219255743,-0.03672114506267821,0.35710043694663485,0.0,-0.79823311514633,0.0,-0.4586340217927249,0.29232650827727624,0.21383243964690232,Banks—Regional,Financial Services,KB
2018Q3,2018,Q3,2018-09-30,2018-09-30,953769000000.0,3132337000000.0,0.0,2394.0,0.0,0.0,477715626000000.0,35580672000000.0,0.0,0.0,442126387000000.0,0.0,17074126000000.0,21959103418514.93,87061774418514.94,89797.19376400099,0.0,0.1746904737003516,2.3454410585612324,0.0,89797.19376400099,0.026805817495521165,7.010453670379314,5.755875746253791,0.6171638191239033,0.0,0.0,0.0,0.0065569071420745195,0.0,0.001996520415264792,-18.71672950026587,0.0,0.007575757575757576,1.1801601865744606,0.4072839975596532,0.3680399092680576,0.0,0.007412719923189941,0.0,1.2843231277312834,0.26875094313821746,0.22274760611035213,Banks—Regional,Financial Services,KB
2018Q2,2018,Q2,2018-06-30,2018-06-30,946751000000.0,3248652000000.0,0.0,2376.0,0.0,0.0,463337390000000.0,34587162000000.0,0.0,0.0,428743875000000.0,0.0,16120357000000.0,20636919974113.566,82859351974113.56,87289.80969951584,0.0,0.17697431886513626,2.3707877217564137,0.0,87289.80969951584,0.027372902119000106,6.352456333923598,5.449405380642208,0.5966641603642868,0.0,0.0,0.0,0.007011417748953953,0.0,0.0020433295918553,-8.154168383464944,0.0,-0.019801980198019802,4.645331064710592,0.46373693408568206,0.351902291142786,0.0,-0.022185798445000786,0.0,1.718041296008103,0.21181509215177471,0.2049343656584949,Banks—Regional,Financial Services,KB
2018Q1,2018,Q1,2018-03-31,2018-03-31,968232000000.0,2996943000000.0,0.0,2424.0,0.0,0.0,451617866000000.0,33624304000000.0,0.0,0.0,417987348000000.0,0.0,15173606000000.0,24457111036394.4,80850240036394.4,84596.25854641171,0.0,0.17146823859266896,2.303040086718226,0.0,84596.25854641171,0.02879559975427298,8.160686084584992,6.314889157865677,0.727364082729992,0.0,0.0,0.0,0.0066360151482581075,0.0,0.0021439187261914038,-3.764712325901032,0.0,0.6396575916964704,1.2873239459187862,0.3124986039208192,0.31378491027968136,0.0,0.6529076863983612,-1.0,0.5555555585790777,0.4194044057114876,0.17856467511853258,Banks—Regional,Financial Services,KB
2017Q4,2017,Q4,2017-12-31,2017-12-31,585775000000.0,3419808000000.0,846883000000.0,1478.3574401604242,0.0,0.0,436785609000000.0,34038685000000.0,0.0,0.0,402740780000000.0,0.0,15044204000000.0,24609889322728.324,68016797322728.33,85905.58358247967,0.0,0.14753571700206816,1.8931835351453794,0.0065531654237730224,85905.58358247967,0.017209096062318505,7.196278072549197,10.503132313058906,0.7229976517226891,,0.0,,0.00782948872292173,0.0,0.0013411041662776029,0.0,0.0,-0.3473288141334188,2.989932090266703,-0.30338300554327263,0.3448331898226366,0.0,-0.34732881413341893,-0.27331380362518065,2.184395418618709,-0.04113844137998785,0.2150706889526135,Banks—Regional,Financial Services,KB
2017Q3,2017,Q3,2017-09-30,2017-09-30,897504000000.0,2776573000000.0,1165404000000.0,2265.087646235741,0.0,0.0,432808475000000.0,33720742000000.0,0.0,0.0,399081273000000.0,0.0,14492438000000.0,22262561457073.066,71597664457073.06,85103.17071133132,0.0,0.16707063326336205,2.1443652099944894,0.008222897049203854,85103.17071133132,0.026615784433213243,8.017999691372445,6.201242963004361,0.6602037836852186,,0.0,,0.006415246374276751,0.0,0.002073674735689961,0.0,0.0,-0.0918796596515882,1.1192093529701663,0.40320130791813286,0.3378105962305146,0.0,-0.0935044708463247,0.04413128378251252,0.9608608829976732,0.09920875340313277,0.22108282423829154,Banks—Regional,Financial Services,KB
2017Q2,2017,Q2,2017-06-30,2017-06-30,990081000000.0,2770584000000.0,1116147000000.0,2494.2593460319495,0.0,0.0,422249427000000.0,32571235000000.0,0.0,0.0,389371399000000.0,0.0,13594934000000.0,22970590733591.08,71553221733591.08,82055.0109643079,0.0,0.16044723489938567,2.080017936071506,0.008964399917480315,82055.0109643079,0.030397404335451204,8.29088406400639,5.800179665499863,0.7052416260418458,,0.0,,0.006561486701555666,0.0,0.002344777604636039,0.0,0.0,0.144155663317408,0.7602470346958423,0.3009685123175131,0.33182427319306773,0.0,0.13789203782089665,0.2585663704839655,1.4569470655947736,0.08529572430413211,0.2080245797797623,Banks—Regional,Financial Services,KB
2017Q1,2017,Q1,2017-03-31,2017-03-31,870101000000.0,2488277000000.0,886840000000.0,2180.0,0.0,0.0,380889477000000.0,31324789000000.0,0.0,0.0,349287160000000.0,0.0,12601361000000.0,19496045990149.312,62221952990149.31,78914.90466510195,0.0,0.16188399450058844,1.968406235713192,0.00877005436099563,78914.90466510195,0.027776755335845997,7.835159023753912,5.601661758275566,0.6223839525351411,,0.0,,0.0065328058406822305,0.0,0.0022843923304292284,0.0,0.0,0.8554509181791946,0.404016191954243,0.10366689928497495,0.3123450609117692,0.0,0.9168133482842106,3.6282036084307356,1.2668045483011126,0.2568049137800672,0.18012953527582354,Banks—Regional,Financial Services,KB
2016Q4,2016,Q4,2016-12-31,2016-12-31,453931000000.0,4024697000000.0,-337432000000.0,1174.9165545911042,0.0,0.0,375673656000000.0,30998044000000.0,0.0,0.0,344412253000000.0,0.0,12229228000000.0,16433347744994.879,52677466744994.875,80232.71170187418,0.0,0.14737077012395033,1.7860261118411214,-0.004562368826825049,80232.71170187418,0.0146438594641649,4.0831266912751145,9.050575828151679,0.5301414419888841,,0.0,,0.010713279826041356,0.0,0.0012083120355929349,0.0,0.0,-0.195793751749503,1.057822417863841,1.642868465755501,0.3432505473775853,0.0,-0.19579375174950306,-1.4677233569205819,0.7528662174425116,0.18691814514226412,0.20836737278626305,Banks—Regional,Financial Services,KB
2016Q3,2016,Q3,2016-09-30,2016-09-30,564446000000.0,861912000000.0,721435000000.0,1460.9642204932695,0.0,0.0,351840289000000.0,29682308000000.0,0.0,0.0,321903655000000.0,0.0,11775297000000.0,14560212181293.941,48612759181293.94,76827.17207609079,0.0,0.14515569022852867,1.720608114436384,0.006770950759902794,76827.17207609079,0.019016243615557118,16.892921993537556,6.448895103027545,0.4905350413213804,,0.0,,0.0024497251365093098,0.0,0.0016042676681634945,0.0,0.0,-0.04073261950540412,-0.03197001260214451,-0.6296918166287124,0.29480555053662033,0.0,-0.027425938593604347,0.15422582306995736,0.3232325126709581,-0.6028589701293651,0.1704445663694175,Banks—Regional,Financial Services,KB
2016Q2,2016,Q2,2016-06-30,2016-06-30,580363000000.0,2509239000000.0,625038000000.0,1523.0,0.0,0.0,343198122000000.0,29342327000000.0,0.0,0.0,313614471000000.0,0.0,11210851000000.0,12395397729027.336,44228642729027.336,77347.93060714766,0.0,0.1421550523519473,1.6626952252287284,0.006347770493662937,77347.93060714766,0.01977903797473186,4.939903185398974,5.339502056914093,0.4224408557994509,0.0,0.0,0.0,0.007311342455422877,0.0,0.001691043635722459,4.460748197324405,0.0,0.08090844570617459,-0.3422866572076474,-0.03052591364094925,0.3313549533340032,0.0,0.06487842291065754,-0.06418408550891067,2.614588710701758,0.1808844297389486,0.19792728341274102,Banks—Regional,Financial Services,KB
2016Q1,2016,Q1,2016-03-31,2016-03-31,545004000000.0,2506465000000.0,667907000000.0,1409.0,0.0,0.0,335951565000000.0,28891668000000.0,0.0,0.0,306833632000000.0,0.0,10630488000000.0,12222650556597.436,38709103556597.44,74780.74646355957,0.0,0.13849547925159986,1.6104218351117698,0.006818828766780071,74780.74646355957,0.018863708388176133,4.876449723653606,5.606679288866428,0.4230510525248122,0.0,0.0,0.0,0.007460792748502303,0.0,0.0016222695673407564,-28.15150275372877,0.0,0.5705806494933701,-0.37175098730533906,-0.0221627856064032,0.30952541540618944,0.0,0.5724111666339684,0.9303168414694415,0.32454666167282736,0.1292792276602406,0.16134942574765276,Banks—Regional,Financial Services,KB
2015Q4,2015,Q4,2015-12-31,2015-12-31,346604000000.0,2527506000000.0,346009000000.0,897.1204378804158,0.0,0.0,329065467000000.0,28680621000000.0,0.0,0.0,300162745000000.0,0.0,10464109000000.0,12640111094741.951,44249687094741.95,74234.49028344234,0.0,0.14931481096434832,1.713154955745205,0.0036373900346700575,74234.49028344234,0.012084954506389524,5.001021202221459,9.117112825257319,0.44071957489142066,0.0,0.0,0.0,0.007680860659863771,0.0,0.0010532980052871972,16.22784398136119,0.0,-0.14559958297103257,1.2860694167098363,-0.27445993064327573,0.49822214629651534,0.0,-0.14863367844466552,-0.360827503652979,1.4212342202875936,-0.47197668641476026,0.16212476767459036,Banks—Regional,Financial Services,KB
2015Q3,2015,Q3,2015-09-30,2015-09-30,407115000000.0,2407263000000.0,541339000000.0,1050.0,0.0,0.0,324636265000000.0,28373229000000.0,0.0,0.0,296045818000000.0,0.0,10117505000000.0,13435373459508.295,40453132459508.3,73438.86286529098,0.0,0.14544659697831355,1.66414756670804,0.005339382197500573,73438.86286529098,0.014348560750699188,5.5811822220955065,8.250355218739358,0.473522892283719,0.0,0.0,0.0,0.007415262124211538,0.0,0.001254065068793223,12.415972456906449,0.0,0.19863013698630136,2.9886568297135403,-0.08598270494063014,0.0,0.0,0.19868741056549108,0.360514007534689,-0.014122091679675526,0.2476793494877162,0.154449218461663,Banks—Regional,Financial Services,KB
2015Q2,2015,Q2,2015-06-30,2015-06-30,339634000000.0,2613956000000.0,397893000000.0,876.0,0.0,0.0,317331867000000.0,27988716000000.0,0.0,0.0,289135372000000.0,0.0,9710390000000.0,14262800839042.309,43106922839042.31,72443.62198252357,0.0,0.15114554505173602,1.713665535782349,0.0041722364750539755,72443.62198252357,0.012134675988709164,5.456404330846544,10.49865505149831,0.5095911094686268,0.0,0.0,0.0,0.008237294365396967,0.0,0.001070280155632778,5.94232858500457,0.0,-0.43846153846153846,2.386895351828929,0.3404709045346339,0.0,0.0,-0.43858900928152866,-0.25751409329847563,-0.3796163358650344,0.2610724410026225,0.17582306138884551,Banks—Regional,Financial Services,KB
2015Q1,2015,Q1,2015-03-31,2015-03-31,604965000000.0,2052148000000.0,535893000000.0,1560.0,0.0,0.0,315756144000000.0,27729129000000.0,0.0,0.0,287826055000000.0,0.0,9370756000000.0,14901630982456.746,45691438982456.75,71779.05492365411,0.0,0.14451714041706817,1.6456404021922217,0.006038678548673707,71779.05492365411,0.02181694924496186,7.261479670304844,6.158055004197245,0.5373998938970187,0.0,0.0,0.0,0.006499154613441188,0.0,0.0019159247143580522,-6.34401351699871,0.0,2.36025423763966,-0.15157947218566226,-0.12339789711798185,0.0,0.0,2.3728340135144177,0.46531753974373696,0.003051712924248755,-0.06472656965745469,0.19367676620445923,Banks—Regional,Financial Services,KB
2014Q4,2014,Q4,2014-12-31,2014-12-31,179364000000.0,3477581000000.0,365718000000.0,464.2505863174773,0.0,0.0,308355708000000.0,27315092000000.0,0.0,0.0,280843036000000.0,0.0,9067145000000.0,13894641442751.28,44040240442751.28,70700.07067369057,0.0,0.15213955111867103,1.7174790771343549,0.0030199633902529698,70700.07067369057,0.0065664798053764566,3.9954903833300444,19.36654156178397,0.508680016261753,0.0,0.0,0.0,0.011277822689113315,0.0,0.0005816788706891718,10.823310595162123,0.0,-0.5966545731385948,1.1480379766498456,-0.001733582458903511,0.42688945830450403,0.0,-0.598103492316724,0.0,-0.18688245535614456,1.2835977868670563,0.18365572616998355,Banks—Regional,Financial Services,KB
2014Q3,2014,Q3,2014-09-30,2014-09-30,446294000000.0,2462977000000.0,0.0,1151.0,0.0,0.0,301670893000000.0,26926719000000.0,0.0,0.0,274549346000000.0,0.0,8558338000000.0,14809348663959.613,41908327663959.61,69694.83889384691,0.0,0.14481627499939148,1.6224351358960591,0.0,69694.83889384691,0.016574392149299736,6.012783986192162,8.295735918452642,0.5499871211178611,0.0,0.0,0.0,0.008164450257386947,0.0,0.0014794068979004879,-8.09707550073654,0.0,0.1373517786561265,3.372508041119032,-0.06482857280926851,0.0,0.0,0.13786940459284228,-1.0,-0.2346017596089997,0.058182898666295085,0.17460088410038316,Banks—Regional,Financial Services,KB
2014Q2,2014,Q2,2014-06-30,2014-06-30,392219000000.0,2484717000000.0,525409000000.0,1012.0,0.0,0.0,299098085000000.0,26242920000000.0,0.0,0.0,272663823000000.0,0.0,8102192000000.0,13558240271530.355,40776221271530.36,67924.95147678828,0.0,0.14311577086827554,1.6311314823198029,0.005806711429184006,67924.95147678828,0.01494570726123465,5.456653724158669,8.642008846798825,0.5166437374930212,,0.0,,0.008307365124052868,0.0,0.0013113390545445986,0.0,0.0,0.05088265835929388,1.8529721012769405,160.96219174031532,0.3084726144853141,0.0,0.05004752024630212,0.0861751742729325,-0.5635559295614113,-0.057385444791813435,0.16916147457004005,Banks—Regional,Financial Services,KB
2014Q1,2014,Q1,2014-03-31,2014-03-31,373525000000.0,1926615000000.0,483724000000.0,963.0,0.0,0.0,297800581000000.0,25829890000000.0,0.0,0.0,271785996000000.0,0.0,7710505000000.0,14344586406800.625,44710585406800.625,66869.6971868073,0.0,0.15549193975548356,1.7927134029606786,0.005025355893128529,66869.6971868073,0.014460959764056293,7.445486725059561,9.600820833144116,0.5553483350800419,,0.0,,0.006469480326500773,0.0,0.0012542789498452994,0.0,0.0,0.4367064288957967,-0.47610303207828575,-0.17693514278359226,0.0,0.0,0.4423763829088873,0.05597226709511793,-0.5693331746359995,-0.2482222399237644,0.17099082488179415,Banks—Regional,Financial Services,KB
2013Q4,2013,Q4,2013-12-31,2013-12-31,258965000000.0,3390880000000.0,458084000000.0,670.2830728892393,0.0,0.0,291838155000000.0,25652831000000.0,0.0,0.0,266185324000000.0,0.0,7530156000000.0,16454791432164.129,43373955432164.125,66397.61508693582,0.0,0.14772269239435123,1.6805598571167448,0.004679257921567661,66397.61508693582,0.010094987177048802,4.852661088615383,15.88514995478552,0.6414415403962288,,0.0,,0.011619042753337033,0.0,0.0008873582688322574,0.0,0.0,-0.39290754537398676,1.2137366172873445,-0.026621772458570267,0.3400560440933892,0.0,-0.3929075453739867,-0.21634493660058712,1.2137366172873445,-0.026621772458570267,0.3400560440933892,Banks—Regional,Financial Services,KB
2013Q3,2013,Q3,2013-09-30,2013-09-30,426566000000.0,2170292000000.0,584548000000.0,1104.0873062771852,0.0,0.0,296958450000000.0,25359858000000.0,0.0,0.0,271598592000000.0,0.0,7271191000000.0,14540391748730.623,40691861748730.625,65639.30858716335,0.0,0.1356744487318007,1.5887184384076598,0.006600089559576899,65639.30858716335,0.016820520051807862,6.699739827051209,8.521771395710523,0.5733625065538862,,0.0,,0.007308402909565294,0.0,0.0014364501161694507,0.0,0.0,1.6086057152079534,3.179225499486843,-0.17595857896333308,0.0,0.0,1.6086472602739725,0.2946942934030277,3.179225499486843,-0.17595857896333308,0.0,Banks—Regional,Financial Services,KB
2013Q2,2013,Q2,2013-06-30,2013-06-30,163520000000.0,2164037000000.0,451495000000.0,423.24805923733453,0.0,0.0,293576615000000.0,24945611000000.0,0.0,0.0,268631004000000.0,0.0,6844625000000.0,13112060742251.521,43012163742251.52,64568.135043049806,0.0,0.14202736481582498,1.6714729096032164,0.0034619952938287056,64568.135043049806,0.006555060928353288,6.059074194319007,20.04657036180822,0.5256259605046965,,0.0,,0.007371285345735047,0.0,0.00055699259288755,0.0,0.0,-0.6014613378179525,0.18945137242207882,140.31953401180525,0.24380856570933507,0.0,-0.6025839818401878,-0.1527028421832922,1.6677445124657129,0.10976421710646218,0.0,Banks—Regional,Financial Services,KB
2013Q1,2013,Q1,2013-03-31,2013-03-31,411458000000.0,2219491000000.0,532865000000.0,1062.0,0.0,0.0,286670378000000.0,24877274000000.0,0.0,0.0,261587042000000.0,0.0,6702730000000.0,13903771226840.178,44433894226840.18,64391.25452308832,0.0,0.1450059168652577,1.6709588438025806,0.0060455753100166956,64391.25452308832,0.01653951313154327,6.264396308360871,8.447867842428739,0.558894484453569,,0.0,,0.00774231022920687,0.0,0.0014353000225227318,0.0,0.0,1.866226911540031,-0.43271249946091606,-0.6893350578211479,0.35750321199971224,0.0,1.8942081791708285,0.462890008373255,-0.4230090274667865,-0.0519967920958223,0.0,Banks—Regional,Financial Services,KB
2012Q4,2012,Q4,2012-12-31,2012-12-31,142166000000.0,4753769000000.0,364255000000.0,370.52195544050096,0.0,0.0,282006578000000.0,24509518000000.0,0.0,0.0,257302538000000.0,0.0,6377491000000.0,14645061957607.44,44341330957607.44,63878.244701716,0.0,0.14765100266561867,1.6988728215707873,0.003776491860686262,63878.244701716,0.005800440465618296,3.080726463066977,25.753453634496715,0.5975254983638372,,0.0,,0.016856943670299777,0.0,0.0005041229924785656,0.0,0.0,-0.6533407461052467,-0.8772848183857938,0.0,0.26568287944578733,0.0,-0.6533407461052467,-0.2869573217760343,1.1181502451571401,0.374068247915722,0.2892093757664723,Banks—Regional,Financial Services,KB
2012Q3,2012,Q3,2012-09-30,2012-09-30,410103000000.0,1916106000000.0,510846000000.0,1068.8361879212734,0.0,0.0,291216709000000.0,24408040000000.0,0.0,0.0,266608734000000.0,0.0,6235325000000.0,15204625638991.75,46202509638991.75,63613.76636657123,0.0,0.14984085957787538,1.7877782075086734,0.006011812733140731,63613.76636657123,0.016801963615267757,7.935169369018077,9.268784694937462,0.6229351328083594,,0.0,,0.0065796568012174055,0.0,0.0014082399372214594,0.0,0.0,-0.2457016415084808,-0.6066295053482084,0.0,0.0,0.0,-0.2508959591420712,0.6127276573041335,3.045791873467535,-0.26742612560297996,0.0,Banks—Regional,Financial Services,KB
2012Q2,2012,Q2,2012-06-30,2012-06-30,547458000000.0,2072804000000.0,316759000000.0,1416.9939200965273,0.0,0.0,289231804000000.0,23803510000000.0,0.0,0.0,265238299000000.0,0.0,5825222000000.0,14613983909273.021,47899246909273.02,61610.989239278424,0.0,0.1510922913581108,1.8358929418392498,0.0035299571652514295,61610.989239278424,0.02299904509881106,7.0503452855518525,6.673563957999071,0.6139423937592826,,0.0,,0.007166583934870454,0.0,0.0018928001430990626,0.0,0.0,-0.09050454422559225,-0.4738864625005326,0.0,0.0,0.0,-0.09238941222110593,-0.7402631160324648,2.982169146881899,134.4438774669681,0.18684357394784265,Banks—Regional,Financial Services,KB
2012Q1,2012,Q1,2012-03-31,2012-03-31,603186000000.0,2194393000000.0,1219538000000.0,1558.0,0.0,0.0,284846538000000.0,23232386000000.0,0.0,0.0,261429893000000.0,0.0,5277764000000.0,16135823917467.803,46809293917467.805,60132.74024918017,0.0,0.15361964132419964,1.8834924230339491,0.013702115106231027,60132.74024918017,0.025963153332593563,7.353206065398405,6.687748023606235,0.6945401095465529,0.0,0.0,0.0,0.007703772759211137,0.0,0.002117582345339932,5.955705953175372,0.0,1.7287787498641982,-0.41603891325912296,0.0,0.0,0.0,1.753406460978048,0.0,-0.15416073081527043,-0.06273173764707365,0.0,Banks—Regional,Financial Services,KB
2011Q4,2011,Q4,2011-12-31,2011-12-31,219069000000.0,1512365000000.0,0.0,570.9513825837057,0.0,0.0,277600817000000.0,22917975000000.0,0.0,0.0,254501022000000.0,0.0,4952751000000.0,13893547851941.613,48609139851941.61,59730.26540619076,0.0,0.15811811173451987,1.9152528528371289,0.0,59730.26540619076,0.009558828823227183,9.186636725884037,15.855218962908507,0.6062292960849122,0.21149044365017414,0.0,0.003334713385935132,0.005447984686586855,0.0,0.000789151135675512,24.126146049968852,0.0,-0.6211337872702682,-0.6898750167662006,0.0,0.425821583149686,0.0,-0.6216895308355438,-1.0,1.182062209363206,-0.5628536586950141,0.20549364714482016,Banks—Regional,Financial Services,KB
2011Q3,2011,Q3,2011-09-30,2011-09-30,579072000000.0,2311525000000.0,789947000000.0,1507.0,0.0,0.0,279883050000000.0,22766281000000.0,0.0,0.0,256340734000000.0,0.0,4733682000000.0,14794563382358.758,49318112382358.76,59334.910978911445,0.0,0.1564996236821058,1.9239678188984841,0.008955708710225265,59334.910978911445,0.025435511403904747,6.400347555124326,6.387186473512257,0.6498454175435486,0.0,0.0,0.0,0.008258895992451132,0.0,0.002068978453679135,-9.880412019235655,0.0,-0.3512699095996556,-0.34603561297220703,0.0,0.0,0.0,-0.2915120483033273,-0.2723439925202997,4.712722881209338,-0.11624783544565302,0.0,Banks—Regional,Financial Services,KB
2011Q2,2011,Q2,2011-06-30,2011-06-30,817335000000.0,2397413000000.0,1085605000000.0,2323.0,0.0,0.0,271783903000000.0,20414452000000.0,0.0,0.0,250592503000000.0,0.0,4154610000000.0,17857709694685.562,51695571694685.56,58097.151637473966,0.0,0.15740551786836324,2.0955882626680356,0.01314799342945294,58097.151637473966,0.04003707765459489,7.448741495389223,5.462175758619648,0.8747582200436026,0.0,0.0,0.0,0.008821026460864387,0.0,0.003007297308553259,-24.602547220197014,0.0,0.06559633027522936,-0.008384323383203586,0.0,0.0,0.0,0.04859940419832344,0.06797592146438736,5.536856139229822,170.7005322657955,0.11915474718024371,Banks—Regional,Financial Services,KB
2011Q1,2011,Q1,2011-03-31,2011-03-31,779454000000.0,2303126000000.0,1016507000000.0,2180.0,0.0,0.0,266394656000000.0,19823544000000.0,0.0,0.0,245397658000000.0,0.0,3337274000000.0,19642460099507.367,56109730099507.37,57105.227270723895,0.0,0.16091944802376215,2.162483206837284,0.012433143980555617,57105.227270723895,0.0393196090466972,8.528608551814953,6.300070337539921,0.9908652105550534,0.02071706604879826,0.0,0.0008220966171342761,0.008645541297945557,0.0,0.002925937072851792,-7.202702104915766,0.0,1.6951478331057397,-0.06550717392589822,0.0,0.0,0.0,1.7245699964768668,2.317227375334002,0.19602060626390141,-0.6412209917962549,0.20389841782295542,Banks—Regional,Financial Services,KB
2010Q4,2010,Q4,2010-12-31,2010-12-31,-1075747000000.0,3092992000000.0,-771702000000.0,-3136.0235854585458,0.0,0.0,251752002000000.0,16996533000000.0,0.0,0.0,234716456000000.0,0.0,10096917000000.0,20448753083088.21,55698961083088.21,49548.3867108386,0.0,0.16487019237288925,2.4420510347610302,-0.017934809437740198,49548.3867108386,-0.06329214316825672,6.611317805894167,-4.752221731291886,1.2031131927369079,0.0,0.0,0.0,0.012285868535019635,0.0,-0.004273042484087177,-4.054721874345174,0.0,-12.878877217646007,-2.739554178009882,0.0,0.4191691220179411,0.0,-12.870573695419486,-6.67954133977067,-2.038636707448171,0.0,-0.018248778486192635,Banks—Regional,Financial Services,KB
2010Q3,2010,Q3,2010-09-30,2010-09-30,90623000000.0,2338391000000.0,135874000000.0,264.0,0.0,0.0,,,,,,,,16595329432001.309,,,0.0,0.0,0.0,0.0,,0.0,7.096901002441982,45.78122946713667,0.0,0.0,0.0,0.0,0.0,0.0,0.0,3.000866596180939,0.0,1.416403785488959,-0.8784687097237915,0.0,0.0,0.0,1.416795444928896,1.489001655509969,-0.9027704570688544,0.0,0.0,Banks—Regional,Financial Services,KB
2010Q2,2010,Q2,2010-06-30,2010-06-30,-217428000000.0,1731366000000.0,-277860000000.0,-634.0,0.0,0.0,,,,,,,,15867187334430.768,,,0.0,0.0,0.0,0.0,,0.0,9.164548301416781,-18.24418581602964,0.0,0.0,0.0,0.0,0.0,0.0,0.0,31.088724047836074,0.0,-1.3539921831379118,-1.3043122473173208,0.0,0.0,0.0,-1.3434029790399538,-1.4147907087836626,-1.235340210575014,0.0,0.0,Banks—Regional,Financial Services,KB
2010Q1,2010,Q1,2010-03-31,2010-03-31,633157000000.0,2078732000000.0,669880000000.0,1791.0,0.0,0.0,,,,,,,,18518000103682.465,,,0.0,0.0,0.0,0.0,,0.0,8.908315311296725,7.311772634466042,0.0,0.02550394293990274,0.0,0.0008720164115772325,0.0,0.0,0.0,5.753649504527593,0.0,0.0,-0.11383340887699439,0.0,0.0,0.0,0.0,0.0,-0.30960750107554874,0.0,0.0,Banks—Regional,Financial Services,KB
2009Q2,2009,Q2,2009-06-30,2009-06-30,109933000000.0,-12421000000.0,109652000000.0,356.0,0.0,0.0,17080097000000.0,16037789000000.0,0.0,0.0,1042308000000.0,0.0,0.0,13096231382468.523,14115072382468.523,51911.634011160764,0.0,0.06018548957889408,0.06409698992797573,0.00643667951919106,51911.634011160764,0.006854623165325345,-1054.3620789363597,29.78230236250381,0.8165858387629694,,0.0,,-0.0007272206943555414,0.0,0.006436321760936135,0.0,0.0,0.0,-0.27848872950775405,-1.003617262540993,0.8695616738218807,0.0,0.0,0.0,-0.8483038856147094,0.0,0.0,Banks—Regional,Financial Services,KB
2008Q1,2008,Q1,2008-03-31,2008-03-31,631503000000.0,6220342000000.0,1305224000000.0,1876.0,0.0,0.0,233078951000000.0,15955670000000.0,0.0,0.0,217123281000000.0,0.0,7544733000000.0,18708496736799.535,63627044736799.53,47433.59275609726,0.0,0.21799507326596815,3.1844518594330418,0.01419468934519887,47433.59275609726,0.039578594944618434,3.0076315316423976,7.4063372370359035,1.1725296861115537,1.30502784626518,0.0,0.04405105399938102,0.026687703772958888,0.0,0.0027093952383542346,-2.14768103407379,0.0,-0.3786773568261083,7.302288366902205,0.0,0.0,0.0,-0.37816738363620217,0.0,-0.09867549919112259,0.0,0.0,Banks—Regional,Financial Services,KB
2007Q4,2007,Q4,2007-12-31,2007-12-31,1015551425547.2,0.0,0.0,3019.365253480642,0.0,0.0,217805959263246.75,16975177938609.1,0.0,0.0,200810357167291.0,0.0,10019529047458.63,22844860504745.867,70430363414615.89,50469.391455849334,0.0,0.23152064397216016,2.9706066193809093,,50469.391455849334,0.05982567188514617,0.0,5.623757677371333,1.3457803262719563,,0.0,,0.0,0.0,0.004662642973509161,0.0,0.0,0.11126814166371907,2.7440556914845216,0.0,0.8591354212013022,0.0,0.1112359561908809,0.0,0.5987780409456863,0.0,1.0887918894908382,Banks—Regional,Financial Services,KB
2007Q3,2007,Q3,2007-09-30,2007-09-30,913893597385.32,0.0,0.0,2717.044735,0.0,0.0,,,,,,,,27016525769925.0,,,0.0,0.0,0.0,0.0,,0.0,0.0,7.390500887417359,0.0,,0.0,,0.0,0.0,0.0,0.0,0.0,0.008836664398920582,1.6189141520514096,0.0,0.0,0.0,0.008836664446071157,0.0,5.955094101356196,0.0,0.0,Banks—Regional,Financial Services,KB
2007Q2,2007,Q2,2007-06-30,2007-06-30,905888564118.67,0.0,0.0,2693.245429,0.0,0.0,,,,,,,,27189956034338.656,,,0.0,0.0,0.0,0.0,,0.0,0.0,7.503670183978835,0.0,,0.0,,0.0,0.0,0.0,0.0,0.0,0.007404728141495114,1.595974397391073,0.0,0.0,0.0,0.007404728066754575,0.0,4.461140449146285,-1.0,0.0,Banks—Regional,Financial Services,KB
2007Q1,2007,Q1,2007-03-31,2007-03-31,899230010422.03,0.0,0.0,2673.449264,0.0,0.0,,,,,,,,28270638969060.125,,,0.0,0.0,0.0,0.0,,0.0,0.0,7.859679570689606,0.0,1.3653725807302315,0.0,0.043429651566903316,0.0,0.0,0.0,-11.088864618911805,0.0,0.4521436210952,1.4287218391450054,0.0,0.0,0.0,0.4521640931905304,0.0,4.380990807672626,0.0,0.0,Banks—Regional,Financial Services,KB
