Quarters,Year,Quarter,FillingDate,Date,NetIncome,Revenue,OperatingIncome,EPSDiluted,GrossProfit,GrossProfitRatio,TotalAssets,CommonStockEquity,CurrentAssets,CurrentLiability,TotalLiability,Inventory,RetainedEarnings,MarketCap,EnterpriseValue,bookValuePerShare,currentRatio,debtToAssets,debtToEquity,roic,shareholdersEquityPerShare,roe,priceToSalesRatio,peRatio,pbRatio,payoutRatio,inventoryTurnover,dividendYield,assetTurnover,quickRatio,returnOnAssets,priceToFreeCashFlowsRatio,grossProfitMargin,epsdilutedGrowth,fiveYNetIncomeGrowthPerShare,fiveYRevenueGrowthPerShare,fiveYShareholdersEquityGrowthPerShare,grossProfitGrowth,netIncomeGrowth,operatingIncomeGrowth,threeYNetIncomeGrowthPerShare,threeYRevenueGrowthPerShare,threeYShareholdersEquityGrowthPerShare,Industry,Sector,Symbol
2023Q1,2023,Q1,2023-05-05,2023-04-01,5947000.0,184317000.0,8985000.0,0.39,95998000.0,0.5208309597,1089867000.0,719870000.0,301685000.0,168727000.0,369997000.0,0.0,228732000.0,1547436143.3899999,1684011143.3899999,48.367025818613605,1.7880066616486987,0.15407017553518,0.2332587828357898,0.008005602005994317,48.367025818613605,0.008261213830274911,8.395515027859611,65.05112423869178,2.149604988942448,0.0,0.0,0.0,0.16911880073440153,1.709809336976299,0.005456629111625547,299.19492331593193,0.5208309597052904,-0.25,-0.04154562917816614,0.34868514992312866,1.6625305224396132,0.03253632775106752,-0.256625,-0.2929094200047218,0.16717636015957224,-0.08448577169077859,0.6239080976556971,Engineering & Construction,Industrials,NVEE
2022Q4,2022,Q4,2023-02-24,2022-12-31,8000000.0,189818000.0,12707000.0,0.52,92973000.0,0.4898007565,935723000.0,694240000.0,290676000.0,160894000.0,241483000.0,0.0,222785000.0,1960555403.36,1976863403.36,46.85500682233574,1.8066304523475083,0.05861670601235622,0.07900581931320581,0.011346218551498831,46.85500682233574,0.011523392486748099,10.328606366940964,61.267356355,2.8240311756165015,0.0,0.0,0.0,0.20285704209472247,1.7218790010814573,0.008549538698952575,153.48014743698135,0.48980075651413457,-0.5047619047619047,-0.5192777205908597,0.39640477021571013,1.6649805303751606,-0.06966528243358183,-0.5019610284504763,-0.3065000272881078,0.84274049157136,0.1791583254589384,0.606484266663164,Engineering & Construction,Industrials,NVEE
2022Q3,2022,Q3,2022-11-04,2022-10-01,16063000.0,204075000.0,18323000.0,1.05,99935000.0,0.4896974152,962139000.0,682357000.0,314456000.0,163874000.0,279782000.0,0.0,214785000.0,1828659071.9799998,1868877071.9799998,46.2029500384225,1.9188889024494429,0.0981032886100657,0.13832788408413776,0.02146414587444527,46.2029500384225,0.0235404634231055,8.960720676123973,28.4607338601133,2.6799154577149498,0.0,0.0,0.0,0.21210552737182464,1.7913763013046609,0.0166950929127704,84.5114646446067,0.4896974151659929,-0.07079646017699102,0.8785528321233927,0.5460596434237702,1.855590869893814,0.007003224506247481,-0.0697822561964327,-0.18924778761061947,1.2693557727451916,0.2856544249380915,0.6183058897085167,Engineering & Construction,Industrials,NVEE
2022Q2,2022,Q2,2022-08-05,2022-07-02,17268000.0,202732000.0,22600000.0,1.13,99240000.0,0.489513249,946960000.0,660943000.0,291026000.0,156228000.0,286017000.0,0.0,198722000.0,1710868988.6999998,1772431988.6999998,44.851758262511545,1.862828686279028,0.11192130607417419,0.16035422116581913,0.02297280451016025,44.851758262511545,0.0261263074122882,8.439067284395161,24.769356449791523,2.588527284047187,0.0,0.0,0.0,0.21408718425276674,1.7785992267711295,0.01823519472839402,502.162896595245,0.48951324901840854,0.9824561403508771,1.7598109236240895,0.6712083120534464,1.8862938396244737,0.0576912828929839,0.9981485767183522,0.800223036482396,0.6131475072858157,0.3014247534638807,0.601701309854573,Engineering & Construction,Industrials,NVEE
2022Q1,2022,Q1,2022-05-06,2022-04-02,8642000.0,190154000.0,12554000.0,0.57,93827000.0,0.4934263807,959853000.0,639503000.0,308323000.0,152862000.0,320350000.0,0.0,181454000.0,2045604428.06,2102752428.06,43.52337452868898,2.0170022634794784,0.14491385660095868,0.217506407319434,0.011743230159499081,43.52337452868898,0.013513619169886614,10.757619761140969,59.17624473675075,3.1987409411058274,0.0,0.0,0.0,0.198107418531796,1.9597087569180045,0.009003461988450315,50.54369509932793,0.49342638072299294,-0.44117647058823534,1.61244866834043,1.0369701822822122,1.9014697660732158,-0.03777048507845349,-0.44086438923395443,-0.41022268157474395,0.2691554374051766,0.31923850643150403,0.5960359609795945,Engineering & Construction,Industrials,NVEE
2021Q4,2021,Q4,2022-03-01,2022-01-01,15456000.0,188555000.0,21286000.0,1.02,97510000.0,0.517143539,961943000.0,624720000.0,303970000.0,163951000.0,337223000.0,0.0,172812000.0,2023626230.16,2120339230.16,42.63945837131084,1.8540295576117254,0.1504174363761678,0.23161256242796774,0.020547673378538925,42.63945837131084,0.024740683826354207,10.732286230330674,32.732049530279504,3.2392531536688436,0.0,0.0,0.0,0.19601473268166617,1.778141029941873,0.01606748008977663,125.05414844642196,0.517143539020445,0.22891566265060248,2.2125453581826697,1.0453230115346874,1.8824882249979438,0.06188811569581931,0.22930088284418992,0.12327176781002638,0.6413519026568671,0.3295960262890122,0.6001507425688906,Engineering & Construction,Industrials,NVEE
2021Q3,2021,Q3,2021-11-10,2021-10-02,12573000.0,185553000.0,18950000.0,0.83,91827000.0,0.49488286365620604,960884000.0,604122000.0,348106000.0,135805000.0,356762000.0,0.0,157356000.0,1475561221.53,1534533221.53,41.396300288146406,2.563278229814808,0.1877115239716761,0.2985638662389385,0.017096826400610478,41.396300288146406,0.02081202141289342,7.95223586538617,29.339879534120737,2.442488804463337,0.0,0.0,0.0,0.19310655604630736,2.485747947424616,0.01308482605600676,112.15027905525575,0.49488286365620604,-0.08791208791208799,1.5161637473730072,1.1035269750508785,1.9326313531604509,0.004825684459326374,-0.07809062912450505,0.021453212591634324,0.33127206612875154,0.3737896629837823,0.536186127206057,Engineering & Construction,Industrials,NVEE
2021Q2,2021,Q2,2021-08-11,2021-07-03,13638000.0,179503000.0,18552000.0,0.91,91386000.0,0.5091056973978151,933403000.0,585986000.0,316744000.0,134198000.0,347417000.0,0.0,144783000.0,1350546385.86,1419738385.86,40.637959076874914,2.3602736255383836,0.1952157856788547,0.3109545279238753,0.019072425317544668,40.637959076874914,0.023273593567081807,7.523809551149562,24.75704622855257,2.3047417273791524,0.0,0.0,0.0,0.19231028826776858,2.2782083190509548,0.014611052246457317,117.28583463829786,0.5091056973978151,1.2195121951219512,1.9089852208078713,0.9585156441187515,1.624264451621023,0.16279010586319217,1.4886861313868613,0.9416012558869702,0.30282434780528167,0.2561843069285866,1.1564645445058512,Engineering & Construction,Industrials,NVEE
2021Q1,2021,Q1,2021-05-13,2021-04-03,5480000.0,153095000.0,9555000.0,0.41,78592000.0,0.5133544531173454,896331000.0,547189000.0,282898000.0,136331000.0,349142000.0,0.0,131145000.0,1237977667.08,1330384667.08,42.49410297043789,2.075081969618062,0.20676736607347063,0.3386983290965279,0.009705029811458602,42.49410297043789,0.010014821204373626,8.086336373362943,56.47708335218978,2.2624315676667477,0.0,0.0,0.0,0.1708018577958366,2.015777776147758,0.006113812866005973,26.517675207882615,0.5133544531173454,0.17142857142857143,0.6010213286062871,1.0468908832784174,2.8883980259566995,-0.015051445615530184,0.19833807128799474,-0.001358695652173913,0.020822096955312234,0.29479850632283094,1.3392351352507832,Engineering & Construction,Industrials,NVEE
2020Q4,2020,Q4,2021-03-03,2021-01-02,4573000.0,161178000.0,9568000.0,0.35,79793000.0,0.4950613607316135,881175000.0,394069000.0,288876000.0,136186000.0,487106000.0,0.0,125665000.0,982264018.32,1238038018.3200002,31.60530696532783,2.1211871998590164,0.363926575311374,0.8137737299812977,0.009490051345496074,31.60530696532783,0.01160456671293606,6.094280970852101,53.69910443472557,2.4926193593507735,0.0,0.0,0.0,0.1829125883053877,2.0712261172220345,0.0051896615314778564,44.49264022829189,0.4950613607316135,-0.42622950819672134,0.05962180459217895,1.3580132567241041,2.020966907980022,-0.08031258284252141,-0.4102398761929327,-0.3279955049866554,-0.6734521468137021,0.40903266497702456,0.7976206478531113,Engineering & Construction,Industrials,NVEE
2020Q3,2020,Q3,2020-11-12,2020-10-03,7754000.0,169949000.0,14238000.0,0.61,86761000.0,0.5105119771225485,883324000.0,384565000.0,279728000.0,113334000.0,498759000.0,0.0,121092000.0,681664772.0,959794772.0,30.927010116931786,2.4681737166251962,0.38734597950468913,0.8897117522395434,0.014193345797499986,30.927010116931786,0.02016304135841795,4.010996075293177,21.977842790817643,1.772560612640256,0.0,0.0,0.0,0.19239712721492908,2.3844124446326784,0.008778205958402579,34.998448015608155,0.5105119771225485,0.6944444444444444,0.5612544928871989,1.109304732341335,1.9945552463219705,0.039651536212433496,0.7219631356873195,0.2988505747126437,0.07704209310800168,0.5292031296727968,0.911455602934036,Engineering & Construction,Industrials,NVEE
2020Q2,2020,Q2,2020-08-06,2020-06-27,4503000.0,162689000.0,10962000.0,0.36,83452000.0,0.5129541640799317,897115000.0,372370000.0,285171000.0,119236000.0,524745000.0,0.0,113338000.0,582337134.15,915678134.15,30.25193426092283,2.3916518501123822,0.44426076924363095,1.0703144721647824,0.009163531284481668,30.25193426092283,0.012092810913875984,3.5794499575877903,32.33050933544304,1.5638669445712599,0.0,0.0,0.0,0.18134687303188554,2.320909792344594,0.0050194233738149515,16.393703455604978,0.5129541640799317,0.09090909090909081,0.33028260873072496,1.4155657676613718,1.6302137112335073,-0.01277622675436521,0.07521489971346705,0.1684075890002132,-0.138406856776594,0.6055708314706012,0.946768083939475,Engineering & Construction,Industrials,NVEE
2020Q1,2020,Q1,2020-05-07,2020-03-28,4188000.0,165480000.0,9382000.0,0.33,84532000.0,0.5108291032148901,891418000.0,364366000.0,258451000.0,109389000.0,527052000.0,0.0,108835000.0,422544295.58,785856295.5799999,29.784336865144716,2.3626781486255473,0.4505607919068271,1.1022927495979318,0.008656769948812407,29.784336865144716,0.01149393741457765,2.5534463112158567,25.223513346466092,1.1596699351201813,0.0,0.0,0.0,0.18563681684686645,2.287533481428663,0.004698132638111413,46.545967788059045,0.5108291032148901,0.17857142857142852,0.7425364000298993,1.5625195279589896,3.0180574999174343,0.30015226786840365,0.17114093959731544,0.47168627450980394,0.5205835669934287,1.1290939916852887,0.9855618699738815,Engineering & Construction,Industrials,NVEE
2019Q4,2019,Q4,2020-02-26,2019-12-28,3576000.0,132598000.0,6375000.0,0.28,65017000.0,0.4903316792108478,893136000.0,355963000.0,251199000.0,114358000.0,537173000.0,0.0,104647000.0,589606641.5,963648641.5,29.16617846476548,2.1966018992986935,0.4544291126995217,1.1401943460415829,0.0052835732858279435,29.16617846476548,0.01004598792571138,4.44657265946696,41.21970368428412,1.6563705820548764,0.0,0.0,0.0,0.1484633919134376,2.118723657286766,0.0040038695114741766,33.63798730602465,0.4903316792108478,-0.3913043478260869,0.07120925965997311,0.9459410181057967,3.2167060880558007,0.023970391369399165,-0.3879856238233784,-0.1853035143769968,-0.10772634513047792,0.7266695324351734,0.9716752792863995,Engineering & Construction,Industrials,NVEE
2019Q3,2019,Q3,2019-11-07,2019-09-28,5843000.0,131032000.0,7825000.0,0.46,63495000.0,0.48457628670859026,520744000.0,348067000.0,204032000.0,80182000.0,172677000.0,0.0,101070000.0,801341050.6500001,871681050.6500001,28.550195814182203,2.5446110099523582,0.19542231883612676,0.29237187093289513,0.01251785919799087,28.550195814182203,0.01678699790557565,6.11561336658221,34.2863704710765,2.3022609171510084,0.0,0.0,0.0,0.25162459865116066,2.4298969843605795,0.011220484537507873,203.437687395278,0.48457628670859026,-0.3428571428571428,0.4267345603384274,0.7545419718273515,3.3328860819737436,0.033447265625,-0.3355697066181487,-0.18464103365635096,0.3997331094199902,0.7781436337703224,1.0225768679988971,Engineering & Construction,Industrials,NVEE
2019Q2,2019,Q2,2019-08-07,2019-06-29,8794000.0,127974000.0,9597000.0,0.7,61440000.0,0.4800975198087111,504447000.0,339001000.0,204052000.0,76618000.0,165446000.0,0.0,95228000.0,985433772.4000001,1034508772.4000001,28.00257325542418,2.663238403508314,0.18537328995910374,0.27584284412140375,0.01968189075066024,28.00257325542418,0.02594092642794564,7.700265463297233,28.014378337502844,2.9068757095111817,0.0,0.0,0.0,0.25369166631975215,2.5038111148816204,0.0174329513308633,5326.669040000001,0.4800975198087111,0.5909090909090908,2.517866425570018,0.8460407438766938,3.5079523978287024,0.10842504059173733,0.5865055024355043,0.2949669410335987,1.23423887601139,0.6631422355868528,0.8083131933153764,Engineering & Construction,Industrials,NVEE
2019Q1,2019,Q1,2019-05-08,2019-03-30,5543000.0,117335000.0,7411000.0,0.44,55430000.0,0.4724080623854775,476697000.0,326171000.0,183316000.0,72968000.0,150526000.0,0.0,86434000.0,710001635.84,747318635.84,27.269670353778096,2.512279355333845,0.174389601780586,0.2548693783322245,0.013132297866817941,27.269670353778096,0.016994153373537192,6.051064352835898,32.02244433700162,2.1767773218342525,0.0,0.0,0.0,0.24614167909594564,2.462545225304243,0.011627931369402367,45.44592177174678,0.4724080623854775,-0.29032258064516125,2.294138016979555,1.595811800788643,3.5181497818591616,0.02464092278684585,-0.27627627627627627,-0.26332007952286285,0.7434306349243097,0.6889021849376776,1.495295228278777,Engineering & Construction,Industrials,NVEE
2018Q4,2018,Q4,2019-03-14,2018-12-29,7659000.0,115344000.0,10060000.0,0.62,54097000.0,0.46900575669302264,439421000.0,317542000.0,185056000.0,72955000.0,121879000.0,0.0,80891000.0,694019639.0400001,700266639.0400001,26.647150944577398,2.536577342197245,0.10692706993976164,0.147967827877887,0.021554962345524776,26.647150944577398,0.02411964401559479,6.016954839783605,22.65372891500196,2.1855995082225346,0.0,0.0,0.0,0.2624908686658125,2.5011856623946267,0.017429754153761426,41.291030404569256,0.46900575669302264,0.0,5.037396201321342,1.8757716347085436,3.6484095192249337,0.08250290150878457,0.051338366506520246,0.008622418287547624,0.8568790651592488,0.7656204623256596,1.5470456997563258,Engineering & Construction,Industrials,NVEE
2018Q3,2018,Q3,2018-11-07,2018-09-29,7285000.0,104185000.0,9974000.0,0.62,49974000.0,0.47966597878773337,390147000.0,303346000.0,188179000.0,54562000.0,86801000.0,0.0,73232000.0,975977218.2,953028218.2,26.947450933850085,3.448902166342876,0.08523197666520568,0.1096206971577011,0.022667953561634393,26.947450933850085,0.024015480672235665,9.367732573787015,33.492697947838025,3.217372960909325,0.0,0.0,0.0,0.2670403719623629,3.403009420475789,0.01867244910251777,147.58463907455013,0.47966597878773337,-0.10144927536231878,1.6385015322630647,0.8899486644636991,3.761026562649656,-0.01435840795234902,-0.043963254593175856,0.0667379679144385,0.6202748732943002,0.42835824535530054,1.6092283173789816,Engineering & Construction,Industrials,NVEE
2018Q2,2018,Q2,2018-08-02,2018-06-30,7620000.0,104018000.0,9350000.0,0.69,50702000.0,0.4874348670422427,317940000.0,197804000.0,140587000.0,56786000.0,120136000.0,0.0,65947000.0,727409113.1999999,774306113.1999999,18.844714688405418,2.4757334554291552,0.19793671761967666,0.31815332349194153,0.03140843744180929,18.844714688405418,0.03852298234616085,6.993108050529715,23.86512838582677,3.6774236779842675,0.0,0.0,0.0,0.3271623576775492,2.4102947909696053,0.023966786186072845,105.68198651750689,0.4874348670422427,0.769230769230769,2.629773056299399,1.1294217609208501,2.398892546951885,0.08730243829212327,0.7753960857409133,0.48389144580225363,1.6398118343432748,0.8111115887007101,0.6384283573481299,Engineering & Construction,Industrials,NVEE
2018Q1,2018,Q1,2018-05-04,2018-03-31,4292000.0,94534000.0,6301000.0,0.39,46631000.0,0.4932722618317219,313029000.0,187022000.0,133696000.0,54306000.0,126007000.0,0.0,58327000.0,573961525.5,628132525.5,18.16581083708894,2.4619010790704525,0.22800762868616006,0.3816288992738822,0.018393857634959026,18.16581083708894,0.022949171755194574,6.071482487782173,33.43205530638397,3.06895191742148,0.0,0.0,0.0,0.3019975784991167,2.4101940853680994,0.013711189698079091,230.32163944622792,0.4932722618317219,-0.6320754716981132,0.6389217871529551,0.28823142195550994,2.3127734015478354,0.02652665874168978,-0.6269448066058235,-0.23364144976891268,1.1220074264865887,0.7394890781591252,1.4506596472679927,Engineering & Construction,Industrials,NVEE
2017Q4,2017,Q4,2018-03-13,2017-12-30,11505000.0,93976000.0,8222000.0,1.06,45426000.0,0.48337873499616923,305780000.0,180097000.0,131393000.0,56435000.0,125683000.0,0.0,54035000.0,554680597.35,604486597.35,17.581744514936386,2.3282183042438205,0.22420367584537904,0.3806670849597717,0.05190676030777129,17.581744514936386,0.0638822412366669,5.902364405273687,12.05303340612777,3.0798991507354367,0.0,0.0,0.0,0.30733206880763947,2.282944980951537,0.03762508993393943,49.060728582168764,0.48337873499616923,0.9272727272727272,11.166995168551797,2.3720529808858264,7.577305636172326,-0.028237710178410987,0.946041948579161,-0.08226364549614912,3.1062392201747397,0.6432001675252355,1.5418842315710306,Engineering & Construction,Industrials,NVEE
2017Q3,2017,Q3,2017-11-08,2017-09-30,5912000.0,91263000.0,8959000.0,0.55,46746000.0,0.5122119588442194,306255000.0,165214000.0,131446000.0,51677000.0,141041000.0,0.0,42530000.0,558037380.1,620431380.1,16.179821320181127,2.543607407550748,0.254611353284028,0.47196968779885484,0.02582041167740002,16.179821320181127,0.03578389240621255,6.114607015986763,23.597656465663057,3.377664000024211,0.0,0.0,0.0,0.2979967673997159,2.4882636375950615,0.019304174625720396,953.9100514529915,0.5122119588442194,0.37500000000000006,3.729363698260312,1.9925496387192316,7.678054440600774,0.13022243713733075,0.3688353785598518,0.30483542091465193,0.723543919187688,0.45902175211305785,1.4555110957316195,Engineering & Construction,Industrials,NVEE
2017Q2,2017,Q2,2017-08-03,2017-07-01,4319000.0,83736000.0,6866000.0,0.4,41360000.0,0.4939333142256616,306523000.0,158068000.0,127842000.0,54464000.0,148455000.0,0.0,36618000.0,432308682.5,495643682.5,15.53956760977152,2.34727526439483,0.27021463315966504,0.5239960017207784,0.018688375591210418,15.53956760977152,0.02732368347799681,5.162757744578198,25.02365608358416,2.7349538331604117,0.0,0.0,0.0,0.2731801528759669,2.276108989424207,0.014090296649843568,117.6670338867719,0.4939333142256616,0.904761904761905,4.304035146104071,2.080223726105448,0.0,0.3038269970367568,0.9026431718061674,1.7235224117413726,1.0562413920446168,0.437572505268375,1.501614063419031,Engineering & Construction,Industrials,NVEE
2017Q1,2017,Q1,2017-05-04,2017-04-01,2270000.0,64059000.0,2521000.0,0.21,31722000.0,0.4951997377417693,214847000.0,151246000.0,109813000.0,35877000.0,63601000.0,0.0,32299000.0,379111738.40000004,376099738.40000004,15.000457712021085,3.0608189090503664,0.14352073801356313,0.20387316028192481,0.013772679234585338,15.000457712021085,0.015008661386086244,5.918165104044709,41.7523940969163,2.5065901802361714,0.0,0.0,0.0,0.29816101690970787,2.982467876355325,0.010565658352222744,-2117.9426726256984,0.4951997377417693,-0.32258064516129037,4.651165773316958,1.4995075275255574,0.0,0.0269010391376129,-0.30982061416844026,-0.49750847119792707,0.6003273964684493,0.6811708452270487,1.4853367811234213,Engineering & Construction,Industrials,NVEE
2016Q4,2016,Q4,2017-03-10,2016-12-31,3289000.0,63022000.0,5017000.0,0.31,30891000.0,0.49016216559296755,223659000.0,148161000.0,115224000.0,43621000.0,75498000.0,0.0,30029000.0,334530893.0,331260893.0,14.792587182673142,2.641480021090759,0.14484550141062957,0.2186540317627446,0.0183475087107956,14.792587182673142,0.022198824251996138,5.308160531243058,25.428009501368194,2.2578876559958423,0.0,0.0,0.0,0.2817771697092449,2.548703606061301,0.014705422093454767,81.43400511197663,0.49016216559296755,-0.060606060606060656,10.24269122378128,1.3501043797953862,6.797529514348823,0.11697280879375181,-0.033783783783783786,-0.08365296803652968,2.0846231375042454,0.8694428784400787,1.5804636006647983,Engineering & Construction,Industrials,NVEE
2016Q3,2016,Q3,2016-11-03,2016-09-30,3404000.0,60091000.0,5475000.0,0.33,27656000.0,0.46023530978016675,184847000.0,140332000.0,119859000.0,32358000.0,44515000.0,0.0,26740000.0,321210414.27000004,284299414.27000004,14.115753159200954,3.704153532356759,0.0873966036776361,0.11511985862098452,0.022079257679171366,14.115753159200954,0.0242567625345609,5.345399714932353,23.590659097385434,2.2889320630362286,0.0,0.0,0.0,0.3250850703554832,3.620990172445763,0.018415229892830287,83.34468455371044,0.46023530978016675,0.06451612903225812,1.7969087964713992,1.0238416012033567,6.5709905543170075,0.055210042351863865,0.1906260930395243,0.1930703857049466,0.39599952109913655,0.2343040852839242,1.4939455649343538,Engineering & Construction,Industrials,NVEE
2016Q2,2016,Q2,2016-08-05,2016-06-30,2859000.0,55892000.0,4589000.0,0.31,26209000.0,0.4689222071137193,182147000.0,136171000.0,116797000.0,33246000.0,45976000.0,0.0,23336000.0,250086315.24,215863315.24,15.485466432993297,3.51311435962221,0.09241985868556715,0.12362397279890726,0.01897930754461105,15.485466432993297,0.020995659868841384,4.474456366564088,21.868338163693597,1.8365607599268567,0.0,0.0,0.0,0.30685105985824634,3.423479516332792,0.015696113578593116,56.967269986332575,0.4689222071137193,0.24,3.061458657101266,1.378287719177245,0.0,0.1483087977567473,0.39124087591240875,0.38139674894641784,0.6256379306874384,0.36580282467165104,1.7930078706661594,Engineering & Construction,Industrials,NVEE
2016Q1,2016,Q1,2016-05-06,2016-03-31,2055000.0,44905000.0,3322000.0,0.25,22824000.0,0.5082730208217348,113955000.0,84488000.0,65705000.0,22581000.0,29467000.0,0.0,20477000.0,207423400.75,206069400.75,10.928434457267956,2.90974713254506,0.07879426089245754,0.10627544740081432,0.02245272657487728,10.928434457267956,0.024322980778335383,4.619160466540475,25.233990358880778,2.45506344983903,0.0,0.0,0.0,0.3940590584002457,2.769629334396174,0.018033434250361986,110.56684474946695,0.5082730208217348,-0.24242424242424246,5.310819410308329,1.2851320631148266,0.0,0.20183244694855457,-0.23091317365269462,-0.21036367958164964,0.044987687305602785,-0.1851055009466032,0.9929430794622164,Engineering & Construction,Industrials,NVEE
2015Q4,2015,Q4,2016-03-11,2015-12-31,2672000.0,42320000.0,4207000.0,0.33,18991000.0,0.4487476370510397,111769000.0,80763000.0,73755000.0,22243000.0,31006000.0,0.0,18422000.0,169678214.72,156909214.72,10.46198383763853,3.315874657195522,0.0957957931090016,0.1325730842093533,0.029435661965671805,10.46198383763853,0.0330844569914441,4.009409610586012,15.875581467065869,2.100939969045231,0.0,0.0,0.0,0.3786380839051973,3.2020410915793733,0.0239064499100824,27.513898933030646,0.4487476370510397,-0.13157894736842102,10.850433252401006,1.0475381133979749,4.514764033176045,-0.11796943941293948,-0.10992671552298468,-0.14958560743885183,2.7495511462675055,1.014972894894627,4.103909504536753,Engineering & Construction,Industrials,NVEE
2015Q3,2015,Q3,2015-11-12,2015-09-30,3002000.0,48701000.0,4947000.0,0.38,21531000.0,0.4421059115829244,115182000.0,77624000.0,76024000.0,27370000.0,37558000.0,0.0,15750000.0,139498129.28,132780129.28,10.327747385832184,2.777639751552795,0.11917660745602611,0.17683963722560034,0.03338870060706379,10.327747385832184,0.038673606101205814,2.8643791560748237,11.617099373750833,1.7971005008760175,0.0,0.0,0.0,0.4228178013925787,2.680635732553891,0.02606310013717421,-92.07797312211221,0.4421059115829244,0.52,2.262583902784201,1.1695377642997233,4.539291954431837,0.4007546678810748,0.7322562031159838,0.7904451682953312,2.262583902784201,1.1695377642997233,4.539291954431837,Engineering & Construction,Industrials,NVEE
2015Q2,2015,Q2,2015-08-14,2015-06-30,1733000.0,34481000.0,2763000.0,0.25,15371000.0,0.4457817348684783,98010000.0,72481000.0,69140000.0,20142000.0,25529000.0,0.0,12748000.0,152880770.38,129511770.38,11.501701984032087,3.4326283387945584,0.10676461585552495,0.1443688690829321,0.02115366880458098,11.501701984032087,0.023909714269946605,4.433768463211623,22.054352334102717,2.109253050868504,0.0,0.0,0.0,0.3518110396898276,3.3740939330751663,0.01768186919702071,-154.89439754812562,0.4457817348684783,0.38888888888888895,2.4353003514490545,1.0473536408104493,0.0,0.19293752425300736,0.5972350230414747,0.5505050505050505,2.4353003514490545,1.0473536408104493,0.0,Engineering & Construction,Industrials,NVEE
2015Q1,2015,Q1,2015-05-12,2015-03-31,1085000.0,29153000.0,1782000.0,0.18,12885000.0,0.44197852708126095,62565000.0,40938000.0,37979000.0,17311000.0,21627000.0,0.0,11015000.0,90352075.48,88530075.48,7.41262086611671,2.193922939171625,0.09606009749860145,0.14680736723826274,0.024027551920946525,7.41262086611671,0.026503493087107335,3.0992376592460467,20.81845057142857,2.207046643216571,0.0,0.0,0.0,0.46596339806601134,2.103980128242158,0.01734196435706865,52.96135725674092,0.44197852708126095,-0.28,4.186104276030823,1.07673986518474,0.0,0.15415621640988894,-0.2294034090909091,-0.28577154308617236,4.186104276030823,1.07673986518474,0.0,Engineering & Construction,Industrials,NVEE
2014Q4,2014,Q4,2015-03-27,2014-12-31,1408000.0,28740000.0,2495000.0,0.25,11164000.0,0.3884481558803062,55390000.0,35605000.0,35469000.0,15521000.0,19785000.0,0.0,9930000.0,66918800.0,66302800.0,6.916815603387986,2.2852264673667935,0.11294457483300235,0.1757056593175116,0.03439329459205543,6.916815603387986,0.03954500772363432,2.328420320111343,11.881889204545455,1.879477601460469,0.0,0.0,0.0,0.518866221339592,2.1833000451001867,0.025419750857555514,30.459171597633137,0.3884481558803062,-0.1935483870967742,8.36470357994952,1.0852911742335942,2.6460203442911165,-0.12218902343135714,-0.1828206616366802,-0.121169425854174,8.36470357994952,1.0852911742335942,2.6460203442911165,Engineering & Construction,Industrials,NVEE
2014Q3,2014,Q3,2014-11-13,2014-09-30,1723000.0,31420000.0,2839000.0,0.31,12718000.0,0.40477402928071293,55085000.0,33797000.0,35905000.0,17082000.0,21288000.0,0.0,8522000.0,48724464.91949999,49358464.91949999,6.589186808524825,2.1019201498653555,0.11525823726967414,0.18785691037666066,0.044323459460274474,6.589186808524825,0.05098085628901974,1.5507468147517502,7.069713424187464,1.441680176332219,0.0,0.0,0.0,0.5703912135790142,1.9949654607188854,0.03127893255877281,37.8883864070762,0.40477402928071293,0.631578947368421,1.7439763185665014,1.0510658147386842,2.534113307688046,0.06480241125251172,0.6347248576850095,0.6306720275703619,1.7439763185665014,1.0510658147386842,2.534113307688046,Engineering & Construction,Industrials,NVEE
2014Q2,2014,Q2,2014-08-14,2014-06-30,1054000.0,29229000.0,1741000.0,0.19,11944000.0,0.40863525950254886,52400000.0,31707000.0,32780000.0,15661000.0,20693000.0,0.0,6799000.0,50277394.4,51932394.4,6.2118165375729975,2.0930975033522765,0.13950381679389312,0.23054845933074716,0.028263906413575148,6.2118165375729975,0.033241870880247264,1.7201202367511716,11.92537817836812,1.5856875264137256,0.0,0.0,0.0,0.5578053435114504,1.9640508268948342,0.020114503816793892,-16.027221676761236,0.40863525950254886,0.4615384615384615,1.5794807781930809,1.1426562589484226,0.0,0.27688689330767585,0.4908062234794908,0.49185946872322195,1.5794807781930809,1.1426562589484226,0.0,Engineering & Construction,Industrials,NVEE
2014Q1,2014,Q1,2014-05-15,2014-03-31,707000.0,18992000.0,1167000.0,0.13,9354000.0,0.49252316764953663,50870000.0,30332000.0,32346000.0,15492000.0,20538000.0,0.0,5744000.0,49853247.68,47415247.68,6.035583517675453,2.087916343919442,0.1426380971102811,0.23921930634313596,0.019686394522438467,6.035583517675453,0.023308716866675457,2.6249603875315923,17.62844684582744,1.6435859053145194,0.0,0.0,0.0,0.37334381757420876,1.96714433255874,0.013898171810497345,200.21384610441768,0.49252316764953663,0.22115657943925238,3.281511759015206,0.48676592543929637,0.0,0.06732085805568233,0.32149532710280376,0.4734848484848485,3.281511759015206,0.48676592543929637,0.0,Engineering & Construction,Industrials,NVEE
2013Q4,2013,Q4,2014-03-28,2013-12-31,535000.0,16915000.0,792000.0,0.10645645463393008,8764000.0,0.518120011823825,44875000.0,28809000.0,32103000.0,11991000.0,16066000.0,0.0,5037000.0,40907806.06,31266806.060000002,5.73253084401662,2.6772579434575934,0.0941949860724234,0.14672498177652818,0.01856151662993088,5.73253084401662,0.01857058558089486,2.4184337014484187,19.115797224299065,1.419966193203513,0.0,0.0,0.0,0.3769359331476323,2.5510799766491536,0.01192200557103064,41.40466200404858,0.518120011823825,-0.5371458494176953,2.6447535801335174,0.25711483720560985,2.0217552816245754,-0.04113785557986871,-0.4253490870032223,-0.3219178082191781,2.6447535801335174,0.25711483720560985,2.0217552816245754,Engineering & Construction,Industrials,NVEE
2013Q3,2013,Q3,2013-11-13,2013-09-30,931000.0,18588000.0,1168000.0,0.23,9140000.0,0.49171508500107597,38829000.0,21484000.0,25640000.0,12800000.0,17345000.0,0.0,4502000.0,29227305.8,27031305.8,5.660008525315392,2.003125,0.11782430657498262,0.2129491714764476,0.03654001101770339,5.660008525315392,0.04333457456711972,1.5723749623412955,7.848363533834586,1.3604219791472725,0.0,0.0,0.0,0.4787143629761261,1.9334375,0.023976924463674058,14.996052231913803,0.49171508500107597,0.2777777777777779,1.0035170171614818,0.6396620778726637,2.0357481176684353,0.06638665266596663,0.26322930800542743,0.05510388437217705,1.0035170171614818,0.6396620778726637,2.0357481176684353,Engineering & Construction,Industrials,NVEE
2013Q2,2013,Q2,2013-08-14,2013-06-30,737000.0,17149000.0,1107000.0,0.18,8571000.0,0.4997959064668494,36793000.0,20431000.0,24322000.0,10936000.0,16362000.0,0.0,3571000.0,28374500.0,26742500.0,5.544369063772049,2.2240307242136064,0.13804256244394314,0.24859282462923987,0.030058203623523728,5.544369063772049,0.03607263472174636,1.6545862732520846,9.625,1.3887964367872352,0.0,0.0,0.0,0.46609409398526896,2.1428310168251645,0.020030984154594624,23.52777777777778,0.4997959064668494,-0.21739130434782614,1.4983783783783786,0.741311173337925,0.0,0.027574631339167967,0.3255395683453237,0.3353437876960193,1.4983783783783786,0.741311173337925,0.0,Engineering & Construction,Industrials,NVEE
2013Q1,2013,Q1,2013-03-31,2013-03-31,556000.0,15580000.0,829000.0,0.23,8341000.0,0.5353658536585366,30024000.0,11986000.0,17792000.0,12979000.0,18038000.0,0.0,2834000.0,16830690.8,23342690.8,5.4835657725944325,1.3708298019878264,0.2545297095656808,0.6375771733689304,0.031906227571969065,5.4835657725944325,0.04638745202736526,1.08027540436457,7.567756654676259,1.4041957950942765,0.0,0.0,0.0,0.5189181987743139,1.298867401186532,0.018518518518518517,-13.410909003984065,0.5353658536585366,1.491546875,5.1252346440782945,1.8042060239322966,0.0,0.06200662083015024,0.0859375,-0.06644144144144144,5.1252346440782945,1.8042060239322966,0.0,Engineering & Construction,Industrials,NVEE
2012Q4,2012,Q4,2012-12-31,2012-12-31,512000.0,15090000.0,888000.0,0.09231213039088418,7854000.0,0.5204771371769383,29963000.0,11369000.0,18200000.0,13122000.0,18594000.0,0.0,2278000.0,42707280.0,47802280.0,2.0497980672147698,1.3869836915104405,0.2466041451123052,0.6499252352889436,0.031315217651838055,2.0497980672147698,0.04503474360102032,2.83017097415507,20.8531640625,3.7564675872987956,0.0,0.0,0.0,0.5036211327303675,1.3219021490626428,0.017087741547909086,25.033575615474795,0.5204771371769383,-0.2459514597794173,2.160493827160494,0.01616161616161627,0.08049800418171446,-0.0824766355140187,-0.24594992636229748,-0.22377622377622378,2.160493827160494,0.01616161616161627,0.08049800418171446,Engineering & Construction,Industrials,NVEE
2012Q3,2012,Q3,2012-09-30,2012-09-30,679000.0,16565000.0,1144000.0,0.122422,8560000.0,0.5167521883489284,32104000.0,10341000.0,20240000.0,13884000.0,21763000.0,0.0,1766000.0,42707280.0,49295280.0,1.8644526179143228,1.4577931431864015,0.25404933964615,0.7887051542404023,0.040263376647691466,1.8644526179143228,0.06566096122231893,2.5781635979474795,15.724329896907218,4.1298984624310995,0.0,0.0,0.0,0.5159793172190381,1.3918179199078076,0.021150012459506602,21.30038902743142,0.5167521883489284,0.5292809673712088,0.0,0.0,0.0,0.1022405356682977,0.5292792792792793,0.5072463768115942,0.0,0.0,0.0,Engineering & Construction,Industrials,NVEE
2012Q2,2012,Q2,2012-06-30,2012-06-30,444000.0,14823000.0,759000.0,0.080052,7766000.0,0.523915536665992,,,,,,,,42707280.0,,,0.0,0.0,0.0,0.0,,0.0,2.881149564865412,24.046891891891892,0.0,0.0,0.0,0.0,0.0,0.0,0.0,-31.42551876379691,0.523915536665992,2.298238785637832,0.0,0.0,0.0,0.037126068376068376,2.2982456140350878,2.748847926267281,0.0,0.0,0.0,Engineering & Construction,Industrials,NVEE
2012Q1,2012,Q1,2012-03-31,2012-03-31,-342000.0,14098000.0,-434000.0,-0.061662,7488000.0,0.531139168676408,,,,,,,,42707280.0,,,0.0,0.0,0.0,0.0,,0.0,3.029314796425025,-31.218771929824563,0.0,0.0,0.0,0.0,0.0,0.0,0.0,-31.17319708029197,0.531139168676408,-3.111124177777778,0.0,0.0,0.0,0.039855575614497984,-3.111111111111111,-2.650190114068441,0.0,0.0,0.0,Engineering & Construction,Industrials,NVEE
2011Q4,2011,Q4,2011-12-31,2011-12-31,162000.0,14850000.0,263000.0,0.029208135006490697,7201000.0,0.4849158249158249,28000000.0,10522000.0,18612000.0,12134000.0,17478000.0,0.0,985000.0,42707280.0,44880280.0,1.8970863983845376,1.5338717652876215,0.17625,0.4690172970918076,0.014135492507751032,1.8970863983845376,0.01539631248812013,2.8759111111111113,65.9062962962963,4.058855730849649,0.0,0.0,0.0,0.5303571428571429,1.5014834349761002,0.0057857142857142855,112.6841160949868,0.4849158249158249,0.0,0.0,0.0,0.0,0.0,0.0,0.0,0.0,0.0,0.0,Engineering & Construction,Industrials,NVEE
