Quarters,Year,Quarter,FillingDate,Date,NetIncome,Revenue,OperatingIncome,EPSDiluted,GrossProfit,GrossProfitRatio,TotalAssets,CommonStockEquity,CurrentAssets,CurrentLiability,TotalLiability,Inventory,RetainedEarnings,MarketCap,EnterpriseValue,bookValuePerShare,currentRatio,debtToAssets,debtToEquity,roic,shareholdersEquityPerShare,roe,priceToSalesRatio,peRatio,pbRatio,payoutRatio,inventoryTurnover,dividendYield,assetTurnover,quickRatio,returnOnAssets,priceToFreeCashFlowsRatio,grossProfitMargin,epsdilutedGrowth,fiveYNetIncomeGrowthPerShare,fiveYRevenueGrowthPerShare,fiveYShareholdersEquityGrowthPerShare,grossProfitGrowth,netIncomeGrowth,operatingIncomeGrowth,threeYNetIncomeGrowthPerShare,threeYRevenueGrowthPerShare,threeYShareholdersEquityGrowthPerShare,Industry,Sector,Symbol
2023Q2,2023,Q2,2023-05-02,2023-03-31,48675000.0,146267000.0,48165000.0,0.45,146267000.0,1.0,891308000.0,446772000.0,574810000.0,87151000.0,426202000.0,9935000.0,-813405000.0,2711627800.0,2659449800.0,4.184943376078383,6.595564021066884,0.09287586333792583,0.18528690249165122,0.08030624867509309,4.184943376078383,0.1089481883376756,18.538889838446128,13.927210066769389,6.0693772214910515,0.0,0.0,0.0,0.16410376659920028,6.3159229383483835,0.054610751838870514,-45.97148088497075,1.0,2.153846153846154,3.575691836163443,176.20099827440467,2.0794231533953855,1.3385508265916286,2.164167324388319,2.14313855793421,3.3366071176480423,4.919295451434347,-0.13904765328494229,Biotechnology,Healthcare,ARWR
2023Q1,2023,Q1,2023-02-06,2022-12-31,-41811000.0,62546000.0,-42134000.0,-0.39,62546000.0,1.0,891489000.0,377039000.0,501831000.0,66281000.0,495117000.0,-64756000.0,-862080000.0,4300941840.0,4180826840.0,3.5556634823036806,7.571264766675216,0.0921312545639935,0.21783953384132676,-0.07786919123041686,3.5556634823036806,-0.1108930375902758,68.76445879832443,-25.716568845519124,11.407153742716272,0.0,0.0,0.0,0.07015902607884113,8.168238258324406,-0.046900186093154266,-37.58677445008608,1.0,0.5185185185185185,-1.235485586890414,11.57572136650126,2.7605429642736192,0.9808709422011085,0.5134974750413069,0.49738757008230944,-13.318006710588596,0.9442672098754485,-0.309676444239447,Biotechnology,Healthcare,ARWR
2022Q4,2022,Q4,2022-11-28,2022-09-30,-85942000.0,31575000.0,-83830000.0,-0.81,31575000.0,1.0,691939000.0,105960000.0,376396000.0,74099000.0,585979000.0,-21614000.0,-820755000.0,3495136649.9999995,3468707649.9999995,1.00195739127968,5.079636702249693,0.11789478552300131,0.7698754246885617,-0.32585717344457626,1.00195739127968,-0.8110796526991317,110.69316389548692,-10.167137866235368,32.98543459796149,0.0,0.0,0.0,0.045632635246748626,5.098665299126844,-0.12420459028902837,-34.4762833159068,1.0,-0.20895522388059704,-4.666575330892183,1.5640573242198021,-0.0791485463246011,-0.025823768974453907,-0.2073388309006364,-0.14978946357788475,-7.74092850719482,-0.3304081742166104,-0.602275033525384,Biotechnology,Healthcare,ARWR
2022Q3,2022,Q3,2022-08-04,2022-06-30,-71183000.0,32412000.0,-72909000.0,-0.67,32412000.0,1.0,751782000.0,453927000.0,432388000.0,128212000.0,277605000.0,6761000.0,-735244000.0,3723563130.0,3665238130.0,4.292332132421775,3.3724456369138616,0.10789563995945634,0.17869393096246752,-0.11691159300917324,4.292332132421775,-0.15681596380034676,114.8822389855609,-13.077431163339563,8.202999887647133,0.0,0.0,0.0,0.04311356217626919,3.250358780769351,-0.09468569345900807,-47.50472844877078,1.0,-2.522727272727273,-8.1181028491264,1.4529557619468145,2.5622164883344403,-0.7864892460722638,-2.5087856885478708,-2.7546025557721463,-4.142337319074815,-0.31852805039315707,0.8012782052755653,Biotechnology,Healthcare,ARWR
2022Q2,2022,Q2,2022-05-10,2022-03-31,47179000.0,151805000.0,41553000.0,0.44,151805000.0,1.0,703575000.0,452266000.0,417630000.0,138857000.0,251309000.0,6622000.0,-663198000.0,4854014550.0,4793214550.0,4.285053768534748,3.0076265510561226,0.03639697260419998,0.056621545727514336,0.08776409762036705,4.285053768534748,0.10431692853320833,31.9753272290109,25.721266612263932,10.732654123900536,0.0,0.0,0.0,0.21576235653626125,2.9037931108982624,0.06705610631418114,83.72166252716548,1.0,1.7333333333333334,6.520811374191319,10.945325230470312,2.4059775225119453,4.532453806625606,1.7503976332866777,1.6609142384527293,0.7612186502380738,1.8126322011184446,1.0053188764038343,Biotechnology,Healthcare,ARWR
2022Q1,2022,Q1,2022-02-02,2021-12-31,-62872000.0,27439000.0,-62872000.0,-0.6,27439000.0,1.0,638539000.0,372560000.0,338278000.0,137032000.0,265979000.0,0.0,-707564000.0,6930604200.0,6864332200.0,3.5640078826027897,2.4686058730807403,0.039645190035377635,0.06794878677260038,-0.14856683759068032,3.5640078826027897,-0.16875671032853767,252.58224425088378,-27.558389267082326,18.602652458664373,0.0,0.0,0.0,0.0429715334537123,2.410269134216825,-0.09846227090279529,-103.24922458100559,1.0,0.010309278350515427,-2.5553523297053897,3.295824446256267,1.604538848084089,0.0,0.007921229526304162,0.030994251190604626,-5.551470284669611,-0.31009719596263496,0.8869057102688532,Biotechnology,Healthcare,ARWR
2021Q4,2021,Q4,2021-11-22,2021-09-30,-63374000.0,38283000.0,-64883000.0,-0.60625,0.0,0.0,710148000.0,408822000.0,384597000.0,146536000.0,301326000.0,0.0,-644692000.0,6526057620.0,6367168620.0,3.9108998029349302,2.6245905443031066,0.03597137498098988,0.062484406416484436,-0.141081440985831,3.9108998029349302,-0.15501611948476354,170.46881435624167,-25.74422326190551,15.963078356839896,0.0,0.0,0.0,0.05390848104902077,2.579871157940711,-0.08924055267352721,-201.94509283327145,0.0,-1.0905172413793103,-0.949126786315525,836.2743403830333,1.9233551859822429,0.0,-1.117831840663013,-1.0359922178988328,-4.131795903894482,1.9640279092112018,2.71884305981821,Biotechnology,Healthcare,ARWR
2021Q3,2021,Q3,2021-08-05,2021-06-30,-29924000.0,45891000.0,-31868000.0,-0.29,0.0,0.0,734927000.0,436890000.0,525955000.0,195434000.0,298037000.0,0.0,-581318000.0,8621479180.0,8319642180.0,4.196870286938395,2.6912154486936766,0.03285224246761923,0.05526333859781638,-0.06568311011628722,4.196870286938395,-0.06849321339467601,187.868627399708,-72.02813109878358,19.73375261507473,0.0,0.0,0.0,0.06244293650934039,2.6453073671930167,-0.04071696916836638,-257.04299752541664,0.0,-0.11538461538461527,0.11239601346607586,666.8581871475119,3.1959327488742706,-1.0,-0.11581773435752107,-0.12879002550297536,-0.6141942792291317,52.11257833331322,2.5947024851132277,Biotechnology,Healthcare,ARWR
2021Q2,2021,Q2,2021-05-04,2021-03-31,-26818000.0,32811000.0,-28232000.0,-0.26,32811000.0,1.0,756795000.0,445549000.0,586757000.0,167188000.0,311246000.0,0.0,-551394000.0,6887420770.0,6538843770.0,4.2896107522119635,3.509564083546666,0.0016807722038332707,0.002854904847727186,-0.059988823278179254,4.2896107522119635,-0.060190910539581505,209.91194325073909,-64.20520517935715,15.458279044504645,0.0,0.0,0.0,0.0433552018710483,3.45881881474747,-0.03543628063081812,26.829890770411403,1.0,-0.3,0.25851218980767865,430.63176398564644,2.4428609579724774,0.5402056048443881,-0.2935558556820374,-0.1736925251517419,-0.4585895600525357,39.85620746419666,2.156440955670389,Biotechnology,Healthcare,ARWR
2021Q1,2021,Q1,2021-02-04,2020-12-31,-20732000.0,21303000.0,-24054000.0,-0.2,21303000.0,1.0,499251000.0,454472000.0,323716000.0,25094000.0,44779000.0,0.0,-524576000.0,7884544610.0,7765491610.0,4.422783849275475,12.900135490555511,0.0023695495852787476,0.002603020648136739,-0.050478151107081926,4.422783849275475,-0.04561777183192804,370.1142848425105,-95.07698979837933,17.348801708356074,0.0,0.0,0.0,0.04266991953947013,12.526062006854229,-0.041526206256972946,-182.54218530780452,1.0,0.5756688519720791,0.3763426263135839,281.1781450253094,1.8342741935620936,1.7909609182933515,0.5719422295446374,0.5200631328277057,-0.1438701487902723,3.420061785920351,3.677627331628167,Biotechnology,Healthcare,ARWR
2020Q4,2020,Q4,2020-11-23,2020-09-30,-48432715.0,7632855.0,-50119092.0,-0.47133,7632855.0,1.0,522503743.0,461779132.0,322370397.0,40681433.0,60724611.0,0.0,-503844193.0,4424716420.0,4302271708.0,4.49389464464708,7.924263557775853,0.0020952519760226865,0.0023707805834759983,-0.10355443619578404,4.49389464464708,-0.10488285772082052,579.6934986974074,-22.839502286832364,9.581889075056775,0.0,0.0,0.0,0.014608230280180021,7.775975099008926,-0.0926935273648365,-347.4623391470191,1.0,-2.6256153846153847,-0.13434389227597318,100.10429822781569,1.4288725463205456,0.0,-2.558295281985522,-2.143078248137354,-2.2865126274519283,-0.3620999103360238,3.130125145244066,Biotechnology,Healthcare,ARWR
2020Q3,2020,Q3,2020-08-05,2020-06-30,-13611213.0,27375778.0,-15945862.0,-0.13,0.0,0.0,555728072.0,493140393.0,315232854.0,42783141.0,63142867.0,0.0,-455411478.0,4398618000.84,4200667060.84,4.842142138645047,7.368155928523341,0.0018209463422607162,0.002052054575865985,-0.030931365659874848,4.842142138645047,-0.027601091277874697,160.67554320611455,-80.79033809918336,8.91960598498367,0.0,0.0,0.0,0.04926110336927518,7.216030351768702,-0.02449257772963465,-123.67685346070803,0.0,0.35000000000000003,0.5010604626322256,128.22695705104883,1.1940124550396922,0.0,0.31379773810382056,0.2830180229498268,-0.8104422771185866,1.1513447409201494,3.018505100025534,Biotechnology,Healthcare,ARWR
2020Q2,2020,Q2,2020-05-07,2020-03-31,-19835570.0,23528853.0,-22240255.0,-0.2,0.0,0.0,561075702.0,494118658.0,314474173.0,53333497.0,67512232.0,0.0,-441800265.0,2924560722.72,2682777184.72,4.860830442063293,5.896372649256433,0.0012270251546198663,0.0013932969112856288,-0.04363621033346941,4.860830442063293,-0.04014333334484204,124.29678245344131,-36.86005396769541,5.9187417341362565,0.0,0.0,0.0,0.04193525564577024,5.791398902644618,-0.0353527517397287,-93.755984981786,0.0,-5.666666666666667,0.6209514814853065,293.7897816946712,0.871103369301742,0.0,-6.4186940481604715,-3.582224017913324,-1.409992803906115,0.922337074673904,2.8636339520356997,Biotechnology,Healthcare,ARWR
2020Q1,2020,Q1,2020-02-05,2019-12-31,-2673728.0,29454579.0,-4853594.0,-0.03,0.0,0.0,587601634.0,500083831.0,507614372.0,73695268.0,88072991.0,0.0,-421964695.0,6158423710.97,5712230362.97,5.150720198713609,6.888018536006952,0.00078484805574928,0.0009222013818719126,-0.00941743408326426,5.150720198713609,-0.005346559585126838,209.08204836232764,-575.827431863862,12.314782700842812,0.0,0.0,0.0,0.05012678198236596,6.830111371601227,-0.004550239218701696,-221.1269542956503,0.0,-1.25,0.9332830623763488,96.17267778301273,0.9259937767441639,0.0,-1.228427996639016,-1.5035867736302233,0.8372109052933207,3.9649374291074384,2.764091240831896,Biotechnology,Healthcare,ARWR
2019Q4,2019,Q4,2019-11-25,2019-09-30,11704905.0,43292770.0,9638049.0,0.12,0.0,0.0,349845437.0,244591440.0,265246817.0,97070679.0,105809185.0,0.0,-419290967.0,2735998426.22,2514194298.22,2.519221763121647,2.7325122244174267,0.0,0.0,0.03882895501904972,2.519221763121647,0.047854924931142316,63.197583019520344,58.437006242682024,11.185994187776972,0.0,0.0,0.0,0.12374827687119441,2.6719230324947043,0.03345736077157982,457.60394459844724,0.0,-0.42857142857142855,1.2939558618731255,556.4287705940354,-0.172679850481842,0.0,-0.42441615507067665,-0.4817068675211738,1.3875962603228886,1018.4358615914197,0.8830909450388515,Biotechnology,Healthcare,ARWR
2019Q3,2019,Q3,2019-08-05,2019-06-30,20335708.0,42696636.0,18595749.0,0.21,0.0,0.0,336828445.0,226225228.0,244538724.0,87087065.0,111158405.0,0.0,-430995872.0,2514840626.79,2326508879.79,2.382936805569754,2.8079798532652354,0.0,0.0,0.08220015585529657,2.382936805569754,0.08989142448781176,58.90020531804894,30.916560991999884,11.116534831340736,0.0,0.0,0.0,0.1267607787697384,2.7437263272105907,0.06037408152984229,344.34470429184756,0.0,-0.125,1.9565912384222008,532.8534438742842,-0.33596946276892786,0.0,-0.14902609877682463,-0.15514927926845734,1.6614194220841867,680.3471443922895,1.3824044817648988,Biotechnology,Healthcare,ARWR
2019Q2,2019,Q2,2019-05-08,2019-03-31,23896982.0,48148275.0,22010692.0,0.24,0.0,0.0,333940433.0,201195424.0,234970345.0,101812390.0,133300197.0,0.0,-451331581.0,1723043948.1000001,1561404740.1000001,2.1368440794908357,2.3078757408602235,0.0,0.0,0.10939956566805416,2.1368440794908357,0.11877497770525834,35.78620310073414,18.025748482590814,8.564031496561274,0.0,0.0,0.0,0.14418222605586667,2.2749905193267734,0.07156061272759984,-87.0408452667936,0.0,0.846153846153846,1.806815688313627,517.054273002123,-0.505175787072945,0.0,0.985252116907404,1.0108169598353538,1.7288749234278047,697.7261315337526,0.7150407063764534,Biotechnology,Healthcare,ARWR
2019Q1,2019,Q1,2019-02-07,2018-12-31,12037253.0,34657896.0,10946144.0,0.13,0.0,0.0,340947388.0,172055219.0,248950613.0,134611773.0,169447357.0,0.0,-475228563.0,1131360441.66,941587460.6600001,1.8888107991866625,1.8493970285942225,0.0,0.0,0.06361994750069162,1.8888107991866625,0.06996156855898687,32.64365620059568,23.497064522528518,6.575565962111268,0.0,0.0,0.0,0.10165174223302746,1.8343259322496257,0.035305309334119316,6.752484842904877,0.0,2.1547344110854505,1.469251482315304,327.22125083364114,-0.1383337739728563,0.0,2.11857168172793,1.980037351233657,1.4084738633151463,516.8653145224963,0.2104158573187176,Biotechnology,Healthcare,ARWR
2018Q4,2018,Q4,2018-12-11,2018-09-30,-10761271.0,11255000.0,-11169109.0,-0.11258,0.0,0.0,111609951.0,95796189.0,78768598.0,12364951.0,16368950.0,0.0,-487265816.0,1749873919.8300002,1722065724.8300002,1.0516442183839048,6.370312183202343,0.020831637136011286,0.024270464454488893,-0.11385510690366493,1.0516442183839048,-0.11233506376751584,155.47524831896936,-40.652119991913594,18.266633966305278,0.0,0.0,0.0,0.1008422627118616,6.216018486446084,-0.09641856217641383,-516.2188228802307,0.0,0.37455555555555553,0.6743632579493228,105.58841431495527,0.4433749556317099,0.0,0.31044090237758937,0.29841041792257766,0.7156838607472831,167.1744937705017,-0.4316044383523831,Biotechnology,Healthcare,ARWR
2018Q3,2018,Q3,2018-08-07,2018-06-30,-15606017.0,727375.0,-15919719.0,-0.18,0.0,0.0,112903027.0,102314547.0,61870095.0,7127120.0,11143668.0,0.0,-476504545.0,1191828316.0,1166211468.0,1.167515338006116,8.680939145124539,0.02106708795327516,0.023247310081918264,-0.1520608452793229,1.167515338006116,-0.15252979617844567,1638.5335157243512,-19.092448701036275,11.648669235665968,0.0,0.0,0.0,0.006442475629993516,8.488010444611568,-0.13822496539441764,-81.59169972393798,0.0,0.0,0.234415107668803,3.958090500025149,-0.12715374440047436,0.0,-0.04848769956499834,-0.058910238412660215,0.3351840695237454,2.990279067684854,-0.4709896736422366,Biotechnology,Healthcare,ARWR
2018Q2,2018,Q2,2018-05-08,2018-03-31,-14884311.0,650125.0,-15034059.0,-0.18,0.0,0.0,126998915.0,114270270.0,92660460.0,9123879.0,13283833.0,0.0,-460898527.0,606245185.77,538871186.77,1.359002374020617,10.155818594262374,0.019142824960354975,0.021275157571606335,-0.12882502305799481,1.359002374020617,-0.13025532362879688,932.5055731897712,-10.182620911542362,5.30536232888922,0.0,0.0,0.0,0.00511913822255883,10.035010876404652,-0.11720030049075617,-38.31717988941685,0.0,0.0,0.5688026759966666,1.909244817830069,3.210795348630335,0.0,-0.12769517227146127,-0.0883718414970795,0.6561360897836941,8.84727981730922,-0.4768725321264904,Biotechnology,Healthcare,ARWR
2018Q1,2018,Q1,2018-02-09,2017-12-31,-13198878.0,3509821.0,-13813348.0,-0.18,0.0,0.0,88220493.0,70754498.0,53106877.0,13716249.0,18021183.0,0.0,-446014216.0,275379607.2,266331037.2,0.9455186434734664,3.8718221723738027,0.028142837515088472,0.03508999526786269,-0.18861090035397687,0.9455186434734664,-0.18654471974347128,78.4597297696948,-5.21596622076513,3.892043827376176,0.0,0.0,0.0,0.03978464504840162,3.707329314304516,-0.14961238087844284,-18.574232838842637,0.0,-0.25514259814517803,0.46049071732621766,3.1629251868159485,0.48691007878744474,0.0,-0.22987497258170653,-0.34761570320538704,0.5726863254197373,14.023364911103068,-0.6464449721846102,Biotechnology,Healthcare,ARWR
2017Q4,2017,Q4,2017-12-12,2017-09-30,-10731886.0,8713786.0,-10250213.0,-0.14341,0.0,0.0,104022280.0,81422350.0,67902904.0,18701048.0,23155118.0,0.0,-432815338.0,324020026.95,301714983.95,1.0880771130680877,3.6309678473634204,0.024355589975532166,0.031115829990168545,-0.12211779005408373,1.0880771130680877,-0.13180516160489103,37.184758375980316,-7.548068134296245,3.9794973609825806,0.0,0.0,0.0,0.08376845806494532,3.511883558611261,-0.10316910954076376,-34.80000865113408,0.0,-1.0487142857142857,0.6190788955392986,36.564991537408645,0.5337317467797235,0.0,-0.9442734722516871,-0.7938254834827981,0.650311637373823,144.56997018770778,-0.6426721406394471,Biotechnology,Healthcare,ARWR
2017Q3,2017,Q3,2017-08-03,2017-06-30,-5519741.0,9342498.0,-5714164.0,-0.07,0.0,0.0,115081549.0,90097472.0,77902394.0,20319614.0,25539265.0,0.0,-422083452.0,121130806.86000001,85331053.86000001,1.204961053455993,3.833852060378706,0.022448272746137612,0.02867319074168918,-0.0616542009852434,1.204961053455993,-0.0612641051682338,12.96556947189071,-5.486254104132786,1.3444417936609807,0.0,0.0,0.0,0.08118154544478716,3.7439294860620875,-0.04796373569841331,-10.471895847475299,0.0,0.12499999999999993,0.8961872894552139,28.304483522116815,0.4459493270673091,0.0,0.08652231166375426,0.06778177257334116,0.6703335773535312,147.3133747640834,-0.6642248616082824,Biotechnology,Healthcare,ARWR
2017Q2,2017,Q2,2017-05-03,2017-03-31,-6042557.0,8985930.0,-6129642.0,-0.08,0.0,0.0,126871643.0,93891677.0,89689923.0,27551628.0,33535154.0,0.0,-416563710.0,138065231.75,78978625.75,1.258098076165363,3.2553402288968187,0.020748253413885403,0.028036191109889325,-0.06350378489122949,1.258098076165363,-0.0643566841393194,15.364601298919533,-5.7122022907686265,1.4704735942675728,0.0,0.0,0.0,0.07082693805738766,3.165340647020931,-0.047627325201424243,-8.803742127721224,0.0,0.5294117647058824,0.8381660744759214,40.08801995691188,0.09647044520010568,0.0,0.5000411215918309,0.588666723885371,0.742614130197344,120.98044859054941,-0.7086650372394483,Biotechnology,Healthcare,ARWR
2017Q1,2017,Q1,2017-02-06,2016-12-31,-12086108.0,4365496.0,-14901887.0,-0.17,0.0,0.0,144258106.0,97763609.0,106230353.0,36998092.0,47049685.0,0.0,-410521151.0,110739130.0,11314049.0,1.3683834607514074,2.871238684416483,0.018581195014441686,0.027418054912436794,-0.14836000765679638,1.3683834607514074,-0.12362583709445506,25.366906761568444,-2.2906284223175897,1.1327234247254518,0.0,0.0,0.0,0.030261703283418956,2.761373991934503,-0.08378113601463755,23.54379405460315,0.0,0.4534465020576131,0.31114342790539545,24.813090892146516,-0.1434608326945372,0.0,0.4561193585487814,0.31627399075435025,0.3992763642718208,51.71182845754309,-0.3757501741882495,Biotechnology,Healthcare,ARWR
2016Q4,2016,Q4,2016-12-14,2016-09-30,-22221986.0,31250.0,-21795115.0,-0.31104,0.0,0.0,128176505.0,95579447.0,90502543.0,25643794.0,33152246.0,0.0,-398435043.0,525117810.0,442479127.0,1.3378120529753124,3.529218141434142,0.021281318288402386,0.028539242333134655,-0.22172807781074103,1.3378120529753124,-0.23249753683969315,16803.76992,-5.907638160693648,5.494045283605794,0.0,0.0,0.0,0.0002438044320212975,3.331856744754696,-0.1733701976036872,-40.72616611244973,0.0,0.028000000000000073,-0.1338055298624348,0.0,0.05855491285857462,0.0,-0.14423974407158366,-0.12685829171252447,0.1426410479063156,-0.6226672434705652,0.8361384761608663,Biotechnology,Healthcare,ARWR
2016Q3,2016,Q3,2016-08-09,2016-06-30,-19420743.0,39583.0,-19341487.0,-0.32,0.0,0.0,85533496.0,59980354.0,49601432.0,14840268.0,26108330.0,0.0,-376213057.0,319024200.6,278352075.6,1.0002234397260958,3.3423541946816595,0.03442415121205849,0.04908970693970896,-0.3044930669157713,1.0002234397260958,-0.32378506802410667,8059.6266225399795,-4.106745563236175,5.318811566200493,0.0,0.0,0.0,0.0004627777636962249,3.008510291054043,-0.22705424083215306,-16.79311876513931,0.0,0.08571428571428563,-0.278161042140789,0.0,-0.3238863156607844,0.0,0.06702182854803981,0.09044820667716756,-0.3922906749112902,-0.6056992709919751,-0.25222285677310124,Biotechnology,Healthcare,ARWR
2016Q2,2016,Q2,2016-05-10,2016-03-31,-20815860.0,43750.0,-21264855.0,-0.35,0.0,0.0,94607471.0,74481425.0,66143493.0,14058345.0,20681234.0,0.0,-356792315.0,288135396.96000004,238484563.96000004,1.2459436511017692,4.704927429224422,0.0023185166845861465,0.0029450161567128987,-0.28221144814039634,1.2459436511017692,-0.27947719850956126,6585.951930514287,-3.460527176873788,3.868553763035549,0.0,0.0,0.0,0.0004624370521435881,4.371872293644807,-0.22002342711391154,-19.413702541400315,0.0,-0.0937499999999999,-1.8606530735927929,-0.9822541100434041,-0.2596910070330989,0.0,-0.08053429499594433,-0.09945494789121914,0.15178657495296757,-0.7246247385876889,2.8604890109156167,Biotechnology,Healthcare,ARWR
2016Q1,2016,Q1,2016-02-09,2015-12-31,-19264414.0,43750.0,-19341270.0,-0.32,0.0,0.0,111381139.0,92923580.0,82283814.0,12328014.0,19012747.0,0.0,-335976455.0,366224332.8,304763533.8,1.5604643542680514,6.6745393053577,0.0019612566540552255,0.0023508241933855754,-0.20609514389462022,1.5604643542680514,-0.20731459119418344,8370.841892571429,-4.752601516973214,3.9411345624006313,0.0,0.0,0.0,0.0003927954085655382,6.213213742294582,-0.1729593912664154,-16.990477975526524,0.0,0.22986209718177658,-0.6151794152776484,-0.998944220892293,0.39159751296491646,0.0,0.2214239132824554,0.23339679788593123,0.010468585021342807,-0.9347915958046994,1.453965547866873,Biotechnology,Healthcare,ARWR
2015Q4,2015,Q4,2015-12-14,2015-09-30,-24743136.0,43750.0,-25229832.0,-0.41551,0.0,0.0,132267914.0,110176822.0,102871161.0,15900571.0,22646280.0,0.0,-316712041.0,343000350.71999997,262544336.71999997,1.8501978012204874,6.4696520018054695,0.0016447526344144205,0.001974535079619559,-0.22700552640821628,1.8501978012204874,-0.22457659924153558,7840.008016457142,-3.4656111367613223,3.1131806535498,0.0,0.0,0.0,0.000330768050065415,6.210736457200185,-0.18706831650796277,-26.681847355874414,0.0,-0.5389259259259258,-0.4882019099094218,-0.9708148366086065,0.46816804881372237,0.0,-0.5526514626928011,-0.5774850431788605,-0.10363535114663146,-0.7629901805366877,1.608001833208607,Biotechnology,Healthcare,ARWR
2015Q3,2015,Q3,2015-08-04,2015-06-30,-15936053.0,123750.0,-15993706.0,-0.27,0.0,0.0,145190325.0,131299582.0,114687701.0,9532488.0,14445931.0,0.0,-291968905.0,425373999.05,338933355.05,2.2069802418498337,12.031245253075587,0.001492199979578529,0.0016500661822365893,-0.12086374139296654,2.2069802418498337,-0.12137169636990923,3437.365648888889,-6.673139187131218,3.2397208930185326,0.0,0.0,0.0,0.0008523295198905299,11.595446330485808,-0.10975974466618213,-31.74104758948422,0.0,0.47058823529411764,-3.661992652175883,-0.8997459495753335,0.4093131525797656,0.0,0.44442696663606074,0.46026913539526193,0.6233072226264218,-0.5121447726592931,1.6483690791506245,Biotechnology,Healthcare,ARWR
2015Q2,2015,Q2,2015-05-11,2015-03-31,-28683993.0,43750.0,-29632743.0,-0.51,0.0,0.0,162378458.0,144751542.0,120146953.0,13210361.0,18182104.0,0.0,-276032853.0,376945279.09499997,281363754.09499997,2.5978417450433304,9.094903084026242,0.0013287600009109582,0.001490567886316541,-0.2031963049810098,2.5978417450433304,-0.19816018954741083,8615.8920936,-3.285327805433156,2.6040847226000534,0.0,0.0,0.0,0.00026943229132031786,8.781627769294117,-0.17664900475899334,-22.616676940348583,0.0,-0.24390243902439035,-0.7471690060864641,-0.9686008407583808,1.7810296225452047,0.0,-0.27059289890598043,-0.1798692954837526,-0.028941090362786373,-0.7320632227004334,1.2640974886704157,Biotechnology,Healthcare,ARWR
2015Q1,2015,Q1,2015-02-09,2014-12-31,-22575282.0,170750.0,-25115276.0,-0.41,0.0,0.0,162136761.0,146264859.0,132164598.0,11497665.0,16427090.0,0.0,-247346441.0,403629852.96,300557785.96,2.6743181940186487,11.494907705173182,0.001319817903602996,0.0014630376801580208,-0.1703908710737446,2.6743181940186487,-0.15434522108963986,2363.8644390043924,-4.469820719847486,2.7595818689436538,0.0,0.0,0.0,0.0010531232950928384,11.10230929497424,-0.13923604900433406,-16.305015225439146,0.0,0.0002925972885984809,-0.5669657604518009,-0.8763387055852989,1.3510675868267448,0.0,-0.006457295848204864,-0.12350943719662447,-0.6808076291900123,0.31889317095442826,0.6739885746329725,Biotechnology,Healthcare,ARWR
2014Q4,2014,Q4,2014-11-25,2014-09-30,-22430442.0,43750.0,-22354308.0,-0.41012,0.0,0.0,182816756.0,166540443.0,154800770.0,11847024.0,16831501.0,0.0,-224771159.0,807806629.84,676318350.84,3.0450385677042613,13.066637663602268,0.001444019715566991,0.0015851464980191027,-0.13326989132110437,3.0450385677042613,-0.13468465434549132,18464.1515392,-9.003463126584844,4.850513276465825,0.0,0.0,0.0,0.00023931066800025704,13.012858081489496,-0.12269357848139478,-70.95246266528393,0.0,-0.864181818181818,0.30482762706455596,-0.9768415576465073,2.6762260877947477,0.0,-0.9288501364572236,-0.7601678726939158,-0.4949822075593313,0.0,1.409412090822795,Biotechnology,Healthcare,ARWR
2014Q3,2014,Q3,2014-08-12,2014-06-30,-11628919.0,43750.0,-12700100.0,-0.22,0.0,0.0,196622876.0,186362887.0,163422946.0,8250096.0,10815087.0,0.0,-202340717.0,743146762.59,605872308.59,3.5885952105550976,19.808611439188102,0.0013381454149821305,0.0014118154329729824,-0.06767926267658313,3.5885952105550976,-0.06239932846715344,16986.21171634286,-15.976264917444174,3.9876328090474367,0.0,0.0,0.0,0.00022250717154600057,19.658455004644793,-0.059143265710343895,-71.31428462483619,0.0,0.29032258064516125,0.6160727782608326,-0.9986129621597637,3.1889719741415714,0.0,0.16593857021983327,-0.13267355766752423,0.11623637780993683,0.0,1.4257563190829592,Biotechnology,Healthcare,ARWR
2014Q2,2014,Q2,2014-05-06,2014-03-31,-13942521.0,43750.0,-11212498.0,-0.31,0.0,0.0,202641394.0,191399034.0,161923165.0,10482540.0,13103837.0,0.0,-190711800.0,727764727.7400001,587044878.7400001,4.318390296324971,15.446939863811634,0.006228905038029891,0.0065947772756261664,-0.05787415983931684,4.318390296324971,-0.07284530495592784,16634.62234834286,-13.049374782006787,3.8023427419179137,0.0,0.0,0.0,0.0002158986332279179,15.325134461685813,-0.06880391377489241,-88.86798553816521,0.0,-0.10714285714285703,0.7446513936004128,-0.9820154624967654,44.659003317515264,0.0,-0.31182835054145946,-0.5996414519853533,-1.7775114591834797,-0.976065216163278,1.5658810241405123,Biotechnology,Healthcare,ARWR
2014Q1,2014,Q1,2014-02-04,2013-12-31,-10628312.0,43750.0,-7009382.0,-0.28,0.0,0.0,92692477.0,82731584.0,76411623.0,9018408.0,11782190.0,0.0,-176769281.0,409497911.55,352062230.55,2.1920446016496906,8.472850529716553,0.013715730134172594,0.015367105747667057,-0.08224013533531685,2.1920446016496906,-0.12846740611179402,9359.952264,-9.63224243769848,4.949716804044269,0.0,0.0,0.0,0.0004719908391271063,8.396345452545505,-0.11466207770022156,-57.36432239642045,0.0,0.22820364398136656,0.8494405578998016,-0.9929075398597752,0.8822589835147404,0.0,0.22376795403859603,0.12372899811391352,-0.4059808025545005,-0.9983341987202525,0.9548308217490274,Biotechnology,Healthcare,ARWR
2013Q4,2013,Q4,2013-12-18,2013-09-30,-13692184.0,43750.0,-7999103.0,-0.36279,0.0,0.0,37329631.0,27498666.0,28843719.0,8725020.0,11594842.0,0.0,-166140969.0,214750517.67000002,196878975.67000002,0.7286008491976642,3.305862794583852,0.033295319742110495,0.04519862890803503,-0.26642339704875023,0.7286008491976642,-0.4979217537316174,4908.5832610285715,-3.9210420643996606,7.8094885646452825,0.0,0.0,0.0,0.0011719912259513094,3.2353356210071724,-0.36679130313396346,-39.70108577724741,0.0,-0.5773478260869565,0.8201022596654711,1.0832292452419634,-0.7457277521712214,0.0,-1.2523706985183443,-0.2518422533183408,-0.2993614258311136,-0.9539518426040763,-0.42184101266095975,Biotechnology,Healthcare,ARWR
2013Q3,2013,Q3,2013-08-07,2013-06-30,-6079010.0,43750.0,-6389865.0,-0.23,0.0,0.0,41488495.0,34956969.0,34410996.0,6677866.0,8182527.0,0.0,-152448785.0,53049778.0717,25219187.0717,1.3375956309787835,5.152992887248711,0.028811336733231708,0.034194583632236535,-0.17044607025748731,1.3375956309787835,-0.17389980235414576,1212.5663559245713,-2.181678351890357,1.5175737367762063,0.0,0.0,0.0,0.0010545092079141459,4.994333968366541,-0.14652278902862106,-9.499122526605264,0.0,0.4390243902439024,0.8794137867213013,-0.9723385783172458,-0.6028939981532327,0.0,0.10046364741192468,-0.1854403697910019,-3.0483648697562926,-0.9193153818273103,-0.14585047939006668,Biotechnology,Healthcare,ARWR
2013Q2,2013,Q2,2013-05-09,2013-03-31,-6757937.0,43750.0,-5390288.0,-0.41,0.0,0.0,12419325.0,5312887.0,3739881.0,7164026.0,8658821.0,0.0,-146369775.0,35228023.02,33062827.020000003,0.3227424421048309,0.5220362125988934,0.09245969487069547,0.2161323965670642,-0.6865001544861216,0.3227424421048309,-1.271989598122452,805.2119547428572,-1.3032092123676204,6.630674249235868,0.0,0.0,0.0,0.0035227357364430033,0.46251688645462763,-0.5441468839892667,-7.847407151810519,0.0,-0.2424242424242423,0.7206304084762108,-0.9858863596601136,-0.9343908725319678,0.0,-0.4646086101497586,-0.12063710324757418,-0.3933026315278893,-0.8937193923366352,-0.6544992420501948,Biotechnology,Healthcare,ARWR
2013Q1,2013,Q1,2013-02-13,2012-12-31,-4614159.0,159016.0,-4810021.0,-0.33,0.0,0.0,15231131.0,8974780.0,6063983.0,6077978.0,7626652.0,0.0,-139611839.0,30203146.8,28473862.8,0.6358949723742031,0.9976974250318116,0.07890077237205825,0.1339027809038216,-0.413918708785795,0.6358949723742031,-0.5141250259059275,189.9377848769935,-1.6364383412015062,3.365335618254709,0.0,0.0,0.0,0.010440196463414306,0.9218626655114579,-0.30294263768068175,-7.851003173086446,0.0,0.12348269542351717,0.7587212182815279,-0.8919742875726394,-0.8966710425410843,-1.0,0.1316454638507656,0.10569105237578363,-0.24110171695596963,-0.5537251648780246,-0.44096702422365075,Biotechnology,Healthcare,ARWR
2012Q4,2012,Q4,2012-12-28,2012-09-30,-5313681.0,43750.0,-5378478.0,-0.37649,43750.0,1.0,16527818.0,10012642.0,6567336.0,5327888.0,7718909.0,0.0,-134997680.0,36272003.4,33948937.4,0.7094311735755958,1.2326340193337397,0.0637847052768853,0.10528909352796195,-0.42808224656826427,0.7094311735755958,-0.5306971926091035,829.0743634285714,-1.7065384335265892,3.6226206230083924,0.0,0.0,0.0,0.0026470523816271452,1.1166161901301228,-0.32149924448587225,-7.759105675022022,1.0,0.4697323943661972,0.8079596115344335,-0.9792856780550964,-0.895823692078874,-0.08696287330175094,0.3350842331424224,0.20938871099184234,0.3618266722739991,-0.9102575662865633,-0.14351515430567616,Biotechnology,Healthcare,ARWR
2012Q3,2012,Q3,2012-08-13,2012-06-30,-7991510.0,47917.0,-6802936.0,-0.71,47917.0,1.0,16488027.0,9365268.0,5903034.0,5815416.0,8039424.0,0.0,-129683999.0,43155037.44,41879105.44,0.8333356023616046,1.015066505990285,0.061056971825676896,0.10749388058088674,-0.5706233810831244,0.8333356023616046,-0.8533135410540307,900.6206031262391,-1.3500276368295854,4.607987453215434,0.0,0.0,0.0,0.002906169428276652,0.9407160210034845,-0.48468564492282795,-10.776016720228329,1.0,-0.41999999999999993,0.7924280813454322,-0.9750569129331396,-0.9085123788263285,0.533344,-0.4978746007906309,-0.3972634082990792,-0.21919476991929604,-0.9929800413354614,-0.027246240233605744,Biotechnology,Healthcare,ARWR
2012Q2,2012,Q2,2012-05-08,2012-03-31,-5335233.0,31250.0,-4868757.0,-0.5,31250.0,1.0,20080976.0,12235800.0,8817561.0,6375521.0,8514290.0,0.0,-121692489.0,68035484.22,65400078.22,1.1474071933929422,1.3830337944146054,0.04779180055790117,0.07843426666012848,-0.32901957612135285,1.1474071933929422,-0.43603466875888786,2177.13549504,-3.1880277871650593,5.560362560682587,0.0,0.0,0.0,0.0015561992604343534,1.3114156474427736,-0.2656859407630386,-15.585223251837638,1.0,-1.0,0.7225917009808513,0.0,-0.8395288121617464,0.3043659737874614,-1.1465388321487988,-0.20542460718997763,0.5938853800387167,-0.946608233868688,11.131712340650084,Biotechnology,Healthcare,ARWR
2012Q1,2012,Q1,2012-02-09,2011-12-31,-2485505.0,23958.0,-4039039.0,-0.25,23958.0,1.0,23062344.0,16169142.0,9173908.0,5060024.0,7313434.0,0.0,-116357257.0,42407279.11000001,36546403.11000001,1.5975725489076302,1.8130166971540056,0.039555823120147715,0.056419196516426164,-0.2155842359112472,1.5975725489076302,-0.15371904087427768,1770.0675811837384,-4.265459042528581,2.6227290916240333,0.0,0.0,0.0,0.0010388362952178669,1.7534648057005264,-0.10777330352890409,-15.280801062986454,1.0,0.08868880545328625,0.7735692145706791,-0.2705357148573635,-0.8189561484225026,0.0,0.10481382650170736,-0.38669166509882874,0.8687032698597579,-0.9855167851143611,0.3717993145462846,Biotechnology,Healthcare,ARWR
2011Q4,2011,Q4,2011-12-20,2011-09-30,-2776523.0,0.0,-2912716.0,-0.27433,0.0,0.0,15888563.0,12791106.0,9861174.0,2581949.0,3324395.0,0.0,-113871752.0,39421563.755,32520960.755000003,1.263809781358076,3.8192752839037487,0.03819011196921962,0.047438118330033384,-0.21740106577960175,1.263809781358076,-0.21706668680566013,0.0,-3.5495441380280304,3.081951142848789,0.0,0.0,0.0,0.0,3.776354993843798,-0.17474978700087604,-23.70082814635252,0.0,0.08556666666666657,0.8931944825683724,-1.0,-0.8591552773555264,0.0,-0.5256316634220132,-0.6454488705855104,0.8639652620534078,1.0,-0.5589467754700151,Biotechnology,Healthcare,ARWR
2011Q3,2011,Q3,2011-08-08,2011-06-30,-1819917.0,0.0,-1770165.0,-0.3,0.0,0.0,13289834.0,10625775.0,7048556.0,2159704.0,2720582.0,0.0,-111095229.0,36602667.192,32847237.192,1.4793716839256723,3.263667613710027,0.042203536929054195,0.052784667471313856,-0.15823901930273515,1.4793716839256723,-0.17127381296893637,0.0,-5.0280682020114105,3.4447056513054344,0.0,0.0,0.0,0.0,3.1689129621466647,-0.1369405366538062,-35.61308636127914,0.0,-1.7499999999999998,0.7844385619482298,-1.0,-0.8670613023501018,-1.0,-1.6264263466285194,0.022881755425260733,0.8686463953011776,-1.0,-0.5608034588008001,Biotechnology,Healthcare,ARWR
2011Q2,2011,Q2,2011-05-12,2011-03-31,2905237.0,296139.0,-1811618.0,0.4,296139.0,1.0,15236725.0,12085101.0,8581382.0,2494934.0,3014650.0,0.0,-109275312.0,53855017.5,49585134.5,1.6830048843638385,3.4395226486953163,0.03410942968387235,0.043004688169341734,-0.14372426033634603,1.6830048843638385,0.24039823912104666,181.8572275181587,4.634305006786021,4.456315052724839,0.0,0.0,0.0,0.019435869584835324,3.3308776905521347,0.19067332382779106,-41.889004480189165,1.0,3.0000000000000004,1.418736284947776,1.306057705777408,-0.8686592683991131,-0.9407125449627415,3.020778586641552,-0.794894963623916,1.2753316584244263,-0.780988870798729,-0.6578681091107259,Biotechnology,Healthcare,ARWR
2011Q1,2011,Q1,2011-02-10,2010-12-31,-1437682.0,4994969.0,-1009317.0,-0.2,4994969.0,1.0,15189763.0,8048966.0,11040539.0,7901951.0,7901951.0,0.0,-112180549.0,64242571.949999996,59275767.949999996,1.1213474727641255,1.3971915290287171,0.032916905945142134,0.06211978035439583,-0.2962798507041785,1.1213474727641255,-0.178616980118937,12.861455586611248,-11.171206836769187,7.9814689178709415,0.0,0.0,0.0,0.3288378495438013,1.3717733759675301,-0.09464808634604767,-45.125668938079016,1.0,0.2836676217765043,0.8213036705184555,6.7131579199380464,-0.8654853528845429,26.64324770053239,0.2826317570028731,0.5701855244431839,0.8521817873482713,5.672024733229598,-0.8177880462282965,Biotechnology,Healthcare,ARWR
2010Q4,2010,Q4,2010-12-22,2010-09-30,-2004106.0,180694.0,-2348262.0,-0.2792,180694.0,1.0,12354542.0,9045702.0,8131775.0,4276246.0,4276246.0,0.0,-110742867.0,75368380.5,69021218.5,1.2602084636806015,1.90161534205469,0.04047094582704887,0.05527486976687934,,1.2602084636806015,-0.221553396298043,417.10505329452,-9.40174577841691,8.331954833356217,0.0,0.0,0.0,0.014625714170545537,1.8188488220743146,-0.1622161307153272,-29.92781372960511,1.0,-3.8592711269218847,0.7100288460358168,-0.6649443863002903,-0.8650087008763657,0.34856332562131503,-4.401102262467829,-0.08509414267026291,0.8575848074463024,-0.8317810444085324,-0.8149448884582883,Biotechnology,Healthcare,ARWR
2010Q3,2010,Q3,2010-08-12,2010-06-30,-371055.0,133990.0,-2164109.0,-0.05745717674676445,133990.0,1.0,14596070.0,10113115.0,10125876.0,5140251.0,5140251.0,0.0,-108738761.0,71037340.0,62628740.0,1.5659970516914061,1.9699185895786022,0.03938354639296742,0.056841536954736496,,1.5659970516914061,-0.03669047568429707,530.1689678334204,-47.861732088234895,7.024278869566895,0.0,0.0,0.0,0.009179868279612253,1.8909434578194722,-0.025421568956575297,-39.95079075046074,1.0,0.8084760775107851,0.9644997313979725,-0.7754022471516105,-0.896761279865628,-0.14843720208966227,0.7998581414917258,-0.016271738502596198,0.983228021068146,-0.8786222066835493,-0.8280772540880091,Biotechnology,Healthcare,ARWR
2010Q2,2010,Q2,2010-05-13,2010-03-31,-1853960.0,157346.0,-2129459.0,-0.3,157346.0,1.0,7758203.0,5877779.0,2990470.0,2279634.0,2279634.0,0.0,-108367706.0,71731684.2,69935059.2,0.9341294763576735,1.3118202307914342,0.10265508649361199,0.1354965880819949,,0.9341294763576735,-0.3154184599318892,455.88501900270745,-9.67276589031047,12.203875681613752,0.0,0.0,0.0,0.020281242963093388,1.2130732389497612,-0.23896770940384005,-40.42100659636406,1.0,0.0,-1.6559814871142586,-0.5389411299559717,-0.8925659675934003,0.06266039927600832,-0.20003081051726068,0.01423884070959505,0.8366289713965295,0.0,-0.8693568704039782,Biotechnology,Healthcare,ARWR
2010Q1,2010,Q1,2010-02-11,2009-12-31,-1544927.0,148068.0,-2160218.0,-0.3,148068.0,1.0,9129264.0,6671280.0,4148395.0,2579789.0,2579789.0,0.0,-106513746.0,31084012.4,28288036.4,1.1374909887759534,1.6080365487254966,0.11102976099716254,0.15193785900157092,,1.1374909887759534,-0.23157879747214927,209.93065618499608,-5.030013133306622,4.659377570721061,0.0,0.0,0.0,0.01621905117433344,1.5282168425402232,-0.16922799033963745,-19.0278049228396,1.0,0.49148232901093314,0.763932057414442,-0.7315428304565319,-0.8095402604523732,-0.2690995789380155,0.5534929197104763,0.38523127343035646,0.757118757002479,6.780004800074312,-0.8710945866693147,Biotechnology,Healthcare,ARWR
2009Q4,2009,Q4,2009-12-22,2009-09-30,-3460028.0,202583.0,-3513871.0,-0.58995,202583.0,1.0,7702174.0,4857936.0,2483555.0,2344238.0,2844238.0,0.0,-104968819.0,39001638.2,38207948.2,0.82830557614885,1.0594295459761338,0.15924516896138674,0.2524804773055882,,0.82830557614885,-0.7122424008879491,192.5217723106085,-2.818014637453801,8.028438044469915,0.0,0.0,0.0,0.026302054458909912,0.9245993794145475,-0.44922745188566243,-16.145695200293428,1.0,0.016750000000000008,0.4499940645439092,-0.7010720882720802,-0.8792896750929621,-0.9230655884818079,-0.3683479941802179,-0.5121488449753847,0.7703125808132784,2.00970740118804,-0.9076898510690498,Biotechnology,Healthcare,ARWR
2009Q3,2009,Q3,2009-08-10,2009-06-30,-2528617.0,2633191.0,-2323760.0,-0.6,2633191.0,1.0,8198650.0,3714023.0,2754753.0,3409782.0,4484627.0,0.0,-101344831.0,19067018.832,18518234.832,0.856676824936384,0.8078971030992598,0.165929878699542,0.3662877155041851,,0.856676824936384,-0.6808296556052561,7.24103144511735,-1.8851232543323087,5.1337912640821015,0.0,0.0,0.0,0.32117372982137304,0.6759907231606009,-0.30841870307916547,-12.745171573355686,1.0,0.5,-0.24164412951151698,21.18210836549479,-0.8927035836839338,10.17416083174199,0.5219354093440712,0.5545213658205916,0.503798255215784,7.339930488100029,-0.923017654960324,Biotechnology,Healthcare,ARWR
2009Q2,2009,Q2,2009-05-15,2009-03-31,-5289279.0,235650.0,-5216322.0,-1.2,235650.0,1.0,10167700.0,406071.0,4177568.0,4448743.0,9761629.0,0.0,-98816214.0,24039032.149,23841579.149,0.09457916254313838,0.9390445795587653,0.3304471020978196,8.274136788886672,,0.09457916254313838,-13.02550292929069,102.01159409717802,-1.1362149807658095,59.19908624107607,0.0,0.0,0.0,0.023176332897312076,0.8375700731644872,-0.5202040776183404,-6.117578834818976,1.0,0.3684210526315789,-1.3250301010553986,0.0,-0.9999346303570588,0.0,0.341348598861237,0.39867275811064407,-0.27501091356393165,2.0690248605426587,-0.9926190966419505,Biotechnology,Healthcare,ARWR
2009Q1,2009,Q1,2009-02-09,2008-12-31,-8030468.0,701723.0,-8674681.0,-1.9,0.0,0.0,15390124.0,5000075.0,9020926.0,4859962.0,10390049.0,0.0,-93526935.0,39499749.199999996,35206148.199999996,1.1645818247372568,1.8561721264487254,0.21723288259405837,0.6686381704274436,,1.1645818247372568,-1.6060695089573656,56.289660165050876,-1.2296839113237235,7.899831342529861,0.0,0.0,0.0,0.04559566901475258,1.779024403894516,-0.5217935865883861,-5.283106657639407,0.0,0.05782943737541042,0.9279930942189899,0.0,-0.9956187190869409,0.0,0.07250990641442716,0.24952956534008894,-0.6687336591669933,0.8115841442741102,-0.8602990446792944,Biotechnology,Healthcare,ARWR
2008Q4,2008,Q4,2008-12-15,2008-09-30,-8658279.0,-59798.0,-11558991.0,-2.01662,0.0,0.0,17255442.0,12302609.0,10561117.0,3726299.0,4952833.0,0.0,-85496467.0,44651890.4,36095295.4,2.865435986110008,2.8342108349329993,0.04696813909490119,0.06587675833638214,,2.865435986110008,-0.7037758413682821,-746.7121040837486,-1.2892830780805284,3.62946513215205,0.0,0.0,0.0,-0.003465457448148822,2.7319825918424687,-0.5017709195742421,-5.217029814209162,0.0,-0.061378947368421144,-1.1478531068527404,0.0,-0.9839993065754118,-1.0,-0.154104510139877,-0.1679780958718879,-1.09439724681454,-1.1853758686766636,-0.693059571119784,Biotechnology,Healthcare,ARWR
2008Q3,2008,Q3,2008-08-11,2008-06-30,-7502162.0,235372.0,-9896582.0,-1.9,74630.0,0.31707254898628556,19126157.0,13100219.0,14541167.0,2555455.0,3055455.0,0.0,-76838188.0,96841055.1,83017575.1,3.368359140275414,5.690245768366103,0.0,0.0,,3.368359140275414,-0.5726745484178547,411.4382980983294,-3.227104903226563,7.392323372609267,0.0,0.0,0.0,0.012306288189519725,5.470977184102244,-0.39224617888475977,-12.402487732121477,0.31707254898628556,-0.2666666666666666,0.7029214908993364,1.4093738969707226,1.0158254417058385,-0.7771899602626071,-0.3173671137692796,-0.39926723768003936,-0.19182812336265587,-0.34487879405292804,-0.7779401396577638,Biotechnology,Healthcare,ARWR
2008Q2,2008,Q2,2008-05-12,2008-03-31,-5694815.0,729766.0,-7072689.0,-1.5,334949.0,0.45898137211106027,24821967.0,19063864.0,20546627.0,2293532.0,2793532.0,0.0,-69336026.0,109674470.9,90152169.9,4.919169855780904,8.958508972187875,0.0,0.0,,4.919169855780904,-0.2987230185863684,150.28717547816697,-4.814663465801787,5.753003215927265,0.0,0.0,0.0,0.02940000685682968,8.727596126847152,-0.22942641894576687,-18.582543812148256,0.45898137211106027,-0.0714285714285715,0.8868473737193778,0.7360751357612171,1.0233354678841124,3.427321393166347,-0.08808958888939415,-0.027242214844963555,-4.27158273470163,2.47193322890486,-0.4342473210885182,Biotechnology,Healthcare,ARWR
2008Q1,2008,Q1,2008-02-11,2007-12-31,-5233774.0,402861.0,-6885123.0,-1.4,75655.0,0.18779430126023616,30663734.0,23770773.0,26208115.0,2283394.0,2783394.0,0.0,-63641211.0,146006355.6,120582038.6,6.154082921305379,11.477701614351268,0.0,0.0,,6.154082921305379,-0.22017685331478282,362.42365381608045,-6.974238646911387,6.142263678173191,0.0,0.0,0.0,0.013138028134473121,11.311016845975772,-0.1706828659549421,-24.335593155929025,0.18779430126023616,0.285892812511158,0.7913348258267986,-0.5383375288675293,1.0267832236722416,-0.624617323522261,0.30885284955345527,0.40858101406315106,-0.21429794520041248,0.10904780337259164,0.03043016772169434,Biotechnology,Healthcare,ARWR
2007Q4,2007,Q4,2007-12-14,2007-09-30,-7572590.0,578028.0,-11641701.0,-1.96049,201541.0,0.3486699606247448,29852952.0,26303968.0,25305428.0,2896375.0,3396375.0,0.0,-58407437.0,193130100.0,169010003.0,6.809908968099742,8.736930818695784,0.0,0.0,,6.809908968099742,-0.2878877437807102,334.1189354148934,-6.375959216067422,7.342242052605903,0.0,0.0,0.0,0.01936250726561313,8.422998057917225,-0.2536630213320277,-28.866714855058166,0.3486699606247448,0.423385294117647,0.8392889793062168,10.677534493558394,1.0304993856140965,-0.26711830631495503,0.3931027153732448,0.13104073569494493,-0.8277359304654859,0.2950710322400379,-0.007580839973785882,Biotechnology,Healthcare,ARWR
2007Q3,2007,Q3,2007-08-09,2007-06-30,-12477548.0,622599.0,-13397292.0,-3.4,274998.0,0.44169361017284,36716378.0,33176218.0,32105698.0,2940122.0,2940122.0,0.0,-50834846.0,182840749.20000002,179419471.20000002,9.108725220646821,10.919852305448549,0.0,0.0,,9.108725220646821,-0.3760991683862217,293.6733743549219,-3.6633950276127973,5.511199293421571,0.0,0.0,0.0,0.016956983066249074,10.605728605819758,-0.33983602630956683,-30.231925271696,0.44169361017284,-0.8888888888888888,0.7362298405362153,3.2937145132731587,1.0421398772452364,0.0,-1.021045354658688,-0.5880082564672855,-6.292923043798851,5.242911448798883,0.14084278333985384,Biotechnology,Healthcare,ARWR
2007Q2,2007,Q2,2007-05-10,2007-03-31,-6173809.0,0.0,-8436538.0,-1.8,0.0,0.0,26904512.0,24476795.0,22494196.0,1146210.0,1146210.0,0.0,-38357298.0,153051897.94,131460196.94,7.150238051141413,19.624847104806275,0.0,0.0,,7.150238051141413,-0.2522311029691592,0.0,-6.197628479436276,6.25293866864514,0.0,0.0,0.0,0.0,18.839393304891775,-0.22947113852130083,-22.91493490846791,0.0,-0.6363636363636362,-0.7301498147818694,-1.0,1.0505439299865789,0.0,-0.6653698103944519,-0.8858330129380102,-1.475831027524448,0.0,-0.9950580181111758,Biotechnology,Healthcare,ARWR
2007Q1,2007,Q1,2007-02-09,2006-12-31,-3707170.0,11092.0,-4473640.0,-1.1,0.0,0.0,34393825.0,30162444.0,28806894.0,1015244.0,1015244.0,0.0,-32183489.0,,,,,,,,,,,,,,,,,,,,,,,,,,,,,,,Biotechnology,Healthcare,ARWR
