Quarters,Year,Quarter,FillingDate,Date,NetIncome,Revenue,OperatingIncome,EPSDiluted,GrossProfit,GrossProfitRatio,TotalAssets,CommonStockEquity,CurrentAssets,CurrentLiability,TotalLiability,Inventory,RetainedEarnings,MarketCap,EnterpriseValue,bookValuePerShare,currentRatio,debtToAssets,debtToEquity,roic,shareholdersEquityPerShare,roe,priceToSalesRatio,peRatio,pbRatio,payoutRatio,inventoryTurnover,dividendYield,assetTurnover,quickRatio,returnOnAssets,priceToFreeCashFlowsRatio,grossProfitMargin,epsdilutedGrowth,fiveYNetIncomeGrowthPerShare,fiveYRevenueGrowthPerShare,fiveYShareholdersEquityGrowthPerShare,grossProfitGrowth,netIncomeGrowth,operatingIncomeGrowth,threeYNetIncomeGrowthPerShare,threeYRevenueGrowthPerShare,threeYShareholdersEquityGrowthPerShare,Industry,Sector,Symbol
2023Q1,2023,Q1,2023-03-31,2023-03-31,57366000.0,66573000.0,176981000.0,0.17,80797000.0,1.2136601926,14203761000.0,2649387000.0,305414000.0,50155000.0,11554374000.0,0.0,-1898864000.0,1308449656.8,11856349656.8,11.42003637842981,6.0894028511614,0.75897447162058,4.0689759555700995,0.01317834923679114,11.42003637842981,0.02165255585537334,19.65435922671353,5.702200156887354,0.4938688295820882,1.2773071157131402,0.0,0.056000626099136294,0.004686998042279083,6.0894028511614,0.00403878944457035,42.98313645412437,1.2136601925705617,-0.055555555555555455,-0.8059602527630967,-0.7797496834362905,-0.41650360923827456,-0.37537108046261364,-0.4098148148148148,0.18789558820568236,1.1247310115859641,-0.660730192085514,-0.34159822289070774,REIT—Mortgage,Real Estate,CIM
2022Q4,2022,Q4,2023-02-17,2022-12-31,97200000.0,76562000.0,148987000.0,0.18,129352000.0,1.6895065437,13401991000.0,2666803000.0,11685604000.0,47312000.0,10735188000.0,0.0,-1883620000.0,1286663097.5,11636112097.5,11.399578124606935,246.9902773080825,0.7919755355752739,3.980064894182285,0.011250706071130745,11.399578124606935,0.03644813658901689,16.80550530942243,3.309318666409465,0.48247399507950156,0.7407716049382717,0.0,0.055961036062899906,0.0057127332797044855,246.9902773080825,0.007252653728837753,48.6727103272177,1.6895065437162038,1.2249999999999999,-0.275823853667091,-0.4517670521897892,-0.41181793467032735,0.2160228629445442,1.522173574364071,2.230128390372786,-0.4037278720562285,-0.578640422108111,-0.4607196673118409,REIT—Mortgage,Real Estate,CIM
2022Q3,2022,Q3,2022-11-03,2022-09-30,-186145000.0,106373000.0,-121115000.0,-0.8,106373000.0,1.0,13669320000.0,2653704000.0,11862863000.0,52427000.0,11015616000.0,0.0,-1908132000.0,1209737202.84,11378712202.84,11.450697595709233,226.27392374158353,0.7502354908656759,3.8644886543487895,-0.009382478807524597,11.450697595709233,-0.07014535155390353,11.372596456243595,-1.6247242779016358,0.45586742260628915,-0.5145343683687448,0.0,0.07917256721141576,0.007781879420483243,226.54321246685868,-0.013617722022748755,29.77374917772144,1.0,-0.15942028985507262,-2.08327978344967,-0.442774241120202,-0.4103248804986095,-0.05357047529227539,-0.1538366175531684,-0.46334243529951913,-2.4138396233486974,-0.33127376924400415,-0.46356246066770557,REIT—Mortgage,Real Estate,CIM
2022Q2,2022,Q2,2022-08-04,2022-06-30,-161327000.0,112394000.0,-82766000.0,-0.69,112394000.0,1.0,14032754000.0,2972999000.0,12123077000.0,49670000.0,11059755000.0,0.0,-1648024000.0,2075438080.8,12829838080.8,12.634369303801396,244.07241795852627,0.7776702278113049,3.6706554559890536,-0.005963929418671551,12.634369303801396,-0.05426406130644511,18.465737324056445,-3.216197661891686,0.6980957883941434,-0.6020628908986096,0.0,0.046799276209946276,0.008009404283720786,244.07241795852627,-0.011496460352686293,16.909498939203832,1.0,0.37837837837837845,-2.1193136169839937,-0.4926135395965904,-0.33668381855821894,-0.1837881802733439,0.3861085108488017,0.5828137365102247,-3.18363921072379,0.13633439584499907,-0.40423532502174936,REIT—Mortgage,Real Estate,CIM
2022Q1,2022,Q1,2022-05-05,2022-03-31,-262794000.0,137702000.0,-198391000.0,-1.11,137702000.0,1.0,15241179000.0,3336728000.0,238146000.0,39332000.0,11904451000.0,0.0,-1390453000.0,2853632932.08,14206667932.08,14.07826657324045,6.054764568290451,0.755765876117589,3.4521132678480235,-0.013351168870307323,14.07826657324045,-0.0787579928600713,20.723249713729647,-2.7147051797986252,0.8552189246711149,-0.3675921063646811,0.0,0.033851936215772496,0.009034865347359282,6.054764568290451,-0.01724236687988508,20.995253991965743,1.0,-15.76063829787234,-2.2787271022038307,-0.41278723242223203,-0.247353727867412,2.6837430780342957,-15.818653434081426,-3.3733251985835966,-2.755997204436005,-0.21451981962380057,-0.33364506406235006,REIT—Mortgage,Real Estate,CIM
2021Q4,2021,Q4,2022-02-17,2021-12-31,17734000.0,37381000.0,83592000.0,0.0752,37381000.0,1.0,15407403000.0,3736191000.0,455254000.0,31990000.0,11671212000.0,0.0,-1030650000.0,3557180423.68,10985481423.68,15.838881802265435,14.231134729603001,0.5071615248851478,2.0914460743575476,0.007552845791080834,15.838881802265435,0.004746545345246001,95.16011941039565,50.14633505808052,0.9520874130043138,5.461430021427766,0.0,0.027227463458207986,0.0024261713671019057,14.231134729603001,0.001151005136946181,32.606563364438,1.0,-0.9421538461538462,-0.9363863943298941,-0.8745824694904686,-0.047893480376628446,0.0,-0.9464986062002969,0.0,1.1368422421439268,1.3305242740869954,-0.19984101786615197,REIT—Mortgage,Real Estate,CIM
2021Q3,2021,Q3,2021-11-03,2021-09-30,331468000.0,379453000.0,0.0,1.3,0.0,0.0,16004224000.0,3848548000.0,0.0,0.0,12155676000.0,0.0,-950634000.0,3502926345.6,15002655345.6,16.31519825467837,0.0,0.7390663864739708,3.0734147008170356,0.0,16.31519825467837,0.0861280670008533,9.231515749249578,2.641979275224154,0.9101942721254872,0.3001858399604185,0.0,0.028405393143645093,0.02370955317796102,0.0,0.020711282221493526,23.25995754022271,0.0,1.1666666666666667,0.5264540325792557,0.6401755232669838,0.008577560023439377,0.0,1.0295491700393704,0.0,0.6703508517584165,0.8377144190014321,-0.22031394874823648,REIT—Mortgage,Real Estate,CIM
2021Q2,2021,Q2,2021-08-04,2021-06-30,163321000.0,206611000.0,0.0,0.6,0.0,0.0,15860059000.0,3627431000.0,0.0,0.0,12232628000.0,0.0,-1184396000.0,3488468912.52,15187565912.52,15.659910473600014,0.0,0.7595210080870444,3.3208207130611167,0.0,15.659910473600014,0.0450238750233981,16.88423613708854,5.339896450119703,0.9616913216323068,0.5374140496323192,0.0,0.02516032167722429,0.013027126822163776,0.0,0.010297628779312864,25.40986038488433,0.0,0.111111111111111,0.7856192430860021,0.7023172885442428,-0.007846121896820355,0.0,0.03635994441306927,0.0,0.11630334760938471,0.24099620018717216,-0.19775150270486924,REIT—Mortgage,Real Estate,CIM
2021Q1,2021,Q1,2021-05-06,2021-03-31,157591000.0,433588000.0,0.0,0.54,0.0,0.0,16699262000.0,3566498000.0,0.0,0.0,13132764000.0,0.0,-1250250000.0,2928203833.7,15550137833.7,15.468364626367917,0.0,0.7748499903768202,3.6280471768104174,0.0,15.468364626367917,0.04418648208971378,6.7534245267396695,4.6452586659453905,0.8210305553795347,0.5601969655627542,0.0,0.03014885746135003,0.025964500706677936,0.0,0.009437003862805434,23.96219207453294,0.0,-0.1486487522667844,0.5440516866775432,2.7309934307819717,-0.003384049881413421,0.0,0.070336536828879,0.0,-0.46365050911633415,0.4433644252580321,-0.20965795279603017,REIT—Mortgage,Real Estate,CIM
2020Q4,2020,Q4,2021-02-18,2020-12-31,147235000.0,167816000.0,0.0,0.6342857914847593,0.0,0.0,17523019000.0,3779386000.0,0.0,0.0,13743633000.0,0.0,-1319417000.0,2379304046.0,15623794046.0,16.281528443212675,0.0,0.7711901699130727,3.575601962858517,0.0,16.281528443212675,0.038957386199768955,14.178052426467083,4.039976985771046,0.6295477746914446,0.5898597480218698,0.0,0.036501429964785594,0.009576888548714123,0.0,0.00840237632567767,30.790087945648658,0.0,-0.5194804609963946,0.03198414818674857,0.08284765564683665,0.037416841296834445,0.0,-0.5991740374432729,0.0,0.1055161445677687,0.21104785750998062,-0.1599247865339012,REIT—Mortgage,Real Estate,CIM
2020Q3,2020,Q3,2020-11-05,2020-09-30,367329000.0,440257000.0,0.0,1.32,0.0,0.0,18093868000.0,3696542000.0,0.0,0.0,14397326000.0,0.0,-1378952000.0,1903443236.8,15223757236.8,15.924637947679933,0.0,0.7541798691136687,3.691566604680807,0.0,15.924637947679933,0.09937097968858463,4.323482049802728,1.2954621312229635,0.5149253645163506,0.2344192808082128,0.0,0.045238543674548104,0.0243318344093148,0.0,0.020301297655095085,11.711983293235951,0.0,5.78670335365299,7.485604293842503,36.79126912644923,0.009934543306471933,0.0,7.684177963788554,0.0,1.1342187717226164,1.3025045786487484,-0.17993094251888478,REIT—Mortgage,Real Estate,CIM
2020Q2,2020,Q2,2020-08-06,2020-06-30,-54955000.0,-38348000.0,0.0,-0.27576390314487265,0.0,0.0,18448151000.0,3395879000.0,0.0,0.0,15052272000.0,0.0,-1659366000.0,1915107611.8999999,16282880611.9,17.040503096127868,0.0,0.7952193149329708,4.320037904766336,0.0,17.040503096127868,-0.01618284986008041,-49.94022144310003,-8.712162732690384,0.5639504858388653,-2.026512601219179,0.0,0.05815182358839436,-0.0020786907045589557,0.0,-0.002978889320669589,4.3766885570308744,0.0,0.8674212004111189,-1.487724965168509,-1.2924529498555002,0.017913492574786593,0.0,0.8517754312146836,0.0,-1.4502185062102622,-1.2044136373195513,-0.10535768175072298,REIT—Mortgage,Real Estate,CIM
2020Q1,2020,Q1,2020-05-07,2020-03-31,-370755000.0,158183000.0,0.0,-2.08,0.0,0.0,19148520000.0,3243854000.0,261491000.0,8005130000.0,15998009000.0,0.0,-1515923000.0,1701869278.2,9433257278.2,17.345087415421915,0.0326654282941064,0.41741497515212667,2.4640070114129675,0.0,17.345087415421915,-0.11429460142164229,10.758863330446381,-1.1475700113282357,0.5246442281927608,-0.30222384054159757,0.0,0.06583995694340986,0.00826084731352606,0.044325826064036435,-0.01936207080233877,-4.057257203138298,0.0,-3.9849958728648383,-7.077593033162147,0.9889029051362436,0.011835007001040166,0.0,-3.8450022253257417,0.0,-3.28631600409249,-0.145126480404762,-0.07270434786018441,REIT—Mortgage,Real Estate,CIM
2019Q4,2019,Q4,2020-02-24,2019-12-31,130318000.0,145259000.0,0.0,0.6968183838739207,0.0,0.0,15046830000.0,3953293000.0,109878000.0,14852213000.0,23165378000.0,0.0,-1033251000.0,3845102457.12,12048389457.119999,21.13850150585555,0.0073980894295011795,0.5524861382763014,2.1028456529784156,0.0,21.13850150585555,0.032964417259231736,26.470665894161463,7.376384031983302,0.972632804378527,0.8595589250909315,0.0,0.029132123590771757,0.009653794187878775,0.045281198162186335,0.008660827563014934,18.327204363712625,0.0,0.482592306114725,21.0738784938357,4.508454310349381,0.20424506011344953,0.0,0.22564565581325358,0.0,-0.41038644352795906,-0.38529021571893646,0.27067714438748386,REIT—Mortgage,Real Estate,CIM
2019Q3,2019,Q3,2019-10-31,2019-09-30,106326000.0,128461000.0,0.0,0.47,0.0,0.0,14241531000.0,3995044000.0,160894000.0,16697296000.0,24637245000.0,0.0,-1050991000.0,3660813746.52,11439868746.52,21.34581709170084,0.009635931470580625,0.5575207468916088,1.9874497001785212,0.0,21.34581709170084,0.02661447533493999,28.497471968301664,8.607522493369448,0.9163387803788893,1.053524067490548,0.0,0.03059893448730745,0.009020167845718272,0.01715816740626746,0.007465910792877535,1600.705617192829,0.0,1.2380952380952381,-0.690899512372146,-0.6150821876565558,0.22109098949022085,0.0,0.8094962559564329,0.0,-0.3828689929928159,-0.3001589658069104,0.3195617842327391,REIT—Mortgage,Real Estate,CIM
2019Q2,2019,Q2,2019-08-01,2019-06-30,58760000.0,78667000.0,0.0,0.21,0.0,0.0,12662395000.0,3968950000.0,54034000.0,15642563000.0,23668780000.0,0.0,-1044385000.0,3527834181.9500003,11500017181.95,21.20697959183739,0.003454293263834066,0.6338624723048049,2.0222519810025323,0.0,21.20697959183739,0.01480492321646783,44.84515974868751,15.009505539269911,0.8888583081041587,1.9568924438393465,0.0,0.03259421902206335,0.006212647765292427,0.016013104757832845,0.004640512320141648,-41.563587525035935,0.0,-0.6111111111111112,-0.3843399583576223,0.28019715908985227,0.26625354154097164,0.0,-0.5026534740619737,0.0,-0.2048634993279374,-0.19778138648617982,0.34359561508141157,REIT—Mortgage,Real Estate,CIM
2019Q1,2019,Q1,2019-05-02,2019-03-31,118147000.0,138400000.0,0.0,0.54,0.0,0.0,14439070000.0,3953177000.0,122850000.0,17106787000.0,25384726000.0,0.0,-990117000.0,3545781003.2999997,11700870003.3,21.127278892937827,0.007181360240236813,0.5733013968351147,2.0939965501165267,0.0,21.127278892937827,0.029886595009532838,25.619804937138728,7.502901053983597,0.8969446607880193,0.9136076244001117,0.0,0.030441812367865362,0.009585104857861345,0.09704183491616515,0.008182452193943238,-57.028129878088,0.0,1.9829055541936613,0.2925168406753197,0.35503173569375673,0.2879701887309007,0.0,2.1493122434288603,0.0,0.4264219411907254,0.46750033701316696,0.36121585157186986,REIT—Mortgage,Real Estate,CIM
2018Q4,2018,Q4,2019-02-21,2018-12-31,-102798000.0,-89711000.0,0.0,-0.5493915439749403,0.0,0.0,12910117000.0,3703829000.0,47486000.0,15389479000.0,24004810000.0,0.0,-997259000.0,3334343930.28,11902188930.28,19.794668504534712,0.0030856145292507955,0.6673317522993788,2.326060679367217,0.0,19.794668504534712,-0.027754521064552385,-37.16761523425221,-8.108970822097707,0.9002424059750058,-1.0554680052141092,0.0,0.03254013451182546,-0.006948891322983363,0.01110680874901613,-0.007962592438163031,-17.352005007727975,0.0,-1.6954323341454938,-2.560950315652188,-2.218733549355206,0.22072710765107278,0.0,-1.6534283407809511,0.0,-1.893861051503003,-1.7181300106465809,0.26126503086710823,REIT—Mortgage,Real Estate,CIM
2018Q3,2018,Q3,2018-11-01,2018-09-30,157321000.0,163694000.0,0.0,0.79,0.0,0.0,25053177000.0,3913181000.0,121046000.0,12272000000.0,21266745000.0,0.0,-786785000.0,3371732189.3100004,12245283189.310001,20.925343256410436,0.009863591916558018,0.35902021528048117,2.2985384524763868,0.0,20.925343256410436,0.04020284264898557,20.5977750516818,5.358045317074644,0.8616346111539436,0.6540957659816553,0.0,0.030519327817983766,0.006533861952917189,0.01921805736636245,0.006279483037221188,18.351860038589866,0.0,0.36206896551724155,1.5652750282347638,1.3532984263974521,0.20499395163634215,0.0,0.3320096860500559,0.0,4.447868245996446,17.51856520513558,0.3270773913119289,REIT—Mortgage,Real Estate,CIM
2018Q2,2018,Q2,2018-08-02,2018-06-30,118108000.0,134401000.0,0.0,0.58,0.0,0.0,23142960000.0,3650142000.0,90671000.0,10093000000.0,19612613000.0,0.0,-840198000.0,3418263902.0400004,12847702902.04,19.52002468860849,0.008983552957495294,0.41136094950689106,2.6081478473988136,0.0,19.52002468860849,0.03235709734032265,25.433321939866524,7.235462250736614,0.9364742253972587,0.871109493006401,0.0,0.030098612321476648,0.005807424806507032,0.01957277320915486,0.005103409416945801,31.786567557886517,0.0,-0.5245901639344263,-0.09402954227255739,-0.014977404012491011,0.10525233425195454,0.0,-0.5058387411247369,0.0,0.117088258357651,0.09233584453186389,0.16602757523294853,REIT—Mortgage,Real Estate,CIM
2018Q1,2018,Q1,2018-05-03,2018-03-31,239007000.0,244359000.0,0.0,1.22,0.0,0.0,21218729000.0,3670743000.0,100752000.0,8144000000.0,17659985000.0,0.0,-854950000.0,3265302622.21,12680671622.21,19.571734391572708,0.0123713163064833,0.44847742765365445,2.592423659188344,0.0,19.571734391572708,0.06511134121893034,13.36272706227313,3.415488481728569,0.8895481438526206,0.43222583438978773,0.0,0.031637190163428655,0.01151619401897258,0.024486861493123773,0.011263964019711076,16.451710628936205,0.0,1.1263753886328152,2.2800622354024327,1.9844936073162132,0.10028223353309981,0.0,1.2210895100736006,0.0,2.906747652627073,2.0636719034678506,0.14172765641479804,REIT—Mortgage,Real Estate,CIM
2017Q4,2017,Q4,2018-02-20,2017-12-31,107608000.0,111962000.0,0.0,0.5737462945263005,0.0,0.0,21107288000.0,3634977000.0,63569000.0,7993000000.0,17587093000.0,0.0,-990682000.0,3465984632.88,12996852632.880001,19.381036581279535,0.007953083948454898,0.454555649214622,2.6394766734425006,0.0,19.381036581279535,0.029603488550271433,30.956794563155356,8.052339586461972,0.9535093710028977,0.9603282283845067,0.0,0.02981519277947065,0.0053044237611198555,0.02056274239959965,0.005098144299731922,19.46198345151328,0.0,-0.1684836311213035,0.49772613248904646,-0.6831071580712597,0.12376157936502401,0.0,-0.22713169386347967,0.0,17.175189238338955,3.2336747404847284,0.10412356128549063,REIT—Mortgage,Real Estate,CIM
2017Q3,2017,Q3,2017-11-02,2017-09-30,139232000.0,154678000.0,0.0,0.69,0.0,0.0,21073202000.0,3646431000.0,38055000.0,7625000000.0,17540953000.0,0.0,-994585000.0,3552793702.4800005,13430913702.48,19.41865481011232,0.004990819672131147,0.47055853211106696,2.7194193445591046,0.0,19.41865481011232,0.0381830891630748,22.968965867673493,6.379269317541945,0.9743208365878855,0.7418481383589979,0.0,0.029072614018624245,0.007340033090367567,0.019503081967213114,0.00660706427053658,28.209088907697808,0.0,0.23214285714285693,0.18900261175439761,0.0,0.1666922206148463,0.0,0.2105340949598755,0.0,-0.5965783505965631,-0.5380604114268859,0.11084735312700617,REIT—Mortgage,Real Estate,CIM
2017Q2,2017,Q2,2017-08-03,2017-06-30,115017000.0,176771000.0,0.0,0.56,0.0,0.0,20720390000.0,3576687000.0,168743000.0,7466000000.0,17241782000.0,0.0,-1030342000.0,3498330333.7799997,13105682333.779999,19.047280403049097,0.022601526922046613,0.47181037615604726,2.733282224583812,0.0,19.047280403049097,0.03215741271181963,19.790182404240515,7.603941882026135,0.9780923893480195,0.9187337524018189,0.0,0.030205838190763976,0.00853125834021464,0.03573828020358961,0.005550909032117639,28.652292735060932,0.0,-0.33333333333333326,2.0844388318299547,0.0,0.2297825127610167,0.0,-0.29353774714846415,0.0,0.20107482568521498,1.8671085629289994,0.1372994519393133,REIT—Mortgage,Real Estate,CIM
2017Q1,2017,Q1,2017-05-04,2017-03-31,162807000.0,185772000.0,0.0,0.84,0.0,0.0,20326981000.0,3512088000.0,82556000.0,6500000000.0,16914562000.0,0.0,-1041886000.0,3789032074.64,14121158074.64,18.70502398603575,0.012700923076923077,0.5123575409452097,2.965381846924109,0.0,18.70502398603575,0.04635618469696659,20.396141908576105,5.818288026067675,1.078854537426169,0.6105695701044795,0.0,0.026234932310369684,0.00913918303952761,0.028034615384615384,0.008009403855889864,61.952780814911705,0.0,-0.2892331791204186,1.219283292889311,0.0,0.2114841342816861,0.0,-0.26630794813903497,0.0,0.7749338033116403,0.8125467137893057,0.14030365176669832,REIT—Mortgage,Real Estate,CIM
2016Q4,2016,Q4,2017-02-21,2016-12-31,221901000.0,237244000.0,0.0,1.181822188830496,0.0,0.0,16605211000.0,3123533000.0,177714000.0,6286000000.0,13561375000.0,0.0,-1105287000.0,3195704950.96,10293211950.96,16.63561951926438,0.02827139675469297,0.43812878981182474,2.32916412280581,0.0,16.63561951926438,0.0710416698014716,13.470119164067373,3.6003724081459745,1.023105871127342,0.4060684719762417,0.0,0.028196282630200756,0.014287322214695135,0.04094988864142539,0.013363335160269869,11.057266952327568,0.0,0.28458933568532174,2.0340877077097232,0.0,0.12092905747369942,0.0,0.2840229838499685,0.0,2.357834205733369,2.2118398446338685,0.02591016844172612,REIT—Mortgage,Real Estate,CIM
2016Q3,2016,Q3,2016-11-03,2016-09-30,172817000.0,184118000.0,0.0,0.92,0.0,0.0,17084373000.0,3036800000.0,156608000.0,6560000000.0,14131901000.0,0.0,-1230723000.0,2994289751.75,10409858751.75,16.176443836703253,0.023873170731707315,0.443222411498508,2.4934724051633297,0.0,16.176443836703253,0.05690760010537408,16.26288440972637,4.331590283001672,0.9860016305815331,0.5213954645665646,0.0,0.03009261209518482,0.010776983152966749,0.036728048780487806,0.010115501458555137,20.007816270313253,0.0,1.358974358974359,1.8704925779741033,0.0,-0.009181463027747258,0.0,1.331363740607336,0.0,1.8071001399015625,1.6367241731481532,-0.06847325067220042,REIT—Mortgage,Real Estate,CIM
2016Q2,2016,Q2,2016-08-04,2016-06-30,74127000.0,98364000.0,0.0,0.39,0.0,0.0,17480595000.0,2963080000.0,67421000.0,6668000000.0,14627159000.0,0.0,-1313292000.0,2947357310.5,10838809310.5,15.783751713533546,0.010111127774445111,0.4552976028561957,2.6860135399651712,0.0,15.783751713533546,0.025016874333463827,29.9637805548778,9.940228629581663,0.9946938018885754,1.215548990246469,0.0,0.03057145452945245,0.005627039583034788,0.026554439112177565,0.0042405307142005175,442.08149250037496,0.0,-0.1136363636363636,-0.3116725066476696,0.0,-0.05704296444049001,0.0,-0.1079568702014489,0.0,-0.4336206564124483,-0.28191453676396555,-0.10630090366551533,REIT—Mortgage,Real Estate,CIM
2016Q1,2016,Q1,2016-05-04,2016-03-31,83098000.0,94618000.0,0.0,0.44,0.0,0.0,15241904000.0,2913635000.0,190453000.0,8284000000.0,12393322000.0,0.0,-1297177000.0,2551161984.48,6470109984.48,15.520888085854283,0.022990463544181553,0.2696120510928294,1.4104034994088142,0.0,15.520888085854283,0.028520387763051994,26.962755337039464,7.675160606994151,0.8755942266206989,2.213735589304195,0.0,0.07210714220386744,0.006207754621732298,0.030843312409464026,0.005451943536712999,23.71629622087943,0.0,-0.28411919154099496,-0.44339378089018183,0.0,-0.09999007823697545,0.0,-0.2797885248743283,0.0,0.1393787689908039,0.15457504284787557,-0.12744792730917706,REIT—Mortgage,Real Estate,CIM
2015Q4,2015,Q4,2016-02-25,2015-12-31,115380000.0,125331000.0,0.0,0.6146274558569852,0.0,0.0,15278399000.0,2946188000.0,114062000.0,8148000000.0,12398458000.0,0.0,-1196048000.0,2560548158.08,6696397158.08,15.69429740783827,0.013998772704958272,0.2781646820455468,1.442511815267729,0.0,15.69429740783827,0.03916247028363431,20.43028586766243,5.548076265557289,0.8691054875248966,0.7920090136938811,0.0,0.03568845198698462,0.00820315008136651,0.02212923416789396,0.007551838383066184,17.98630353875008,0.0,3.5609477327374384,-0.1918667675890175,0.0,-0.12468059830622293,0.0,3.390849375246068,0.0,0.6044436559582291,-0.6455896678754831,-0.09000489379952624,REIT—Mortgage,Real Estate,CIM
2015Q3,2015,Q3,2015-11-05,2015-09-30,-48259000.0,-10481000.0,0.0,-0.24,0.0,0.0,15869871000.0,3118717000.0,40097000.0,8028000000.0,12820928000.0,0.0,-1221331000.0,2644423661.46,7397474661.46,15.76799016651467,0.0049946437468858995,0.30202816393403575,1.5368973844051896,0.0,15.76799016651467,-0.015473991388125309,-252.30642700696498,-13.69912172579208,0.8479203664391479,-2.04442694626909,0.0,0.03730945288302564,-0.0006604338497773548,0.020870827105132037,-0.0030409194882554495,42.92129102692701,0.0,-1.4210526315789473,-1.3408589709610512,0.0,-0.040399742458100074,0.0,-1.4153562791017928,0.0,-1.391265266683425,0.0,-0.05264336577917395,REIT—Mortgage,Real Estate,CIM
2015Q2,2015,Q2,2015-08-07,2015-06-30,116187000.0,135211000.0,0.0,0.57,0.0,0.0,15680055000.0,3440065000.0,49548000.0,7422000000.0,12311574000.0,0.0,-1081704000.0,2817296540.19,7658237540.190001,16.740620121877296,0.006675828617623282,0.31189233711233794,1.4216269169332556,0.0,16.740620121877296,0.03377465251383331,20.836296900326158,6.06198744306592,0.8189660777310894,0.84916556929777,0.0,0.03502009766900369,0.008623120263289893,0.01632066828348154,0.0074098592128662814,17.7949503549141,0.0,0.7272727272727271,-0.3051696331466883,0.0,-0.12014059866235449,0.0,0.7330737906654137,0.0,1.8472428982256879,0.0,0.08085361495304447,REIT—Mortgage,Real Estate,CIM
2015Q1,2015,Q1,2015-05-11,2015-03-31,67041000.0,87404000.0,0.0,0.33,0.0,0.0,17266063000.0,3523195000.0,119517000.0,8947000000.0,13817464000.0,0.0,-1099231000.0,3226781373.2,7977060373.2,17.142209248947328,0.013358332401922432,0.28204437803800436,1.382210181383659,0.0,17.142209248947328,0.019028467059018873,36.918005734291334,12.032865609104874,0.9158679474738128,1.3794991124834057,0.0,0.028661067888923815,0.005062184703021181,0.12923147423717446,0.0038828191464377257,94.87742937959423,0.0,9.453771128236745,-0.6518297923911187,0.0,0.0014732627176360133,0.0,9.333076448828606,0.0,-0.1651328276734022,0.0,0.11026398828146217,REIT—Mortgage,Real Estate,CIM
2014Q4,2014,Q4,2015-03-02,2014-12-31,6488000.0,28980000.0,0.0,0.031567555473702213,0.0,0.0,19083906000.0,3607690000.0,164620000.0,10452000000.0,15547315000.0,0.0,-1055456000.0,3267886868.4,8198544868.4,17.553322165061765,0.01575009567546881,0.2669934551134343,1.4123380889156218,0.0,17.553322165061765,0.0017983806812669602,112.7635220289855,125.92042495376079,0.9058114384550779,14.251387176325524,0.0,0.028294431148796498,0.0015185570501133258,0.17295972062763107,0.0003399723306119827,119.28335773105563,0.0,-0.9829364565007015,-0.9556668740063426,0.0,0.10669131529492806,0.0,-0.9828168864876318,0.0,1.0276214318755545,0.0,0.1827650209978441,REIT—Mortgage,Real Estate,CIM
2014Q3,2014,Q3,2014-11-10,2014-09-30,377580000.0,366330000.0,0.0,1.85,0.0,0.0,17458329000.0,3591226000.0,241643000.0,8847000000.0,13899743000.0,0.0,-969459000.0,3122637475.2,7934232475.2,17.480938992607143,0.02731355261670623,0.2894456852084756,1.4071066538279684,0.0,17.480938992607143,0.10513958185867445,8.524110706739824,2.0675336850468775,0.869518508498212,0.24486201599660998,0.0,0.02960798387077527,0.020983107833516024,0.03559059568215214,0.02162749940157503,25.77518159621623,0.0,2.7,0.5594941147317879,0.0,0.06962600521379896,0.0,2.603928643014632,0.0,4.73104878884757,0.0,0.07071978071331822,REIT—Mortgage,Real Estate,CIM
2014Q2,2014,Q2,2014-08-11,2014-06-30,104769000.0,67454000.0,0.0,0.5,0.0,0.0,12534812000.0,3440701000.0,73871000.0,7733000000.0,9125216000.0,0.0,-1254578000.0,3276796534.5499997,4594742534.549999,16.747814632786323,0.009552696236906763,0.11103612882267401,0.4045155333171932,0.0,16.747814632786323,0.030449899598948005,48.57823901547721,7.819098527594041,0.9523630604780827,0.8824556882283882,0.0,0.02821475151880208,0.005381333202284964,0.015473554894607526,0.00835824262860903,-109.97068612779809,0.0,0.0,-0.006387159114585937,0.0,-0.13428991676119564,0.0,0.04384863701578192,0.0,-0.11101212136410453,0.0,0.0005523353925640938,REIT—Mortgage,Real Estate,CIM
2014Q1,2014,Q1,2014-07-01,2014-03-31,100368000.0,112149000.0,0.0,0.5,0.0,0.0,6691705000.0,3370150000.0,40602000.0,1871000000.0,3336880000.0,0.0,-1266892000.0,3143423586.6000004,4568674586.6,16.403546508910704,0.021700694815606627,0.21905523330750534,0.4349518567422815,0.0,16.403546508910704,0.02978146373306826,28.028993451568898,7.829745503048781,0.9327251269528064,2.968117328232106,0.0,0.09477055566737026,0.016759405861435914,0.0856547300908605,0.014998868001503353,49.09374793609147,0.0,0.42061734729156003,-0.08246810192601618,0.0,0.343107195315249,0.0,0.3880045912793351,0.0,-0.3857292233603487,0.0,-0.04880735377660771,REIT—Mortgage,Real Estate,CIM
2013Q4,2013,Q4,2014-06-04,2013-12-31,72311000.0,80825000.0,0.0,0.3519596610257235,0.0,0.0,6917949000.0,3331510000.0,77629000.0,2001000000.0,3604571000.0,0.0,-1274806000.0,3184514091.0,4710598091.0,16.21547386018459,0.03879510244877561,0.2318191417716436,0.4813772133356946,0.0,16.21547386018459,0.021705172729483028,39.40011247757501,11.00978444150959,0.955877092069362,1.2783670534220244,0.0,0.029027976437991525,0.011683376098898676,0.18199100449775113,0.010452664510825391,37.21791981440793,0.0,0.005599031502067245,0.41967179550167744,0.0,0.38655954107643764,0.0,0.0733890480502323,0.0,-0.5372313816563795,0.0,-0.09561297912010841,REIT—Mortgage,Real Estate,CIM
2013Q3,2013,Q3,2014-04-16,2013-09-30,67367000.0,76410000.0,0.0,0.35,0.0,0.0,7006904000.0,3567299000.0,125491000.0,1741000000.0,3460956000.0,0.0,-1049213000.0,3122449162.3999996,4716526162.4,17.365517252592436,0.07207983917288914,0.24541052653211748,0.4820364090590668,0.0,17.365517252592436,0.018884595880524734,40.864404690485536,11.58745811153829,0.8752978548756355,1.3721258182789793,0.0,0.029603684541320494,0.01090495888055552,0.20691039632395175,0.009614374622515165,37.52808387197577,0.0,-0.5,1.0237780478790095,0.0,-0.43792970588486935,0.0,-0.5295830511078369,0.0,-0.5418671255891241,0.0,0.056821741513007375,REIT—Mortgage,Real Estate,CIM
2013Q2,2013,Q2,2014-03-20,2013-06-30,143207000.0,149884000.0,0.0,0.7,0.0,0.0,7163379000.0,3627833000.0,168153000.0,1622000000.0,3555805000.0,0.0,-1024140000.0,3040115478.4,4805943478.4,17.661147670698956,0.10367016029593094,0.26998166647332217,0.5330953767717532,0.0,17.661147670698956,0.03947452928511318,20.283122137119374,5.30720474278492,0.8379976361646195,0.6454502922343182,0.0,0.030404437152712075,0.020923645112174018,0.12681134401972874,0.01999154309718919,43.64846343718593,0.0,0.7499999999999998,-0.8395766612286089,0.0,-0.64466369858305,0.0,0.7945514467237252,0.0,-0.14325369249988704,0.0,-0.07175918793058707,REIT—Mortgage,Real Estate,CIM
2013Q1,2013,Q1,2014-02-21,2013-03-31,79801000.0,89668000.0,0.0,0.4,0.0,0.0,7414762000.0,3653673000.0,649526000.0,1577000000.0,3778382000.0,0.0,-1074911000.0,3296700543.15,4848073543.15,17.787921857763898,0.4118744451490171,0.29682665471932884,0.6023798517272893,0.0,17.787921857763898,0.021841308732335925,36.76563036032922,10.327879798342126,0.9022976449041827,1.1582686933747697,0.0,0.02803742675143982,0.012093173051272582,0.435002536461636,0.01076244928697644,49.64686148442089,0.0,0.04417311050390807,1.0533873349228904,-0.8831147191867745,-0.6797630643809185,0.0,0.014183135286268031,0.0,-0.5853087399959678,0.0,0.039196750031218856,REIT—Mortgage,Real Estate,CIM
2012Q4,2012,Q4,2013-12-31,2012-12-31,78685000.0,386935000.0,0.0,0.3830782424639951,0.0,0.0,7723761000.0,3542479000.0,621153000.0,1694000000.0,4200010000.0,0.0,-1062279000.0,2680494834.15,4565312834.15,17.24657341660559,0.36667827626918537,0.32444957838545235,0.707406028377303,0.0,17.24657341660559,0.022211846562816603,6.927506775427398,8.5165369325475,0.7566720463692235,1.1745059414119592,0.0,0.034477216229855424,0.050096708067481635,0.38989551357733176,0.010187394457182194,42.39612232740214,0.0,-0.3615362625600082,0.5451923516221907,0.0,0.474727234483514,0.0,-0.3855998375862823,1.0,-0.4620091504160646,0.0,0.08735160440135523,REIT—Mortgage,Real Estate,CIM
2012Q3,2012,Q3,2013-11-27,2012-09-30,128068000.0,0.0,-16295000.0,0.6,0.0,0.0,7538992000.0,3418189000.0,501089000.0,116147000.0,4120803000.0,0.0,-1048533000.0,2782739340.3500004,4611309340.35,16.64419670157627,4.314265542803517,0.30331336072514736,0.6689732486998232,-0.002856333522995983,16.64419670157627,0.03746662340789231,0.0,5.432151943401163,0.8140975646314468,0.7215932161039448,0.0,0.03320936268086709,0.0,4.314265542803517,0.01698741688544039,33.81584061865818,0.0,1.9999999999999998,1.045215586914532,0.0,-0.46127671296583717,0.0,2.1403840023540375,-0.13277719847062913,-0.4708727451222745,0.0,0.018427307333364746,REIT—Mortgage,Real Estate,CIM
2012Q2,2012,Q2,2013-10-31,2012-06-30,40781000.0,0.0,-14385000.0,0.2,0.0,0.0,8306585000.0,3180714000.0,165393000.0,133883000.0,5125871000.0,0.0,-1084185000.0,2423270892.0,4882297892.0,15.488332453423453,1.235354750042948,0.31002560017143027,0.8096465133300259,-0.002499145234997832,15.488332453423453,0.012821335083883681,0.0,14.855391554890758,0.761863811710201,2.76957406635443,0.0,0.04660890384680938,0.0,1.235354750042948,0.00490947844390926,25.547915615906888,0.0,-0.5,-0.9543049053096362,0.0,-0.6883800038518224,0.0,-0.4917178716986776,0.04513773647527381,-0.6130889815840471,0.0,-0.19939371962987001,REIT—Mortgage,Real Estate,CIM
2012Q1,2012,Q1,2013-06-25,2012-03-31,80233000.0,0.0,-15065000.0,0.4,0.0,0.0,8254562000.0,3170592000.0,181002000.0,139803000.0,5083970000.0,0.0,-1032553000.0,2905736714.7000003,5172105714.700001,15.439759759731682,1.2946932469260317,0.29046265568058005,0.7562127198958428,-0.0027054582257311018,15.439759759731682,0.025305368839636258,0.0,9.054057291575786,0.9164650370340933,1.4076128276395,0.0,0.03886690746228193,0.0,1.2946932469260317,0.009719837345700474,30.73325134271844,0.0,1.3499977297711874,1.0536892801550493,-1.0,-0.7220371557910119,0.0,1.3418679960799353,0.19841438757050123,-0.2661782356825815,0.0,0.2641932289440952,REIT—Mortgage,Real Estate,CIM
2011Q4,2011,Q4,2013-03-08,2011-12-31,-234690000.0,0.0,-18794000.0,-1.1428645558972672,0.0,0.0,7747135000.0,3047619000.0,255624000.0,139006000.0,4699516000.0,0.0,-999840000.0,2577172845.9,5043862845.9,14.840920938169814,1.8389422039336432,0.3450293560135457,0.8770745293292895,-0.003284769275360752,14.840920938169814,-0.07700765745324464,0.0,-2.7452946928927524,0.8456348532739821,-0.5685926115301035,0.0,0.05177883206875053,0.0,1.8389422039336432,-0.030293779571415755,23.518213264039716,0.0,-4.809548519657557,-5.609882198878803,0.0,0.2690236932086906,0.0,-4.562169874324571,-0.24612120408433893,-5.609882198878803,0.0,0.2690236932086906,REIT—Mortgage,Real Estate,CIM
2011Q3,2011,Q3,2011-11-18,2011-09-30,65884000.0,0.0,-15082000.0,0.3,0.0,0.0,9714205000.0,3354069000.0,65363000.0,159981000.0,6360136000.0,0.0,-289207000.0,2845331258.0,8990692258.0,16.326343556445053,0.40856726736299936,0.6336272499911213,1.8351396467991565,-0.0015901612003242117,16.326343556445053,0.019643006747923193,0.0,10.796746015724608,0.8483222193699653,2.0251502641005406,0.0,0.04689260683614927,0.0,0.40856726736299936,0.006782232822963897,23.387373587262967,0.0,-0.4545454545454546,1.0232529294936765,0.0,-0.471564676645275,0.0,-0.4409171524825403,-0.007347047822602191,1.0232529294936765,0.0,-0.471564676645275,REIT—Mortgage,Real Estate,CIM
2011Q2,2011,Q2,2011-08-08,2011-06-30,117843000.0,0.0,-14972000.0,0.55,0.0,0.0,10089109000.0,3438539000.0,74026000.0,159505000.0,6650570000.0,0.0,-199692000.0,3553871512.7000003,10009198512.7,16.73856932852529,0.46409830412839725,0.64142502573815,1.8820222774847108,-0.0015092941021062171,16.73856932852529,0.03427124136152011,0.0,7.539420060376942,1.0335411384602589,1.2192153967567017,0.0,0.040428023209776745,0.0,0.46409830412839725,0.01168021873884007,31.317713677541025,0.0,-0.3125,-0.8679982040715093,0.0,-0.6632256619383112,0.0,-0.2786388511404121,0.04509216148989094,-0.8679982040715093,0.0,-0.6632256619383112,REIT—Mortgage,Real Estate,CIM
2011Q1,2011,Q1,2011-05-09,2011-03-31,163362000.0,0.0,-15679000.0,0.8,0.0,0.0,10258434000.0,3542390000.0,81057000.0,481870000.0,6716044000.0,0.0,-184110000.0,4067169697.8,10279015697.8,17.245241091843187,0.1682134185568722,0.607123952837246,1.758174848054562,-0.0015978960663778341,17.245241091843187,0.04611632259576162,0.0,6.224167336651119,1.1481428351480216,1.0678431948678395,0.0,0.04289100602179452,0.0,0.1682134185568722,0.015924652827127416,39.493219313679795,0.0,0.051867403201751296,1.109284434589009,-1.0,-0.6895329760596124,0.0,0.045670722730385915,-0.08475162584751626,1.109284434589009,-1.0,-0.6895329760596124,REIT—Mortgage,Real Estate,CIM
2010Q4,2010,Q4,2011-02-28,2010-12-31,156227000.0,0.0,-14454000.0,0.7605521357206253,0.0,0.0,8073700000.0,3683006000.0,56261000.0,326594000.0,4390694000.0,0.0,-203796000.0,4221229156.05,8268168156.05,17.929794972519968,0.17226587138771685,0.5021380531850329,1.100761714751483,-0.0018681015912738182,17.929794972519968,0.04241833980178148,0.0,6.7549609799362464,1.146136920778842,1.0165400346931068,0.0,0.0376219802642998,0.0,0.17226587138771685,0.01935011209234923,52.66661454834685,0.0,0.08650305102946479,2.067778883933581,0.0,0.5331484298916997,0.0,0.23563095661802508,-0.06295043388733637,2.067778883933581,0.0,0.5331484298916997,REIT—Mortgage,Real Estate,CIM
2010Q3,2010,Q3,2010-11-02,2010-09-30,126435000.0,0.0,-13598000.0,0.7,0.0,0.0,7233452000.0,2902347000.0,59716000.0,461845000.0,4331105000.0,0.0,-185578000.0,3488433513.75,7320924513.75,16.431831945216185,0.12929879071983025,0.5314806816994154,1.3245969554984294,-0.0020035612642442246,16.431831945216185,0.04356301985944479,0.0,6.897681642247004,1.2019353694613362,1.031518171392415,0.0,0.03738640839389282,0.0,0.12929879071983025,0.017479206331914555,48.050710254273476,0.0,-0.1250000000000001,1.0519020773385588,0.0,-0.4681503303381721,0.0,0.014898177060339222,-0.16261969904240767,1.0519020773385588,0.0,-0.4681503303381721,REIT—Mortgage,Real Estate,CIM
2010Q2,2010,Q2,2010-08-06,2010-06-30,124579000.0,0.0,-11696000.0,0.8,0.0,0.0,6878182000.0,2912859000.0,281896000.0,152601000.0,3965323000.0,0.0,-153202000.0,2763365977.4,6328636977.4,19.026471839053627,1.8472749195614708,0.552687468868954,1.3050700360024292,-0.0017419283427467544,19.026471839053627,0.04276863384049829,0.0,5.545408891948082,0.9486782495822832,0.9134203999068864,0.0,0.04117912753165823,0.0,1.8472749195614708,0.018112198833936062,35.61818926053388,0.0,-0.15789473684210517,-0.8127528098259473,0.0,-0.6171938393607518,0.0,-0.008207945227290821,-0.18380566801619433,-0.8127528098259473,0.0,-0.6171938393607518,REIT—Mortgage,Real Estate,CIM
2010Q1,2010,Q1,2010-05-10,2010-03-31,125610000.0,0.0,-9880000.0,0.95,0.0,0.0,6156195000.0,2294947000.0,83837000.0,173909000.0,3861248000.0,0.0,-147361000.0,2607743267.7999997,6250882267.799999,17.116991423644777,0.4820739582195286,0.5989639704395329,1.606720765229001,-0.0016515425708500061,17.116991423644777,0.05473329013698355,0.0,5.190158561818326,1.136297817683807,0.9058832895470106,0.0,0.04363466350581216,0.0,0.4820739582195286,0.020403837110422915,34.654395585382055,0.0,0.33416949972765747,1.1287399568594023,-1.0,-0.691841861890483,0.0,0.31572883060292456,0.13681635505853573,1.1287399568594023,-1.0,-0.691841861890483,REIT—Mortgage,Real Estate,CIM
2009Q4,2009,Q4,2010-02-26,2009-12-31,95468000.0,0.0,-11446000.0,0.7120534536233383,0.0,0.0,4618328000.0,2126562000.0,57407000.0,126014000.0,2491766000.0,0.0,-70991000.0,2601039557.6,4942512557.6,15.86108241970245,0.4555604932785246,0.5122529192383044,1.1124773225516116,-0.0025479073813629233,15.86108241970245,0.0448931185641425,0.0,6.811286393346461,1.223119550523333,0.8412347592910714,0.0,0.030876500807278613,0.0,0.4555604932785246,0.020671550396593744,39.186446269736045,0.0,-0.4066221219805514,1.872153592978751,0.0,0.35625608911979273,0.0,-0.395779800255693,-0.17358761406746642,1.872153592978751,0.0,0.35625608911979273,REIT—Mortgage,Real Estate,CIM
2009Q3,2009,Q3,2009-11-09,2009-09-30,158002000.0,0.0,-9753000.0,1.2,0.0,0.0,4369480000.0,2191029000.0,50467000.0,166793000.0,2178451000.0,0.0,-52670000.0,2560640965.2000003,5050190965.200001,16.343038508224208,0.302572649931352,0.46038842150553383,0.9181338996425881,-0.0023206581884399197,16.343038508224208,0.07211314866211264,0.0,4.051595810812522,1.1686933240956647,0.23863621979468613,0.0,0.014724828866062849,0.0,3.2937953031602047,0.03616036690864817,39.960688606251665,0.0,1.4,1.0854531428833334,0.0,-0.4710243105668994,0.0,2.059445434125939,-0.22741001761892776,1.0854531428833334,0.0,-0.4710243105668994,REIT—Mortgage,Real Estate,CIM
2009Q2,2009,Q2,2009-08-10,2009-06-30,51644000.0,0.0,-7946000.0,0.5,0.0,0.0,4207705000.0,1946609000.0,40176000.0,317683000.0,2261096000.0,0.0,-130361000.0,1755854353.7,4128928353.7,19.34575437787349,0.12646569064129967,0.5671013058187302,1.225821415600154,-0.0018339163276252515,19.34575437787349,0.026530237967665824,0.0,8.499798397200061,0.9020066966196086,0.20459298272790644,0.0,0.006017583393369126,0.0,0.12646569064129967,0.012273674128770909,71.94355296648365,0.0,-0.09090909090909098,-0.8818976650563131,0.0,-0.6107699829632715,0.0,1.736975992368435,-1.1348737238044062,-0.8818976650563131,0.0,-0.6107699829632715,REIT—Mortgage,Real Estate,CIM
2009Q1,2009,Q1,2009-05-07,2009-03-31,18869000.0,0.0,-3722000.0,0.55,0.0,0.0,1676048000.0,432826000.0,23412000.0,210128000.0,1243222000.0,0.0,-144300000.0,595381785.6,1616275785.6,12.213132776092772,0.1114178024822965,0.616386881521293,2.386857536284789,-0.0025388853114064027,12.213132776092772,0.043594885704648055,0.0,7.888359022735703,1.3755684399735693,0.3730987333721978,0.0,0.01182434560524117,0.0,0.1114178024822965,0.011258030796254046,43.081171172214184,0.0,1.218491418165263,1.0731639244919229,-1.0,-0.7801262988561062,0.0,1.1476212155702255,0.050267925491196734,1.0731639244919229,-1.0,-0.7801262988561062,REIT—Mortgage,Real Estate,CIM
2008Q4,2008,Q4,2009-03-03,2008-12-31,8786000.0,0.0,-3919000.0,0.24791621707279854,0.0,0.0,1477501000.0,414455000.0,892898000.0,12184000.0,1063046000.0,0.0,-152603000.0,611329512.0,2490178512.0,11.694754808434636,73.28447143795141,0.7112428350302301,2.535527379329481,-0.002675420136854927,11.694754808434636,0.02119892388799749,0.0,17.39498952879581,1.475020236213823,0.6883678579558389,0.0,0.009893191611531427,0.0,73.28447143795141,0.0059465272781541265,33.46999791951821,0.0,1.0179649432661448,0.0,0.0,0.0,0.0,1.081687678976533,-1.0263702171664943,0.0,0.0,0.0,REIT—Mortgage,Real Estate,CIM
2008Q3,2008,Q3,2008-11-10,2008-09-30,-107556000.0,0.0,-1934000.0,-13.8,0.0,0.0,1372227000.0,240942000.0,773757000.0,10940000.0,1131285000.0,0.0,-154349000.0,242145846.9,2115701846.9,30.895632511465553,70.72733089579525,0.8164429063121481,4.649853491711698,-0.0014208728945803734,30.895632511465553,-0.44639788828846777,0.0,-0.5628366778701328,1.0049964178100954,-0.0561939826694931,0.0,0.024960163791270872,0.0,70.72733089579525,-0.07838061778408383,-75.31752625194402,0.0,-4.172413793103448,0.0,0.0,0.0,0.0,-4.173024161430215,0.427810650887574,0.0,0.0,0.0,REIT—Mortgage,Real Estate,CIM
2008Q2,2008,Q2,2008-08-08,2008-06-30,33897000.0,0.0,-3380000.0,4.35,0.0,0.0,1971156000.0,387679000.0,1205845000.0,159926000.0,1583477000.0,0.0,-40745000.0,351388648.5,2831571648.5,49.70262706138613,7.540018508560209,0.7170847969414902,3.646021579708986,-0.0018765632243575685,49.70262706138613,0.08743573936168841,0.0,2.591591058943269,0.906390721447383,0.28949464554385346,0.0,0.02792634321538136,0.0,7.355514425421758,0.017196508038937557,46.33289141613924,0.0,1.595890410958904,0.0,0.0,0.0,0.0,1.6170383180121963,-1.1444320998205282,0.0,0.0,0.0,REIT—Mortgage,Real Estate,CIM
2008Q1,2008,Q1,2008-05-14,2008-03-31,-54935000.0,28194000.0,23402000.0,-7.3,0.0,0.0,1910044000.0,419312000.0,0.0,1491000000.0,1490732000.0,0.0,-68598000.0,464257165.5,1812421165.5,55.546128129712194,0.0,0.7536653605885519,3.433085625977792,0.0125902189061737,55.546128129712194,-0.1310122295569886,16.466523568844433,-2.112756737507964,1.1071878827698707,-0.017165741330663512,0.0,0.0020312018210519142,0.014760916502447064,0.9689631120053656,-0.028761117544936137,57.82253898368415,0.0,0.0,0.0,0.0,0.0,0.0,0.0,0.0,0.0,0.0,0.0,REIT—Mortgage,Real Estate,CIM
