Year,Date,FillingDate,NetIncome,Revenue,OperatingIncome,EPSDiluted,GrossProfit,GrossProfitRatio,TotalAssets,CommonStockEquity,CurrentAssets,CurrentLiability,TotalLiability,Inventory,RetainedEarnings,EnterpriseValue,bookValuePerShare,currentRatio,debtToAssets,debtToEquity,roic,shareholdersEquityPerShare,roe,priceToSalesRatio,peRatio,pbRatio,payoutRatio,inventoryTurnover,dividendYield,assetTurnover,quickRatio,returnOnAssets,priceToFreeCashFlowsRatio,grossProfitMargin,epsdilutedGrowth,fiveYNetIncomeGrowthPerShare,fiveYRevenueGrowthPerShare,fiveYShareholdersEquityGrowthPerShare,grossProfitGrowth,netIncomeGrowth,operatingIncomeGrowth,threeYNetIncomeGrowthPerShare,threeYRevenueGrowthPerShare,threeYShareholdersEquityGrowthPerShare,Industry,Sector,Price,MarketCap,AvgVolume,Symbol
2022,2022-12-31,2023-04-17,-33140000.0,29946000.0,-32168000.0,-1.08,-711000.0,-0.0237427369,39560000.0,16436000.0,12922000.0,7081000.0,23124000.0,8259000.0,-117252000.0,40035609.4934,0.5349778205213208,1.8248834910323402,0.4619312436804853,1.1118276953029935,-0.6789508407240356,0.5349778205213208,-2.0163056704794355,0.7474991482468443,-0.6754559291913097,1.3619256201873937,0.0,3.7119505993461677,0.0,0.7569767441860465,0.43948594831238524,-0.8377148634984833,-0.6907124627684522,-0.023742736926467643,0.5,-35348.62761319549,0.0,688.8855513822508,-1.0692490423471042,-0.03595125989991473,-0.028494259529374354,-1.950414403202995,0.0,-0.9833148683193096,Packaged Foods,Consumer Defensive,0.6188,27114144,91685,SNAX
2021,2021-12-31,2022-03-31,-31989922.0,30081577.0,-31276791.0,-2.16,10267290.0,0.3413148852,36775368.0,16442099.0,15038992.0,11848032.0,20333269.0,7215981.0,-84111171.0,71660999.05000001,1.1093546397591199,1.2693240531423278,0.41696333263068913,0.9326047726631497,-0.7818109478551664,1.1093546397591199,-1.9456105938785553,1.946181546599103,-1.8300829258039455,3.5606287281204185,0.0,2.745889574820111,0.0,0.8179816718625358,0.431925909720703,-0.8698736067032694,-1.4755614675986954,0.34131488518703657,-0.1076923076923078,-2012.6986446269768,0.0,1274.3764610142573,0.7389854381232022,-0.8217201852612512,-1.193545475432435,-2029.231578535447,0.0,3857.5130646617386,Packaged Foods,Consumer Defensive,0.6188,27114144,91685,SNAX
2020,2020-12-31,2021-02-18,-17560283.0,17002052.0,-14258556.0,-1.95,5904184.0,0.3472630245,26237131.0,-9336867.0,5421958.0,31699763.0,35573998.0,3373033.0,-52121249.0,125557248.52,-1.0354367959800037,0.17104096330310103,1.1443412010253713,-3.215664312236642,-0.6897706532057547,-1.0354367959800037,1.880746828673901,5.653708888785895,-5.473980830491172,-10.295172087167998,0.0,3.290174747771516,0.0,0.6480149068127914,0.0400853154643459,-0.6692912803614084,-5.710494582599803,0.3472630244866914,-2.7256637168141595,-1815.862594602905,0.0,-1191.396352195959,0.0,-5.48931950324793,-35.87478114695804,-63817.50510674145,0.0,-1336.2570097579721,Packaged Foods,Consumer Defensive,0.6188,27114144,91685,SNAX
2019,2019-12-31,2020-03-16,3911569.0,0.0,-386675.0,1.13,0.0,0.0,110509722.0,110503999.0,360600.0,5723.0,5723.0,0.0,1733450.0,34629203.35,32.06314644435476,63.0089114100996,0.0,0.0,-0.007766100905964883,32.06314644435476,0.03539753344130107,0.0,8.943075617482396,0.3165628182379173,0.0,0.0,0.0,0.0,61.55058535733007,0.035395700298657885,-87.65019894613671,0.0,1028.2727272727273,1059.8813292140421,0.0,36860.59572024891,0.0,265.7961684267533,-25.176211751963173,1059.8813292140421,0.0,36860.59572024891,Packaged Foods,Consumer Defensive,0.6188,27114144,91685,SNAX
2018,2018-12-31,2019-03-27,-14772.0,0.0,-14772.0,-0.0011,0.0,0.0,156276.0,-3997.0,156276.0,160273.0,160273.0,0.0,-28997.0,134887998.0,-0.0002876574307304786,0.9750613016540528,0.6814738027592209,-26.644483362521893,-0.14411566716422278,-0.0002876574307304786,3.6957718288716537,0.0,-9124.11995667479,-33720.66549912434,0.0,0.0,0.0,0.0,0.0,-0.0945250710281809,-17701.799317047546,0.0,0.0,0.008143373437426537,0.0,-1.3307071542686768,0.0,-33.839622641509436,-33.839622641509436,0.008143373437426537,0.0,-1.3307071542686768,Packaged Foods,Consumer Defensive,0.6188,27114144,91685,SNAX
2017,2017-12-31,2017-12-31,-424.0,0.0,-424.0,0.0,0.0,0.0,35839.0,10775.0,35839.0,25064.0,25064.0,0.0,-14225.0,134803647.0,0.0007754587981288234,1.429899457389084,0.617958090348503,2.0554060324825985,-0.012878925946175809,0.0007754587981288234,-0.03935034802784223,0.0,-317880.89622641506,12508.723897911832,0.0,0.0,0.0,0.0,0.0,-0.011830687240157371,-21366.756499682942,0.0,1.0,0.9715307873231431,0.0,-0.10848896991618892,0.0,0.9692753623188406,0.9692753623188406,0.9715307873231431,0.0,-0.10848896991618892,Packaged Foods,Consumer Defensive,0.6188,27114144,91685,SNAX
2016,2016-12-31,2016-12-31,-13800.0,0.0,-13800.0,-0.0011,0.0,0.0,35839.0,11199.0,35839.0,24640.0,24640.0,0.0,-13801.0,124903338.99999999,0.0008698252427184466,1.4545048701298702,0.44194871508691647,1.4143227073845879,-0.5103927805311044,0.0008698252427184466,-1.2322528797214036,0.0,-9049.81884057971,11151.665327261362,0.0,0.0,0.0,0.0,0.0,-0.38505538659002764,0.0,0.0,0.0,0.0,0.0,0.0,0.0,0.0,0.0,0.0,0.0,0.0,Packaged Foods,Consumer Defensive,0.6188,27114144,91685,SNAX
TTM,,,,,,,,,,,,,,,,47391066.0,0.3770015449428774,1.4148014468932661,0.5279660830428328,1.7512669127317035,-0.6503667823005151,0.3770015449428774,-1.6578892215953733,0.997875192952243,-0.6353157425950248,1.6413725840135733,0.0,3.3987689701754142,0.0,0.69458572718135,0.3628390149022566,-0.7788812329549726,-1.3381167850841584,-0.032065835417565344,,,,,,,,,,,Packaged Foods,Consumer Defensive,0.6188,27114144,91685,SNAX
