Quarters,Year,Quarter,FillingDate,Date,NetIncome,Revenue,OperatingIncome,EPSDiluted,GrossProfit,GrossProfitRatio,TotalAssets,CommonStockEquity,CurrentAssets,CurrentLiability,TotalLiability,Inventory,RetainedEarnings,MarketCap,EnterpriseValue,bookValuePerShare,currentRatio,debtToAssets,debtToEquity,roic,shareholdersEquityPerShare,roe,priceToSalesRatio,peRatio,pbRatio,payoutRatio,inventoryTurnover,dividendYield,assetTurnover,quickRatio,returnOnAssets,priceToFreeCashFlowsRatio,grossProfitMargin,epsdilutedGrowth,fiveYNetIncomeGrowthPerShare,fiveYRevenueGrowthPerShare,fiveYShareholdersEquityGrowthPerShare,grossProfitGrowth,netIncomeGrowth,operatingIncomeGrowth,threeYNetIncomeGrowthPerShare,threeYRevenueGrowthPerShare,threeYShareholdersEquityGrowthPerShare,Industry,Sector,Symbol
2023Q1,2023,Q1,2023-04-28,2023-03-31,62500000.0,454500000.0,96000000.0,1.05,289000000.0,0.6358635864,7281000000.0,2693000000.0,448200000.0,680700000.0,4588000000.0,92500000.0,795903000.0,3458639360.0,6044039360.0,45.051525695931474,0.6584398413397973,0.3565581650872133,0.9640178239881173,0.015571139764119607,45.051525695931474,0.023208317861121427,7.609767568756876,13.83455744,1.2843072261418493,0.608656,1.7891891891891891,0.010998833946075256,0.06242274412855377,0.33700602321140005,0.008583985716247768,44.861463110926636,0.6358635863586358,-0.20454545454545456,-0.11677304793328516,0.10022465843892527,0.21347339142164343,0.06146195264924743,-0.06358623996164449,0.15345797087518623,0.041503532101522474,0.1454643453689427,0.10431188119158759,Utilities—Diversified,Utilities,NWE
2022Q4,2022,Q4,2023-02-17,2022-12-31,66744000.0,425283000.0,83228000.0,1.32,272266000.0,0.6401995847,7317783000.0,2665183000.0,538824000.0,620845000.0,4652600000.0,107359000.0,771414000.0,3000183402.7200003,5622473402.72,52.71409710373628,0.8678881202232441,0.3595049210942713,0.9870913179320144,0.016392901436014722,52.71409710373628,0.025042933261993642,7.054557559836627,11.237652083782812,1.125695084622707,0.5555855207958768,1.4252833949645582,0.012359911052897979,0.0581163721307396,0.4082194428561074,0.009120795191658457,-22.93209764440606,0.6401995847470978,1.8085106382978726,0.36206692419022607,0.20641190906721332,0.4480505318362636,0.20392840087022657,1.4387605963168664,0.7233610800513521,0.1103784893287927,0.2933176916359433,0.3042761099007969,Utilities—Diversified,Utilities,NWE
2022Q3,2022,Q3,2022-10-25,2022-09-30,27368000.0,335068000.0,48294000.0,0.47,226148000.0,0.6749316557,7114213000.0,2537329000.0,472803000.0,618441000.0,4576884000.0,129254000.0,741752000.0,2775006080.0,5332048080.0,45.05920690451244,0.7645078511935658,0.36070202002667057,1.0113434245224013,0.009526317922839114,45.05920690451244,0.010786145588530301,8.281919132832739,25.349003215434085,1.0936721568231789,1.285223618824905,0.8426818512386464,0.012675287543874498,0.047098393033776186,0.2558336203453523,0.0038469469497188235,-36.74336740638737,0.674931655663925,-0.12962962962962973,-0.35281313151053095,-0.06911441964915381,0.2656681741497436,-0.008135857861519366,-0.08117907741892164,-0.07731988307445406,0.13135897657561102,0.0921332048164343,0.13391839314032947,Utilities—Diversified,Utilities,NWE
2022Q2,2022,Q2,2022-07-28,2022-06-30,29786000.0,323004000.0,52341000.0,0.54,228003000.0,0.7058828993,6920297000.0,2464520000.0,403329000.0,385689000.0,4455777000.0,99020000.0,749558000.0,3198240827.66,5723507827.66,45.410640231949294,1.0457363316039607,0.36608024193181304,1.027942155064678,0.009964549812984473,45.410640231949294,0.012085923425251164,9.901551769204096,26.84349046246559,1.2977134807832762,1.138286443295508,0.9594122399515249,0.010601140385293207,0.04667487537023339,0.3996950911226403,0.004304150529955578,-39.141842730421374,0.705882899282981,-0.5,0.21810989919559226,0.015858585110586586,0.2877178936157416,-0.12106750344051286,-0.49609203180510913,-0.33926227024843464,-0.41917020172665087,0.10891467143086887,0.13953692540277265,Utilities—Diversified,Utilities,NWE
2022Q1,2022,Q1,2022-04-29,2022-03-31,59110000.0,394482000.0,79216000.0,1.08,259409000.0,0.6575940094,6822035000.0,2366981000.0,398849000.0,409425000.0,4455054000.0,70609000.0,753677000.0,3272327530.0,5781628530.0,43.75438564060854,0.9741686511571106,0.36982308064968883,1.065891952660372,0.015855316384074072,43.75438564060854,0.024972739536143297,8.295251823910851,13.839991245136188,1.3824899861891582,0.5735239384198951,1.9129714342364288,0.010359904285009026,0.057824681345082514,0.4576662392379557,0.008664570029324095,40.82041227982636,0.6575940093591089,0.090909090909091,-0.06536002492246505,-0.03940877723247816,0.23864731316671262,0.11367792899154253,0.15143369175627241,0.06603506977620477,-0.24388580765096488,-0.04381742382996984,0.10784931438034673,Utilities—Diversified,Utilities,NWE
2021Q4,2021,Q4,2022-02-11,2021-12-31,51336000.0,347341000.0,74309000.0,0.99,232930000.0,0.6706089981,6780443000.0,2339713000.0,437795000.0,379642000.0,4440730000.0,80614000.0,728468000.0,2966146720.0,5519576720.0,45.08812533723888,1.1531785208169802,0.37700339048643283,1.0925485305248976,0.01526126838300848,45.08812533723888,0.021941152611452772,8.539581333617397,14.444769362630513,1.2677395560908538,0.6493493844475612,1.4192447961892476,0.011238486543915805,0.05122688886257137,0.5307394861474758,0.007571186720395703,-23.767201282051282,0.6706089980739389,0.45588235294117635,0.041867605147695504,-0.020316825177213258,0.30151467108431035,0.024787061804871183,0.4585748380497784,0.3349561655648175,-0.2504182502904392,0.09199998132776852,0.1694840884107409,Utilities—Diversified,Utilities,NWE
2021Q3,2021,Q3,2021-10-25,2021-09-30,35196000.0,325955000.0,55664000.0,0.68,227296000.0,0.6973232501418908,6666630000.0,2246533000.0,387278000.0,408005000.0,4420097000.0,84410000.0,710467000.0,2973411600.0,5443385600.0,43.29247282818161,0.9491991519711768,0.3717846948158215,1.1032782514211898,0.010960169806453346,43.29247282818161,0.015666807476231153,9.122153671519074,21.120380156836003,1.3235557189678495,0.9184850551199,1.1688070133870394,0.010872023234186618,0.04889351891435403,0.3625078124042598,0.005279429036859702,-250.37147187605254,0.6973232501418908,-0.055555555555555455,-0.26533163438714125,0.008267136152472848,0.2685995539160099,-0.012838107812309991,-0.054811075006042376,-0.0572294768219772,0.21099638254758846,0.1293184927633724,0.1465774788546889,Utilities—Diversified,Utilities,NWE
2021Q2,2021,Q2,2021-07-28,2021-06-30,37237000.0,298217000.0,59043000.0,0.72,230252000.0,0.7720954875141256,6566240000.0,2177315000.0,347732000.0,348452000.0,4388925000.0,69946000.0,707598000.0,3070568540.04,5584129540.04,42.70150872394854,0.997933718273966,0.3837055910231731,1.1571605394717805,0.012084766140693773,42.70150872394854,0.01710225667852378,10.29642354406355,20.615037060182075,1.4102546209620566,0.8512232456964847,0.9716781517170389,0.010322843990184008,0.04541670727844246,0.4288653817455489,0.005670977606666829,-46.93695317935156,0.7720954875141256,-0.41935483870967744,-0.008133934306921548,-0.03608897460009282,0.2674015887746517,-0.10159584845292442,-0.409601877249449,-0.27093906278940544,-0.16826755895679157,0.1140090071405313,0.12212376465374984,Utilities—Diversified,Utilities,NWE
2021Q1,2021,Q1,2021-04-22,2021-03-31,63071000.0,400803000.0,80985000.0,1.24,256290000.0,0.6394413215469944,6502813000.0,2113835000.0,358711000.0,386447000.0,4388978000.0,56827000.0,702058000.0,3301170409.6000004,5773163409.6,41.74944789254299,0.9282281917054602,0.3815145845344161,1.1736573573623297,0.01756746831268428,41.74944789254299,0.02983723895195226,8.236391468127735,13.085135837389608,1.5616972987957907,0.49347560685576575,2.5430341211044047,0.009428171266012066,0.06163532612732367,0.44488377448912786,0.009699033326039054,-269.37335043655656,0.6394413215469944,0.16981132075471692,0.5791899063312107,0.14840039593293583,0.24736052436196532,0.12601490281536676,0.1777744579933148,0.21789280558229066,0.05227321329272674,0.14547325234702643,0.12453115275340183,Utilities—Diversified,Utilities,NWE
2020Q4,2020,Q4,2021-02-12,2020-12-31,53551000.0,313445000.0,66496000.0,1.06,227608000.0,0.7261497232369315,6389449000.0,2079095000.0,308680000.0,466423000.0,4310354000.0,61010000.0,670111000.0,2949144870.0,5376033870.0,41.10751922810764,0.661802698408955,0.3807370557304707,1.1700764034351485,0.016445147461447773,41.10751922810764,0.025756879796257508,9.408811338512338,13.76792622920207,1.4184752837171941,0.5618942690145843,1.4069332896246518,0.010202957578004638,0.04905665574605885,0.37313768832154504,0.008381160879443595,-31.66322961960898,0.7261497232369315,0.8275862068965519,0.13136718839800313,-0.08279452688203658,0.2356090399128604,0.07073368082343864,0.8173827462159777,0.3391602054173799,0.09244856428886489,-0.11115479046461649,0.12921909605299156,Utilities—Diversified,Utilities,NWE
2020Q3,2020,Q3,2020-10-22,2020-09-30,29466000.0,280610000.0,49655000.0,0.58,212572000.0,0.7575353693738641,6075639000.0,2054550000.0,281328000.0,493516000.0,4021089000.0,69055000.0,646650000.0,2460065280.0,4763535280.0,40.62221958597782,0.5700483874889568,0.37971018357081454,1.1228648609184493,0.012482846797723738,40.62221958597782,0.014341826677374608,8.76684822351306,20.872066788841376,1.1973742571365993,1.0211090748659473,0.9852726087900948,0.012230569751384807,0.046186088409795246,0.2768441144765317,0.004849860236923228,-766.614297288875,0.7575353693738641,0.34883720930232553,0.15219429885184307,-0.042583522481633,0.25877459914569756,0.020425601367147186,0.37089420303340465,0.10740649880684226,-0.22420318088307395,-0.1320260965254655,0.14103762638897288,Utilities—Diversified,Utilities,NWE
2020Q2,2020,Q2,2020-07-29,2020-06-30,21494000.0,269360000.0,44839000.0,0.43,208317000.0,0.7733776358776359,5971775000.0,2053556000.0,263586000.0,428866000.0,3918219000.0,61224000.0,647272000.0,2757061407.0,5026061407.0,40.6084075007329,0.6146115569898289,0.38120391340932974,1.1085473198685598,0.010667124986799972,40.6084075007329,0.010466722115199195,10.235600709088208,32.067802724016005,1.3425791198292134,1.3997859867870104,0.9970436430158108,0.010912705797415705,0.04510551720384643,0.30911286975418895,0.0035992648751836764,-74.40657977546284,0.7733776358776359,-0.5700000000000001,-0.3544236361884315,-0.07384609438539083,0.2596029961114918,-0.14618231598103146,-0.5760886715052067,-0.40384768793043846,-0.056643900213239264,-0.09083525196155176,0.1515400950709909,Utilities—Diversified,Utilities,NWE
2020Q1,2020,Q1,2020-04-23,2020-03-31,50704000.0,335255000.0,75214000.0,1.0,243983000.0,0.7277535010663525,5966943000.0,2060476000.0,330302000.0,348315000.0,3906467000.0,53236000.0,655865000.0,3021821485.02,5224153485.02,40.79601647255615,0.948285316452062,0.3785397313163541,1.096215146403064,0.017976627012532883,40.79601647255615,0.024607906134310714,9.0135016182309,14.899324930084411,1.4665647573764509,0.5933456926475229,1.7144789240363663,0.009955915711480516,0.0561853867214753,0.6095172473192368,0.008497483552298053,37.871708400947476,0.7277535010663525,-0.1525423728813559,-0.08292807459447443,-0.09880072221828522,0.27243773890894246,-0.007476985286041469,-0.15467973725450967,-0.11148125834307923,-0.14128510851751214,-0.1256001669438791,0.15489854221008365,Utilities—Diversified,Utilities,NWE
2019Q4,2019,Q4,2020-02-13,2019-12-31,59982000.0,328135000.0,84651000.0,1.18,245821000.0,0.7491459307906807,5910702000.0,2039094000.0,301727000.0,334267000.0,3871608000.0,53925000.0,635246000.0,3615908385.63,5863959385.63,40.41636330189756,0.9026526698716894,0.38120615791491436,1.1049985925121648,0.019574104630392327,40.41636330189756,0.029416005343549635,11.01957543581148,15.070806181979593,1.7732916607228506,0.47987729652229,1.5264534075104312,0.007960378673970458,0.055515402400594716,0.5162041122814995,0.010148033177784973,-119.40390270547833,0.7491459307906807,1.8095238095238095,0.38982406575987205,-0.09697135768458023,0.18835539577241772,0.16719133560294194,1.7679741578218735,0.8261066528604711,0.25207933086323325,-0.04807539855954947,0.16665950060798168,Utilities—Diversified,Utilities,NWE
2019Q3,2019,Q3,2019-10-30,2019-09-30,21670000.0,274836000.0,46356000.0,0.42,210609000.0,0.7663079072610575,5810180000.0,2004524000.0,265822000.0,333684000.0,3805656000.0,55168000.0,604048000.0,3785822200.0,5977344200.0,39.737610022995796,0.7966279473993358,0.3780550688618941,1.0958052884375542,0.010706455249238278,39.737610022995796,0.01081054654371811,13.774840996084938,43.67584448546377,1.8886389985852003,1.32814951545916,1.164207511600928,0.007602311592974441,0.04730249321019314,0.39384267750326657,0.003729660698980066,282.50296246548766,0.7663079072610575,-0.5531914893617021,-0.44306378959358794,-0.15345742385595532,0.43791791247770784,-0.020309338295150598,-0.5453401032268893,-0.05052946357249657,-0.5346841624671316,-0.1254543658189074,0.1644313908547465,Utilities—Diversified,Utilities,NWE
2019Q2,2019,Q2,2019-07-24,2019-06-30,47662000.0,270719000.0,48823000.0,0.94,214975000.0,0.7940890739105863,5720435000.0,2010078000.0,252994000.0,275786000.0,3710357000.0,51781000.0,611159000.0,3623177030.0,5799059030.0,39.850082274340316,0.9173562109751764,0.3811072060079347,1.084584279814017,0.021723673874155098,39.850082274340316,0.02371151766249867,13.383534328953639,19.00453731484201,1.8025056888339657,0.6038563215979187,1.0765338637724262,0.00794358094061995,0.047324897494683535,0.4722574749987309,0.008331883851490316,-75.07463645593751,0.7940890739105863,-0.3472222222222222,3.7741780752221388,-0.22284603984237628,0.46147053887386064,-0.19930349926439092,-0.34535615196549735,-0.49677386105957533,0.2833495616373669,-0.11545965816487665,0.1827698621565071,Utilities—Diversified,Utilities,NWE
2019Q1,2019,Q1,2019-04-24,2019-03-31,72806000.0,384220000.0,97020000.0,1.44,268485000.0,0.6987793451668315,5700655000.0,1989792000.0,288131000.0,347242000.0,3710863000.0,47555000.0,592278000.0,3548333830.0000005,5646497830.0,39.49488894622973,0.8297700162998716,0.36875113473802573,1.0564536393753718,0.02308652571747561,39.49488894622973,0.036589754104951674,9.235161704231952,12.184208135318519,1.7832687185394254,0.3953108260308216,2.4337083377142257,0.008111130851518556,0.06739927253973448,0.49993664360878004,0.012771514852240663,77.39511483848453,0.6987793451668315,0.09923664122137396,0.23191767798005783,-0.19852065197915983,0.42844679598688773,0.13549759565568606,0.09495879203513205,0.49856352908467455,0.8319996163318658,0.10635856436615107,0.18000040413434973,Utilities—Diversified,Utilities,NWE
2018Q4,2018,Q4,2019-02-12,2018-12-31,66492000.0,308816000.0,64742000.0,1.31,236447000.0,0.7656565721983317,5644376000.0,1942382000.0,277685000.0,347009000.0,3701994000.0,50815000.0,548253000.0,2994646640.0,5111344640.0,38.55385958992478,0.8002242016777663,0.3764026351185676,1.0937899959946087,0.024411985865285795,38.55385958992478,0.034232195314824784,9.697187451427387,11.259424592432172,1.5417392871227182,0.41326776153522227,1.4241660926891666,0.009176040883407866,0.05471215950177664,0.49057229063223146,0.011780221586938928,-54.45406117030949,0.7656565721983317,1.3392857142857142,0.9653242767389919,-0.2535934595963763,0.4534625513725516,0.13880660993030772,1.3593783265914414,0.35420850066934406,0.4102355949735748,-0.09282438791426947,0.158851186531091,Utilities—Diversified,Utilities,NWE
2018Q3,2018,Q3,2018-10-24,2018-09-30,28182000.0,279874000.0,47808000.0,0.56,207627000.0,0.7418588364764144,5500098000.0,1899900000.0,247222000.0,349713000.0,3600198000.0,52738000.0,509240000.0,2941579347.98,4973524347.98,37.758000332804606,0.7069282525956999,0.370694667622286,1.0731391125848728,0.012223361049385572,37.758000332804606,0.014833412284857097,10.51037019508779,26.09448715474416,1.5482811453129113,0.9747356468667944,1.3699230156623308,0.009338520825169585,0.050885275135097593,0.38557903194905535,0.005123908701263141,131.66141562886045,0.7418588364764144,-0.3563218390804597,0.3766291417602466,-0.1843072525139069,0.4459434051385292,-0.09580754876386488,-0.35638431497933176,-0.3092327698309493,0.10766301960406599,-0.04017597310731595,0.17002005842820733,Utilities—Diversified,Utilities,NWE
2018Q2,2018,Q2,2018-07-20,2018-06-30,43787000.0,261817000.0,69210000.0,0.87,229627000.0,0.8770515283575933,5438974000.0,1897731000.0,231920000.0,299811000.0,3541243000.0,46698000.0,508528000.0,2855010326.0,4882587326.0,38.054188021875476,0.7735540056902516,0.3738105753033569,1.0713562670367929,0.016344998208773897,38.054188021875476,0.023073343903851493,10.904602550636513,16.300559104300362,1.504433624154319,0.6236554228423962,0.6893228832069896,0.009564939135705249,0.04813720381822013,0.45209815517109114,0.008050599249049545,295.9173223466003,0.8770515283575933,-0.2627118644067796,1.3322083112603456,-0.2312993782835919,0.44630594176031996,-0.06436997045940715,-0.25149147848681175,-0.181063044301401,0.33362573541644486,-0.0871355364783726,0.18037549849940043,Utilities—Diversified,Utilities,NWE
2018Q1,2018,Q1,2018-04-25,2018-03-31,58499000.0,341502000.0,84512000.0,1.18,245425000.0,0.7186634338891134,5400418000.0,1834623000.0,258034000.0,326331000.0,3565795000.0,43714000.0,492049000.0,2658580800.0,4694242800.0,37.126092763477416,0.7907124974335874,0.37782334626690006,1.1121652786430782,0.020989339792474478,37.126092763477416,0.03188611502199634,7.7849640704886065,11.361650626506435,1.449115594866084,0.46060616420793515,2.197854234341401,0.010135106670446127,0.06323621615956394,0.5363020981763914,0.010832309647142128,21.967566495624798,0.7186634338891134,0.21649484536082472,0.16762798296300682,-0.1746477414762989,0.4226195425117001,0.04204260305787545,0.2214264834843613,0.18980712375052794,0.08141361318970766,-0.061744678367886635,0.15797192018152226,Utilities—Diversified,Utilities,NWE
2017Q4,2017,Q4,2018-02-13,2017-12-31,47894000.0,344548000.0,71030000.0,0.97,235523000.0,0.6835709393175987,5420917000.0,1798915000.0,296359000.0,632238000.0,3622002000.0,52432000.0,458352000.0,2950135200.0,5078980200.0,36.40349279585559,0.46874594693770383,0.3942724081552992,1.1881150582434412,0.016766402518835623,36.40349279585559,0.02662382602846716,8.562334420748343,15.399294274856977,1.63995252693985,0.5352862571512089,2.0793599328654255,0.008690110202406993,0.06355898826711422,0.301713911533315,0.008835036581449227,-52.31107170721328,0.6835709393175987,0.2933333333333333,-0.3827183248989526,-0.07164822818257881,0.457025213997235,0.10872962819993787,0.3153356036471493,0.15409612322490496,0.13300654994520664,-0.03192026671592584,0.07036565278712852,Utilities—Diversified,Utilities,NWE
2017Q3,2017,Q3,2017-11-02,2017-09-30,36412000.0,309933000.0,61546000.0,0.75,212426000.0,0.6853932946798179,5628955000.0,1726188000.0,253713000.0,601780000.0,3902767000.0,56527000.0,436095000.0,2760844029.06,4841657029.059999,35.60112186180436,0.42160424075243447,0.37106017013815173,1.2099962460635805,0.014893671676183969,35.60112186180436,0.02109387853466714,8.90787373096766,18.95559176274305,1.5993878007841555,0.6930956827419532,1.7249632918782174,0.009141045178344458,0.05506048636025692,0.22855362424806408,0.006468696232249147,61.50927991667595,0.6853932946798179,0.7045454545454546,8.406340085451264,0.00816885828135371,0.4900662002479682,0.06287932992759895,0.6679798442510307,0.4085364458175993,-0.026409818088652514,-0.006819660533035265,0.2882377878228247,Utilities—Diversified,Utilities,NWE
2017Q2,2017,Q2,2017-07-26,2017-06-30,21830000.0,283859000.0,43695000.0,0.44,199859000.0,0.7040784333066769,5556932000.0,1708597000.0,248017000.0,578428000.0,3848335000.0,50599000.0,424920000.0,2956480020.0,5062449020.0,35.264432106664465,0.4287776525341097,0.3820143921142098,1.2424392644959579,0.011036128017558466,35.264432106664465,0.012776564631683187,10.415311897808419,33.85799381584975,1.730355385149336,1.1544663307375171,1.66011185991818,0.008524326168116637,0.051081963932616055,0.24339070722717435,0.003928426693002542,-63.47783188405797,0.7040784333066769,-0.6239316239316239,0.4431022184246447,-0.12252583216963542,0.4335437229696035,-0.19247257520353947,-0.6140859511729454,-0.48681057972376207,1.2764652763954447,-0.15165610547498162,0.29329541252147273,Utilities—Diversified,Utilities,NWE
2017Q1,2017,Q1,2017-04-27,2017-03-31,56567000.0,367312000.0,85144000.0,1.17,247495000.0,0.6738004748007144,5500301000.0,1709203000.0,244652000.0,545070000.0,3791098000.0,42277000.0,428292000.0,2840258200.0,4876211200.0,35.3243293514653,0.44884510246390374,0.3724134370100836,1.1984451232533526,0.020128492236350843,35.3243293514653,0.03309554219130203,7.732549440257873,12.552628741138827,1.661744216456442,0.44538335071684904,2.8340941883293516,0.00887032031101961,0.06678034529383028,0.28433962610306934,0.01028434625668668,26.984287831572548,0.6738004748007144,0.23157894736842102,0.32542771789683433,-0.1078000731072324,0.4587609820582401,0.11034096007178107,0.2312162632770329,0.3271400960159611,-0.0033911827395162165,-0.20219905244427325,0.2776064556399546,Utilities—Diversified,Utilities,NWE
2016Q4,2016,Q4,2017-02-17,2016-12-31,45944000.0,330590000.0,64156000.0,0.95,222900000.0,0.6742490698448229,5499321000.0,1676227000.0,280195000.0,613832000.0,3823094000.0,49206000.0,396919000.0,2751711820.0,4867106820.0,34.64280990369115,0.45646854513938667,0.38558832990472824,1.2650279466921843,0.018125582533086753,34.64280990369115,0.027409175487568212,8.323639009044436,14.973183767194845,1.6416104859306047,0.5212650182831273,2.1885542413526804,0.008703309636544717,0.06011469415951533,0.2682085652100249,0.008354485944719357,-52.03789443824581,0.6742490698448229,0.03260869565217382,0.011106189736939696,-0.1235871563013611,0.4649038420984196,0.0881557493092237,0.030019056159623362,0.14327464537743245,0.41397160524619,-0.16802089784677676,0.3060177996418201,Utilities—Diversified,Utilities,NWE
2016Q3,2016,Q3,2016-10-20,2016-09-30,44605000.0,300998000.0,56116000.0,0.92,204842000.0,0.6805427278586569,5393941000.0,1648807000.0,238339000.0,546814000.0,3745134000.0,54311000.0,372321000.0,2779561950.0,4818129950.0,34.126192693780396,0.4358685037325306,0.37887529730117553,1.2394604098599775,0.01925833293560607,34.126192693780396,0.027052893395042597,9.234486441770377,15.578757706535143,1.685801885848374,0.5369577401636588,1.7704700705197842,0.008616825395814617,0.05580298338450495,0.2228984627313858,0.008269463829878747,81.17405379358682,0.6805427278586569,0.2602739726027398,1.2475678224580582,-0.07429931803129591,0.476343011661608,-0.031145501757107653,0.2540414405802806,-0.11963854287596874,1.2691774803595424,-0.08637614862247583,0.3068632563464249,Utilities—Diversified,Utilities,NWE
2016Q2,2016,Q2,2016-07-22,2016-06-30,35569000.0,293120000.0,63742000.0,0.73,211427000.0,0.721298444323144,5307606000.0,1627635000.0,237991000.0,520676000.0,3679971000.0,49923000.0,351667000.0,3046848630.0,5095677630.0,33.692169161025895,0.45708079496654347,0.38770737692285373,1.2642871405444096,0.015854955178854532,33.692169161025895,0.021853179613365404,10.394543634006551,21.415056861311815,1.8719483360827214,0.6731423430515336,1.6363800252388678,0.007858283396244729,0.055226405275749554,0.2396922462337423,0.006701514769559006,-42.871093710426344,0.721298444323144,-0.07594936708860765,1.4335530881391334,-0.12631440605340508,0.45571774079784555,-0.026153243822113724,-0.06530193934934567,0.029208983901958568,0.9556806900036307,-0.11159910632692781,0.28052093557675073,Utilities—Diversified,Utilities,NWE
2016Q1,2016,Q1,2016-04-20,2016-03-31,38054000.0,332539000.0,61933000.0,0.79,217105000.0,0.6528707910951798,5261173000.0,1614671000.0,250476000.0,518197000.0,3646502000.0,46633000.0,340041000.0,2978943500.0,4927942500.0,33.47023340657518,0.48336057522525216,0.3721652946975893,1.2126470345971407,0.01615235635974279,33.47023340657518,0.02356764938492114,8.958177837787447,19.570501786934358,1.844922897605766,0.6286329952173227,2.4753715180237172,0.008030363785013043,0.06320624697192052,0.2779058929326106,0.007232987776680219,32.80124534783853,0.6528707910951798,-0.14130434782608695,-0.12238761961908402,-0.2614518856922969,0.4426522766986721,-0.00236651043102656,-0.15459978228511764,-0.14376762705303323,-0.22196586703278035,-0.1767514716545621,0.2825321651801505,Utilities—Diversified,Utilities,NWE
2015Q4,2015,Q4,2016-02-11,2015-12-31,45013000.0,324989000.0,72332000.0,0.92,217620000.0,0.6696226641517098,5278640000.0,1600174000.0,286660000.0,571200000.0,3678466000.0,53458000.0,325909000.0,2609316500.0,4637500500.0,33.26903405547008,0.5018557422969188,0.3864942485185578,1.2749638476815646,0.017597723700490453,33.26903405547008,0.028130065855338234,8.028937902513624,14.492016195321352,1.6306454798040715,0.509030724457379,2.0084739421602005,0.008781226807863286,0.061566805086158555,0.29129901960784316,0.008527385841807738,-57.9333148312611,0.6696226641517098,0.803921568627451,0.5015690822577771,-0.16042009010520325,0.46978818992249216,0.09267832216989184,0.8914614673501975,0.4925816636057861,-0.4039525923667356,-0.10035313860640814,0.3315706197750114,Utilities—Diversified,Utilities,NWE
2015Q3,2015,Q3,2015-10-22,2015-09-30,23798000.0,272739000.0,48461000.0,0.51,199162000.0,0.7302292668081939,5235078000.0,1518846000.0,315836000.0,574913000.0,3716232000.0,58692000.0,303809000.0,2533508950.0,4552044950.0,32.27124189950069,0.549363121028747,0.38751495202172725,1.3356660253903292,0.010683180118301881,32.27124189950069,0.015668474618229893,9.289133383931159,26.614725502143035,1.6680486040059361,0.9406252626271115,1.253612076603285,0.00883557170776918,0.05209836415044819,0.2219274916378652,0.00454587305098415,60.34319280695487,0.7302292668081939,-0.2153846153846154,0.2728414012115462,-0.12899466504315052,0.44202395179754805,0.04255285735972319,-0.23165337552061474,-0.20727278675652686,5.986845608693737,-0.08601504169626722,0.3506958286632733,Utilities—Diversified,Utilities,NWE
2015Q2,2015,Q2,2015-07-23,2015-06-30,30973000.0,270560000.0,61132000.0,0.65,191033000.0,0.7060651981076286,5060068000.0,1516654000.0,312165000.0,510022000.0,3543414000.0,51062000.0,302396000.0,2293395000.0,4221602000.0,32.23905280163252,0.6120618326268279,0.38755902094596356,1.2930272824256555,0.0137795201052906,32.23905280163252,0.02042192879852623,8.476474719101123,18.511243663836247,1.5121412003001342,0.7226939592548348,1.5574595589675297,0.00976020266896893,0.05346963716693135,0.30539074785009274,0.006121063985701378,-206.70527264533573,0.7060651981076286,-0.4036697247706422,1.037435783269078,-0.14744760233398105,0.4437356308179634,-0.18229175584282167,-0.39770539620807,-0.2712925105196028,1.10875019080477,-0.13862201965630144,0.3105582315483179,Utilities—Diversified,Utilities,NWE
2015Q1,2015,Q1,2015-04-23,2015-03-31,51425000.0,346011000.0,83891000.0,1.09,233620000.0,0.6751808468516897,4989091000.0,1506144000.0,317943000.0,544547000.0,3482947000.0,48037000.0,293807000.0,2526892830.0,4416266830.0,32.06130659684526,0.5838669573057973,0.3811281453876067,1.2624841980580874,0.020428623382915623,32.06130659684526,0.03414348163256634,7.302926294250761,12.284359893048126,1.6777232655044936,0.435119105493437,2.339675666673606,0.008855144046611585,0.06935351550011816,0.29557044662811477,0.010307488879236718,35.96334955808889,0.6751808468516897,0.2528735632183909,0.37870494071863453,-0.20279544615669234,0.4426915863926364,0.14044422748352453,0.383545427641314,0.6584493120354262,0.24108533628741258,-0.1343318993241783,0.3240105036939436,Utilities—Diversified,Utilities,NWE
2014Q4,2014,Q4,2015-02-12,2014-12-31,37169000.0,312947000.0,50584000.0,0.87,204850000.0,0.6545836834991229,4973943000.0,1477783000.0,350885000.0,614582000.0,3496160000.0,55094000.0,264758000.0,2458457580.0,4397926580.0,34.01033347909139,0.570932764057522,0.39401959371066375,1.3261967420115133,0.015004610589771516,34.01033347909139,0.025151866004684043,7.855827280657747,16.53567206543087,1.663612032348457,0.5002286851946515,1.962046683849421,0.007562872002046096,0.06291728715025484,0.2991317676079026,0.007472743455242651,-62.67418497935043,0.6545836834991229,0.12987012987012983,0.2081614730013132,-0.1385814052199173,0.5630015750539458,0.30212306127637933,0.23112848199794642,0.6324265014360861,-0.08910401491332903,-0.07613235301598265,0.4381589808412461,Utilities—Diversified,Utilities,NWE
2014Q3,2014,Q3,2014-10-23,2014-09-30,30191000.0,251912000.0,30987000.0,0.77,157320000.0,0.6245037949760234,3874298000.0,1081686000.0,320480000.0,493070000.0,2792612000.0,62966000.0,246182000.0,1775442473.28,3140059473.2799997,27.63552055243755,0.6499685643012149,0.35679960601894845,1.277956819261782,0.031909106830494825,27.63552055243755,0.02791105736784982,7.047867800184191,14.701752784604682,1.6413658615161886,0.5129343181742904,1.5022710669250072,0.008722332732859966,0.06502132773472769,0.280779605329872,0.007792637530721695,280.0824220350213,0.6245037949760234,2.85,0.46790660380297566,-0.005995833959565125,0.28152505334999994,-0.003086048147420583,2.8976245804286083,0.23468940510818026,0.87782529520899,-0.043677763188561605,0.19554818222244152,Utilities—Diversified,Utilities,NWE
2014Q2,2014,Q2,2014-07-24,2014-06-30,7746000.0,270281000.0,25097000.0,0.2,157807000.0,0.5838627206499902,3791777000.0,1067153000.0,290657000.0,430907000.0,2724624000.0,52925000.0,231477000.0,2042560030.0,3384402030.0,27.26711296215857,0.6745237371404966,0.35834807795922596,1.2732719675622897,0.008841578336931322,27.26711296215857,0.007258565547770563,7.557172091267977,65.92305802995094,1.914027351279526,1.9992254066615027,2.12515824279641,0.007581662116437284,0.07128082690516874,0.3417814052684222,0.0020428416544538354,-42.53915424025325,0.5838627206499902,-0.8290598290598291,0.16648890699089317,0.05298581867974072,0.2744209912596075,-0.21991645863713882,-0.8300570425625274,-0.6482550805886476,-0.3458351909633572,-0.005589376692874155,0.178114115765187,Utilities—Diversified,Utilities,NWE
2014Q1,2014,Q1,2014-04-24,2014-03-31,45580000.0,369723000.0,71350000.0,1.17,202295000.0,0.5471528684988491,3751258000.0,1074317000.0,316917000.0,419204000.0,2676941000.0,38079000.0,239217000.0,1842929597.97,3094664597.9700003,27.648834424346504,0.7559970801805326,0.3388772513114267,1.1832783061237977,0.025541925272475105,27.648834424346504,0.04242695591710827,4.984622536250112,10.108214117869679,1.7154430191181933,0.33905221588415974,4.396859161217469,0.008385561780017365,0.0985597364937309,0.4547451837291629,0.01215059054855731,30.432471316258795,0.5471528684988491,0.7462686567164177,0.8477442671323252,-0.07813767724260148,0.28278939743123693,0.10573322911599281,0.7468286513624344,0.4280853448620952,0.3051079409641853,0.019488566334902147,0.19173515899390844,Utilities—Diversified,Utilities,NWE
2013Q4,2013,Q4,2014-02-19,2013-12-31,26093000.0,319090000.0,49962000.0,0.67,182951000.0,0.5733523457331787,3715260000.0,1030670000.0,320956000.0,463588000.0,2684590000.0,55609000.0,209091000.0,1683232346.28,2994279346.2799997,26.525526614715407,0.6923302587642476,0.3573381136178895,1.2880980333181329,0.017356656797395044,26.525526614715407,0.025316541667070935,5.275102153875082,16.127240507799026,1.6331438251622732,0.5588088759437397,2.4481468826988437,0.008662499881388626,0.08588631751209876,0.41301759320776205,0.007023196223144544,-31.098980993625865,0.5733523457331787,0.675,0.1346118256809413,-0.09498670860620614,0.24836552365540637,0.15828426717315605,0.6676040135489231,0.5910958249737269,0.07746400590203865,0.020417664402873535,0.17186767986049295,Utilities—Diversified,Utilities,NWE
2013Q3,2013,Q3,2013-10-24,2013-09-30,15647000.0,262248000.0,31401000.0,0.4,157950000.0,0.6022924865013269,3633650000.0,1004282000.0,280661000.0,417964000.0,2629368000.0,62623000.0,197579000.0,1727578280.0,2906702280.0,26.11305546166047,0.6714956312026873,0.3275067769322857,1.1849709543733733,0.012638533856612082,26.11305546166047,0.015580285218693554,6.587574662151856,27.602388317249314,1.7202123307995165,0.9251613727871157,1.665490315059962,0.008379359805333973,0.07217205839857994,0.3352346135073834,0.0043061384558226576,-72.35929968586387,0.6022924865013269,0.08108108108108115,0.15729477251560334,-0.04678596044358355,0.3176164688767104,0.03068229275422844,0.09106756850986682,-0.03854868340477648,0.024153351962525892,0.024910238101078244,0.16684853801411337,Utilities—Diversified,Utilities,NWE
2013Q2,2013,Q2,2013-07-25,2013-06-30,14341000.0,260161000.0,32660000.0,0.37,153248000.0,0.5890506263429184,3551048000.0,1002250000.0,246081000.0,352483000.0,2548798000.0,47610000.0,196407000.0,1507300440.0,2651981440.0,26.311298960411634,0.6981357966199788,0.32454475411202555,1.1498867548016962,0.013020765287291024,26.311298960411634,0.014308805188326265,5.793721733849424,26.276069311763475,1.5039166275879272,1.0080886967436022,2.2455996639361477,0.009591319431977344,0.07326316062187839,0.35269502358979016,0.004038526091452439,-46.372767659365,0.5890506263429184,-0.6336633663366337,0.5440052345783708,-0.03735159534935593,0.23254013616452926,-0.15250188028137857,-0.6216294654635639,-0.42711804946500614,0.16506607994961583,0.012441989941030506,0.17827778737737468,Utilities—Diversified,Utilities,NWE
2013Q1,2013,Q1,2013-04-25,2013-03-31,37902000.0,313020000.0,57010000.0,1.01,180824000.0,0.5776755478883139,3480730000.0,975610000.0,265378000.0,376036000.0,2505120000.0,38848000.0,196523000.0,1491995439.9999998,2616959440.0,26.096993366145945,0.7057249837781489,0.3251754660660264,1.1601439099640225,0.02350864328501351,26.096993366145945,0.03884954028761493,4.766454028496581,9.841139253865231,1.529294943676264,0.3738588992665295,3.4029036243822075,0.009497348061599974,0.08992941135911145,0.39935006222808456,0.010889095103613322,20.22605861779139,0.5776755478883139,-0.356687898089172,0.6848750005509345,-0.15456575151926752,0.21886133430977836,-0.15194889857097968,-0.3542770499344089,-0.3596036979207621,0.27690524141221873,-0.09374281423698463,0.17430999406580144,Utilities—Diversified,Utilities,NWE
2012Q4,2012,Q4,2013-02-14,2012-12-31,58697000.0,280773000.0,89023000.0,1.57,213223000.0,0.7594141886862341,3485533000.0,934032000.0,303128000.0,449265000.0,2551501000.0,54161000.0,172791000.0,1298346320.0,2499706320.0,24.984806334260647,0.6747198201506905,0.3474883181424476,1.2967243092313754,0.03206998193988747,24.984806334260647,0.06284260068177536,4.624185089022093,5.529866603063188,1.390044795039142,0.23275465526347172,1.2472074001587858,0.010522616184563146,0.08055382060648975,0.34170701033910944,0.016840179106036295,-39.571664736360866,0.7594141886862341,16.7,2.3187078321743027,-0.04975036399847201,0.1830856359702827,0.4931059836840447,16.561240721102862,19.19119981855296,1.2175530515754558,-0.10171778759242599,0.1482184282866512,Utilities—Diversified,Utilities,NWE
2012Q3,2012,Q3,2012-10-24,2012-09-30,-3772000.0,235866000.0,4409000.0,-0.1,142805000.0,0.6054497044932292,3306946000.0,888819000.0,287124000.0,321716000.0,2418127000.0,59376000.0,127756000.0,1334401699.37,2404836699.37,23.89230884901612,0.8924765942632632,0.3291952756410295,1.2248061753855397,0.0006690802617300442,23.89230884901612,-0.004243833671422416,5.657456773634181,-88.44125791158537,1.5013199530725603,-3.620625662778367,1.5673167609808676,0.010234549316332381,0.07132441836062639,0.39680650014298324,-0.001140629450858889,76.19057321970995,0.6054497044932292,-1.3225806451612905,-1.28063872580749,-0.1302390547611804,0.12710386481691116,-0.03624743548212936,-1.3297779332051058,-0.846483286908078,-1.1929616302973658,-0.020773765277217724,0.10794339170460794,Utilities—Diversified,Utilities,NWE
2012Q2,2012,Q2,2012-07-24,2012-06-30,11438000.0,244603000.0,28720000.0,0.31,148176000.0,0.6057816134716254,3224089000.0,901202000.0,233607000.0,394691000.0,2322887000.0,43012000.0,145185000.0,1344504500.0,2405384500.0,24.59948137027433,0.5918731362002174,0.3315618768588584,1.186176905954492,0.011705358862007447,24.59948137027433,0.012691938100448068,5.4966803350735685,29.386791834236757,1.4919013717235425,1.1863087952439237,2.2418627359806567,0.010092193815639887,0.0758673225211835,0.2813238710788946,0.00354766881435345,-52.595724289011464,0.6057816134716254,-0.6477272727272728,3.616268214309385,-0.07443862249241733,0.17027192500179464,-0.13197113131502483,-0.6430421620946852,-0.47813130303636,0.8401132353355232,0.018028932415341314,0.14974018246394732,Utilities—Diversified,Utilities,NWE
2012Q1,2012,Q1,2012-04-25,2012-03-31,32043000.0,309100000.0,55033000.0,0.88,170704000.0,0.5522614040763507,3217371000.0,879702000.0,263856000.0,415237000.0,2337669000.0,41676000.0,147316000.0,1288203645.6000001,2332766645.6000004,24.21529625890076,0.6354347035548373,0.32708537498473134,1.1962630527155786,0.022388881321536578,24.21529625890076,0.03642483477359378,4.1675951006146885,10.050585506975002,1.464363665877763,0.41687732109977216,3.3207601497264614,0.01036947849482161,0.09607222791527617,0.3354807013825839,0.009959373662533789,17.69073094015216,0.5522614040763507,-0.053763440860215096,0.6459305851950827,-0.17088711021011538,0.1414230435047971,0.07244319074214849,-0.060763278227224764,0.11556393416038271,0.38934640026135237,-0.17567507859685122,0.12348769643689556,Utilities—Diversified,Utilities,NWE
2011Q4,2011,Q4,2012-02-16,2011-12-31,34116000.0,283209000.0,49332000.0,0.93,159173000.0,0.5620336924320908,3210438000.0,859112000.0,290199000.0,475954000.0,2351326000.0,59532000.0,128631000.0,1300192004.3999999,2404327004.3999996,23.648521430639864,0.6097206872933099,0.34576683929108737,1.2921051038746985,0.024081260984943065,23.648521430639864,0.0397107711218095,4.590927563742677,9.527728957087584,1.5134138557021668,0.3804373314573807,2.083518107908352,0.009982371800532202,0.0882150659816511,0.3216256192825357,0.010626587400223896,-31.71664156705859,0.5620336924320908,1.2682926829268293,3.2338367414257347,-0.08503968845760615,0.1372619360508904,0.09025589742184717,1.2904330312185297,0.5475249388292867,0.5866868591782483,-0.14087048013475914,0.11296560736551378,Utilities—Diversified,Utilities,NWE
2011Q3,2011,Q3,2011-10-26,2011-09-30,14895000.0,244041000.0,31878000.0,0.41,145996000.0,0.5982437377325941,3061824000.0,838209000.0,269014000.0,426513000.0,2223615000.0,72047000.0,107494000.0,1158208280.0,2208652280.0,23.115354916992995,0.6307287233917841,0.3450355082460651,1.2603515352376318,0.0158477644466796,23.115354916992995,0.017770031102028253,4.745957769391209,19.439548170527022,1.3817655023985664,0.8712990936555891,1.3608477799214402,0.011205238491301409,0.07970445068037875,0.26518769650631985,0.00486474728789114,-207.48983876746686,0.5982437377325941,0.36666666666666664,0.2797076721347026,0.018509812466897726,0.10684942731330771,0.03251083812473921,0.3577939835916135,0.21467764060356653,0.1684217978606659,-0.05922173444385194,0.16635804520378078,Utilities—Diversified,Utilities,NWE
2011Q2,2011,Q2,2011-07-27,2011-06-30,10970000.0,251806000.0,26244000.0,0.3,141399000.0,0.5615394390919994,3006990000.0,839181000.0,244076000.0,373023000.0,2167809000.0,44294000.0,105577000.0,1200502380.0,2232668380.0,23.144712890948206,0.6543189025877761,0.3447653633700145,1.2353783033695949,0.014412207918086475,23.144712890948206,0.013072269272064072,4.767568604401801,27.35875979945305,1.4305643001926878,1.1829535095715589,2.4925949338510858,0.010809641210373944,0.08374021862393956,0.2977215882130593,0.0036481664388641134,169.0134281289596,0.5615394390919994,-0.6629213483146068,5.39247433458957,0.06215794535265903,0.1109770036313745,-0.19745841113803927,-0.6632386799693016,-0.5482571649883811,0.24081173213214382,-0.021137914016165382,0.08420293581932466,Utilities—Diversified,Utilities,NWE
2011Q1,2011,Q1,2011-04-27,2011-03-31,32575000.0,338260000.0,58095000.0,0.89,176189000.0,0.52086856264412,3016439000.0,840832000.0,271032000.0,394763000.0,2175607000.0,26853000.0,107584000.0,1098132600.0,2123951600.0,23.200485624413663,0.6865689033673369,0.342456452790857,1.228543870832699,0.023741576135418736,23.200485624413663,0.038741389480895116,3.2464157748477502,8.427725249424405,1.3060071453036992,0.3983115886415963,6.035489516999963,0.011815512989961321,0.11213884981595848,0.3848005005534967,0.010799157549680269,12.995652071005917,0.52086856264412,0.435483870967742,0.5212165072667478,-0.08123048323560944,0.09939884869878586,0.16476273584281995,0.4421374180981052,0.28225219061072243,0.4937007379531447,-0.057607097775870725,0.083579800479669,Utilities—Diversified,Utilities,NWE
2010Q4,2010,Q4,2010-12-31,2010-12-31,22588000.0,291670000.0,45307000.0,0.62,151266000.0,0.5186203586244729,3037669000.0,820347000.0,303054000.0,303969000.0,2217322000.0,50701000.0,87984000.0,1044856859.9999999,2142544860.0,22.635257436123833,0.9969898246202737,0.36341089170676594,1.345676890389067,0.01722358174809755,22.635257436123833,0.027534689588674062,3.582325436280728,11.564291437931644,1.2736767002256362,0.5431645121303347,2.7692550442792054,0.011742278267666252,0.0960177030479621,0.4919514818945353,0.0074359648796494945,-53.26554139477977,0.5186203586244729,0.5499999999999999,-0.37779434547243046,-0.16300736828735937,0.09214706622693102,0.12135274581900131,0.5709020098755129,0.36883289525363305,0.317360102463883,0.018234348504479244,0.07182931822233382,Utilities—Diversified,Utilities,NWE
2010Q3,2010,Q3,2010-09-30,2010-09-30,14379000.0,240818000.0,33099000.0,0.4,134896000.0,0.5601574633125431,2899374000.0,810035000.0,253778000.0,299317000.0,2089339000.0,64696000.0,77665000.0,1031586000.0,2085247000.0,22.37913029063985,0.8478569543326975,0.3656727279750732,1.3088594937255797,0.013066949493910095,22.37913029063985,0.017751084829667856,4.283674808361501,17.935635301481327,1.2735079348423217,0.8508241185061548,1.6372264127612217,0.011859408716287349,0.08305861886048506,0.35147686232322256,0.004959346396842905,-170.1725503134279,0.5601574633125431,0.25000000000000006,0.6024579703901712,-0.008297825181696264,0.11565272010931371,0.020988018740113377,0.22992045162945857,0.2251628664495114,0.09951011657098857,-0.08732083563219468,0.055720667316757885,Utilities—Diversified,Utilities,NWE
2010Q2,2010,Q2,2010-06-30,2010-06-30,11691000.0,244059000.0,27016000.0,0.32,132123000.0,0.5413568030681106,2831949000.0,807888000.0,225096000.0,269103000.0,2024061000.0,42065000.0,75520000.0,947889800.0,1981988800.0,22.330302108958236,0.8364678208715622,0.36732582401731106,1.2876141247301607,0.013082777881950895,22.330302108958236,0.01447106529617967,3.883855133389877,20.26964759216491,1.1732935753470777,1.048926524677102,2.6610246047783193,0.012937157884808972,0.08618057740446597,0.3646707766171317,0.004128252309628457,-29.39284318893609,0.5413568030681106,-0.5949367088607596,3.9270318126013657,-0.03683688530759639,0.12446375394025218,-0.18112007734929902,-0.5929034055296329,-0.5276510184456683,3.7778470161703734,-0.06485725425883672,0.06232018641256271,Utilities—Diversified,Utilities,NWE
2010Q1,2010,Q1,2010-03-31,2010-03-31,28718000.0,334173000.0,57195000.0,0.79,161346000.0,0.4828217719564417,2814637000.0,803793000.0,252423000.0,303473000.0,2010844000.0,28136000.0,76092000.0,969690890.0,1953085890.0,22.223257485692166,0.8317807515001334,0.35191856001324506,1.232311055209488,0.021936658137806337,22.223257485692166,0.035728104126311125,2.901763128678858,8.441490441534926,1.2063937979056798,0.4259001323211923,6.142557577480807,0.012613297831435749,0.11872685536358685,0.4659689659376617,0.010203091908477008,20.004350579692208,0.4828217719564417,0.11267605633802827,0.49460571252400654,-0.01813072606239625,0.09829428618234819,0.08464253302410003,0.12140263188722715,0.1651998533186652,0.48163704466585977,-0.09968329070618426,0.04752541223135948,Utilities—Diversified,Utilities,NWE
2009Q4,2009,Q4,2009-12-31,2009-12-31,25609000.0,302408000.0,49086000.0,0.71,148755000.0,0.49190166926800877,2795132000.0,787024000.0,264827000.0,294992000.0,2008108000.0,47305000.0,59605000.0,941117380.0,1960959380.0,21.759628411070253,0.897742989640397,0.3664177577302253,1.3013402386712476,0.02059046924565609,21.759628411070253,0.03253903311716034,3.1120783180339147,9.18736947947987,1.1957924790095347,0.47061579913311724,3.2481344466758273,0.012806054012093584,0.10819095484578188,0.5020576829202148,0.009162000220383153,-10.941698600195322,0.49190166926800877,0.36538461538461525,1.4146633981638974,1.4860627164137785,0.09240644737200719,0.1648512564309374,0.354973544973545,0.8202247191011236,2.192110471538719,-0.018709097724738936,0.046424708077495484,Utilities—Diversified,Utilities,NWE
2009Q3,2009,Q3,2009-09-30,2009-09-30,18900000.0,232886000.0,26967000.0,0.52,127703000.0,0.5483498364006424,2754478000.0,775634000.0,237412000.0,327059000.0,1978844000.0,62271000.0,46048000.0,878698240.0,1800127240.0,21.564557384341636,0.7258996083275495,0.3367142522104007,1.1957598558082807,0.02900998479630574,21.564557384341636,0.024367162862896675,3.7730831393900877,11.622992592592592,1.1328774138317814,0.6378306878306879,1.689116924411042,0.013719158012652898,0.08454814306013698,0.29505685518515007,0.006861554167432087,-35.02324684124517,0.5483498364006424,2.0588235294117645,1.6646224662618598,-0.027251489070337486,2.337438082629841,-0.009078705392130237,2.0993768448671695,-0.0182751465288143,0.6370710718119367,-0.020101106866869823,0.03259145606181801,Utilities—Diversified,Utilities,NWE
2009Q2,2009,Q2,2009-06-30,2009-06-30,6098000.0,235713000.0,27469000.0,0.17,128873000.0,0.5467369215953299,2719970000.0,768961000.0,260374000.0,320623000.0,1951009000.0,47350000.0,39203000.0,817994400.0,1701540400.0,21.395687256538675,0.8120877167264982,0.33327904351886234,1.17887513150862,0.010125299182269806,21.395687256538675,0.007930181114516861,3.4702982016265542,33.53535585437849,1.063765782659979,1.9744178419153822,2.256388595564942,0.014718927171139555,0.08666014698691529,0.37715634873355935,0.0022419364919466023,-101.28707280832096,0.5467369215953299,-0.7301587301587301,2.3219190896865145,0.052831826680397785,2.394907901579253,-0.20884875347620832,-0.7326962696708017,-0.455660583001407,3.4632914355760556,0.0030725255284725387,0.02702144679443,Utilities—Diversified,Utilities,NWE
2009Q1,2009,Q1,2009-03-31,2009-03-31,22813000.0,370903000.0,50463000.0,0.63,162893000.0,0.4391795159381294,2791849000.0,774510000.0,349151000.0,371179000.0,2017339000.0,34929000.0,45145000.0,771862320.0,1627073320.0,21.55368174987477,0.940653970186891,0.33614174692112647,1.2116783514738352,0.018319500643832476,21.55368174987477,0.029454752036771635,2.081035526808896,8.458579757156008,0.996581477321145,0.5277254197168281,5.955223453290961,0.015597341246039838,0.13285209909275178,0.6078549702434675,0.008171287200704622,16.556108191587484,0.4391795159381294,0.0677966101694916,0.3981389652040787,0.1366089648466382,2.416887191918315,0.19537825917853657,0.07264434831671995,-0.016047264360644232,0.07447322601675539,0.016068228753111806,0.02136193546298738,Utilities—Diversified,Utilities,NWE
2008Q4,2008,Q4,2009-02-13,2008-12-31,21268000.0,326068000.0,51286000.0,0.59,136269000.0,0.41791589484402025,2762037000.0,763533000.0,313417000.0,588577000.0,1998504000.0,70741000.0,34371000.0,843370980.0,1732125980.0,21.24820504257806,0.5324995709992065,0.32586348408801186,1.1787925341799241,0.018457404121060103,21.24820504257806,0.027854722716634382,2.586488033170995,9.9136141151025,1.1045638891835716,0.5574572127139364,2.6830126800582406,0.014057870475932193,0.1180534511304519,0.2836740137654037,0.007700114082468844,-38.38739098771052,0.41791589484402025,0.6857142857142857,1.514921376380653,0.2671664709381417,2.3561187266124497,-0.038605625754016125,0.5896554301517303,0.45203850509626275,-0.40913343061638763,-0.05627677019055532,0.025222039790232773,Utilities—Diversified,Utilities,NWE
2008Q3,2008,Q3,2008-10-30,2008-09-30,13379000.0,272244000.0,35320000.0,0.35,141741000.0,0.52063957332393,2593814000.0,754229000.0,278254000.0,368224000.0,1839585000.0,90896000.0,24959000.0,956372410.0,1811497410.0,19.818403972987888,0.7556650299817502,0.33298455479074446,1.1451429207840058,0.013645250841489825,19.818403972987888,0.01773864436397964,3.512923737529569,17.870775282158604,1.2680133089552377,0.9159877419837058,1.4357397465234993,0.012814045942626053,0.1049589523381399,0.3180536847136526,0.005158041401580838,67.51181773259918,0.52063957332393,0.4583333333333333,1.2492790278885209,0.13651772234992698,2.331471300749369,0.0,0.407871198568873,0.12052282605247296,0.41810257916120747,0.06629326671622983,-0.01200555993291023,Utilities—Diversified,Utilities,NWE
2008Q2,2008,Q2,2008-07-31,2008-06-30,9503000.0,276506000.0,31521000.0,0.24,0.0,0.0,2570653000.0,831965000.0,284523000.0,345286000.0,1738688000.0,47304000.0,23835000.0,990693660.0000001,1769416660.0,21.347214738408642,0.8240212461553611,0.31235837742394634,0.9651427644191762,0.01154696430242813,21.347214738408642,0.011422355507743715,3.5829011305360465,26.06265547721772,1.190787665346499,1.3533620961801536,0.0,0.012981813167149974,0.10756255317228736,0.40848456062510496,0.003696726084773013,56.38873356480165,0.0,-0.5932203389830508,1.157738678926683,0.12650493424760667,2.5841541081558357,0.0,-0.5947720779497676,-0.39486263894488277,3.208661864236832,0.0129833236786694,0.07495944765072925,Utilities—Diversified,Utilities,NWE
2008Q1,2008,Q1,2008-04-24,2008-03-31,23451000.0,385975000.0,52089000.0,0.59,0.0,0.0,2548306000.0,834428000.0,271137000.0,321667000.0,1713878000.0,29579000.0,27193000.0,949747640.0,1732081640.0,21.41096171610387,0.8429120798838551,0.32024764686815477,0.978022070208574,0.019731318505010875,21.41096171610387,0.02810428221488253,2.460645482220351,10.124809603002005,1.1382020258188843,0.5484201100166304,0.0,0.013541491927266069,0.1514633642898459,0.5472585002502588,0.009202583991090552,14.840270633457296,0.0,0.2826086956521738,1.2687024857209146,-0.3423621978908285,2.793386300519705,0.0,0.27188415229417506,0.1763550135501355,0.1327070955070853,0.05250773384791165,0.05814986527540876,Utilities—Diversified,Utilities,NWE
2007Q4,2007,Q4,2008-02-26,2007-12-31,18438000.0,308024000.0,44280000.0,0.46,0.0,0.0,2547380000.0,823024000.0,278354000.0,321839000.0,1724356000.0,63586000.0,16603000.0,1149674000.0,1983269000.0,21.118341373293646,0.8648858590786076,0.33225039059739814,1.028363692917825,0.015655991931408264,21.118341373293646,0.02240274888703124,3.7324169545230244,15.588377264345375,1.3968900056377458,0.6974726109122464,0.0,0.011185779621005606,0.12091796276959071,0.4855067285195393,0.007238024951126255,-103.70503337542847,0.0,0.31428571428571445,1.0218716241166574,-0.39237480174309763,2.731646945546493,0.0,0.3992562798816119,0.3322101209459053,0.6134726097951602,1.4594808308543274,0.060211683681701836,Utilities—Diversified,Utilities,NWE
2007Q3,2007,Q3,2007-10-31,2007-09-30,13177000.0,265863000.0,33238000.0,0.35,0.0,0.0,2385708000.0,773111000.0,252406000.0,300183000.0,1612597000.0,79801000.0,11025000.0,1074800370.0,1778991370.0,21.19796550684105,0.8408404206767205,0.302821636176766,0.9344634858383855,0.014632214642237552,21.19796550684105,0.017044124323674092,4.042685029507679,20.39159842908097,1.3902277551347737,0.9204674812172725,0.0,0.011284886327309323,0.11143987445236382,0.403277334159496,0.005523307965601826,87.12007538299424,0.0,4.833333333333333,1.2395758866381503,-0.6078614278491781,0.9427461914876137,0.0,4.413722267871816,0.8239587334686934,1.456981246095444,0.0951754811528095,2.3147019824162536,Utilities—Diversified,Utilities,NWE
2007Q2,2007,Q2,2007-08-08,2007-06-30,2434000.0,259608000.0,18223000.0,0.06,0.0,0.0,2353941000.0,756479000.0,226904000.0,296787000.0,1597462000.0,57417000.0,9977000.0,1060566360.0,-14866229640.0,21.020312326331,0.764534834746805,0.31147934463947907,0.9692324572129564,0.007156976823269984,21.020312326331,0.0032175380942498074,4.0852607007488215,108.93245275267049,1.4019772657271385,4.59531635168447,0.0,0.010546251910158644,0.11028653649348051,56.480957723889524,0.0010340106230360064,106056.636,0.0,-0.8823529411764706,-0.8827537797899787,-0.6167283796193347,0.5949017314655048,0.0,-0.8728450527635566,-0.5891371496854779,1.5269366293394095,0.15801424581327472,2.370435051049928,Utilities—Diversified,Utilities,NWE
2007Q1,2007,Q1,2007-05-02,2007-03-31,19142000.0,366565000.0,44353000.0,0.51,0.0,0.0,2340499000.0,757800000.0,228886000.0,281570000.0,1582699000.0,28911000.0,18728000.0,1052668400.0,1780834400.0,21.215005599104142,0.8128919984373335,0.311776249423734,0.9629348112958565,0.01763938334073639,21.215005599104142,0.02525996305093692,2.871710065063495,13.748150663462543,1.3891111111111112,0.5805036046390137,0.0,0.010556030750044364,0.1566183108815684,0.5028056966296125,0.008178597811834143,12.588866166780278,0.0,1.4285714285714288,1.4978901718101665,-0.4144026675443746,0.6093931512615531,0.0,1.416004038874164,0.6842485000379738,0.18018302584807094,0.13004526542912537,2.3946234364354315,Utilities—Diversified,Utilities,NWE
