Quarters,Year,Quarter,FillingDate,Date,NetIncome,Revenue,OperatingIncome,EPSDiluted,GrossProfit,GrossProfitRatio,TotalAssets,CommonStockEquity,CurrentAssets,CurrentLiability,TotalLiability,Inventory,RetainedEarnings,MarketCap,EnterpriseValue,bookValuePerShare,currentRatio,debtToAssets,debtToEquity,roic,shareholdersEquityPerShare,roe,priceToSalesRatio,peRatio,pbRatio,payoutRatio,inventoryTurnover,dividendYield,assetTurnover,quickRatio,returnOnAssets,priceToFreeCashFlowsRatio,grossProfitMargin,epsdilutedGrowth,fiveYNetIncomeGrowthPerShare,fiveYRevenueGrowthPerShare,fiveYShareholdersEquityGrowthPerShare,grossProfitGrowth,netIncomeGrowth,operatingIncomeGrowth,threeYNetIncomeGrowthPerShare,threeYRevenueGrowthPerShare,threeYShareholdersEquityGrowthPerShare,Industry,Sector,Symbol
2023Q1,2023,Q1,2023-05-04,2023-03-31,433000000.0,358000000.0,178000000.0,24.79,348000000.0,0.9720670391,20345000000.0,4877000000.0,831000000.0,74000000.0,15291000000.0,0.0,4830000000.0,3903757175.9999995,4905757176.0,28.721619953546004,11.22972972972973,0.08994839026787908,0.37523067459503795,0.026591782438142725,28.721619953546004,0.08878408857904449,10.904349653631284,2.2539013718244805,0.8004423161779782,0.020785219399538105,0.0,0.002305471266330629,0.01759646104694028,99.5,0.02128287048414844,55.76795965714285,0.9720670391061452,0.3228388473852722,9.775023661029453,2.1153440856213828,0.3138602477980536,1.0470588235294118,0.34890965732087226,-0.4573170731707317,1.7119936464768846,13.624471103559468,-0.04760470802087377,Insurance—Diversified,Financial Services,ESGRO
2022Q4,2022,Q4,2023-03-01,2022-12-31,321000000.0,170000000.0,328000000.0,18.74,170000000.0,1.0,22154000000.0,4701000000.0,7405000000.0,593000000.0,17189000000.0,0.0,4406000000.0,378036592.56,1878036592.56,276.3124577243703,12.48735244519393,0.10481177214047124,0.49393746011486916,0.0491537174109425,276.3124577243703,0.06828334396936822,2.223744662117647,0.2944210222429906,0.08041620773452457,0.028037383177570093,0.0,0.023807219134670324,0.007673557822515121,12.48735244519393,0.014489482711925612,-4.554657741686747,1.0,1.700822737471952,19.968859746421444,3.9274348069514495,11.492131171650763,1.3711790393013101,1.7008733624454149,1.7941888619854722,12.195663602925716,1.825250336699941,7.0921906445952585,Insurance—Diversified,Financial Services,ESGRO
2022Q3,2022,Q3,2022-11-03,2022-09-30,-458000000.0,-445000000.0,-413000000.0,-26.74,-458000000.0,1.0292134831,21552000000.0,4060000000.0,937000000.0,154000000.0,17228000000.0,0.0,3866000000.0,413594489.88,1395594489.88,238.63615791553784,6.084415584415584,0.08839086859688196,0.46921182266009853,-0.0704681009592996,238.63615791553784,-0.11280788177339901,-0.9294258199550561,-0.2257611844323144,0.10187056400985221,-0.019650655021834062,0.0,0.021760444638929437,-0.020647735708982925,46.603896103896105,-0.02125092798812175,0.9050207656017505,1.0292134831460673,0.11339522546419104,-98.90297331351849,-16.424423354978735,10.200638166838104,-46.8,0.13092979127134724,0.11182795698924732,-31.1380825339788,-8.0758732961945,6.2967769464369905,Insurance—Diversified,Financial Services,ESGRO
2022Q2,2022,Q2,2022-08-09,2022-06-30,-527000000.0,23000000.0,-465000000.0,-30.16,10000000.0,0.4347826087,23269000000.0,4693000000.0,7407000000.0,205000000.0,18209000000.0,0.0,4310000000.0,411147597.63,1531147597.63,272.46154579458533,36.13170731707317,0.08186858051484808,0.40592371617302364,-0.06994500987287708,272.46154579458533,-0.11229490730875773,17.875982505652175,-0.1950415548529412,0.08760869329426807,-0.017077798861480076,0.0,0.021889949137193502,0.000988439554772444,36.13170731707317,-0.022648158494133826,0.7816494251520912,0.43478260869565216,-12.464285714285714,-49.10973787890513,-0.29451035345061,12.043496079589117,-0.2857142857142857,-0.6572327044025157,-0.875,-19.020845133871912,-0.7007440669210161,7.5579678912297625,Insurance—Diversified,Financial Services,ESGRO
2022Q1,2022,Q1,2022-05-05,2022-03-31,-318000000.0,14000000.0,-248000000.0,-2.24,14000000.0,1.0,23240000000.0,5534000000.0,7660000000.0,267000000.0,17292000000.0,0.0,4803000000.0,3674296944.54,4815296944.54,39.02404791019172,28.689138576779026,0.0819277108433735,0.3440549331405855,-0.036187202145242535,39.02404791019172,-0.05746295627032887,262.4497817528571,-2.8885982268396226,0.6639495743657391,-0.02830188679245283,0.0,0.0024494481899112663,0.0006024096385542169,28.689138576779026,-0.013683304647160069,-5.714303179688958,1.0,-4.5,-6.815654718361375,-0.9470409108963326,0.9316784799009795,-0.8412446420066677,-4.48577191213224,-3.1812552772305094,-1.8643888118731144,-0.9841862409000288,0.2967135551789812,Insurance—Diversified,Financial Services,ESGRO
2021Q4,2021,Q4,2022-02-24,2021-12-31,91228000.0,88186000.0,113696000.0,0.64,88186000.0,1.0,24020000000.0,6096000000.0,9068000000.0,254000000.0,17924000000.0,0.0,5085000000.0,3831706037.88,3876706037.88,42.98709722814035,35.7007874015748,0.07039966694421315,0.27739501312335957,0.012691847939991983,42.98709722814035,0.014965223097112861,43.45027598348944,10.500356354079887,0.6285607017519685,0.10112027009251545,0.0,0.002407543770007992,0.0036713572023313904,35.7007874015748,0.003798001665278934,-67.33750483946365,1.0,1.4852533839482873,3.0286155884301174,-0.3227297861882526,1.175346642343893,1.7064997075812565,1.4877641913459123,0.0,1.857220713567556,-0.42121118644290273,0.5623025818229067,Insurance—Diversified,Financial Services,ESGRO
2021Q3,2021,Q3,2021-11-04,2021-09-30,-187033000.0,51966000.0,0.0,-1.318898581999799,-124821000.0,1.0,26053448000.0,6079865000.0,0.0,0.0,19565094000.0,0.0,5012607000.0,3837378437.64,3940958437.64,42.87331822325583,0.0,0.06489498050315644,0.27808808254788553,0.0,42.87331822325583,-0.03076268963208887,73.8440218150329,-5.12927991001588,0.6311617836317089,-0.047718851753433884,0.0,0.0023258065747325416,0.001994592040178329,0.0,-0.007178819479095435,2.5533379672856307,-2.401974367855906,-1.4842265780541668,-2.198560699272019,-0.8540436694959527,1.1890065506035383,-1.225393288454871,-1.4842265780541668,0.0,-16.266709748892172,-0.8161887985738236,0.5567985468191954,Insurance—Diversified,Financial Services,ESGRO
2021Q2,2021,Q2,2021-08-05,2021-06-30,386251000.0,553792000.0,0.0,2.723721996631634,553792000.0,1.0,24621331000.0,7187308000.0,0.0,0.0,17243939000.0,0.0,5208565000.0,3972097931.94,4566950931.940001,50.68266204143553,0.0,0.05540772755136593,0.1898084790578058,0.0,50.68266204143553,0.05374070514301043,7.172544803716919,2.5709305166459115,0.5526544753529417,0.02310673629323937,0.0,0.002246923452776243,0.022492366476856998,0.0,0.015687657178241096,2.5690149842189274,1.0,1.010446487127971,8.514977582894025,0.6871711598631478,1.7476372555541029,2.9236791577217107,1.0104464871279708,0.0,45.85237748665697,1.174001114888472,0.834704005517916,Insurance—Diversified,Financial Services,ESGRO
2021Q1,2021,Q1,2021-05-07,2021-03-31,192122000.0,141141000.0,0.0,1.3547846282258498,141141000.0,1.0,22059792000.0,6760776000.0,0.0,0.0,15111558000.0,0.0,4831239000.0,3904029134.82,4705216134.82,47.67489095303114,0.0,0.06180996629523977,0.201680250906109,0.0,47.67489095303114,0.028417152113899353,27.66048940293749,5.080143261599401,0.5774528153010838,0.04645485680973548,0.0,0.0022860997425449537,0.006398111097330383,0.0,0.008709148300219694,4.826582022624435,1.0,-0.7689519484705193,3.220606326889279,-0.5461864692888676,1.622728845619692,-0.8548299504446406,-0.7689519484705192,0.0,5.662023780635767,0.4706630127851122,1.1808708611354388,Insurance—Diversified,Financial Services,ESGRO
2020Q4,2020,Q4,2021-03-01,2020-12-31,831524000.0,972246000.0,0.0,5.863648791918008,972246000.0,1.0,21647284000.0,6674395000.0,0.0,0.0,14593844000.0,0.0,4647312000.0,3898356735.06,4370463735.059999,47.06575899015975,0.0,0.06343793521626084,0.205750333925397,0.0,47.06575899015975,0.12458417579421056,4.009640291716294,1.1720517793413059,0.5840764196694981,0.010733304149970415,0.0,0.002289426188150694,0.04491307084990431,0.0,0.038412393905859044,5.713250854505698,1.0,0.3327029288166452,6.433812814575753,4.63264951422,1.6518611196755337,0.32010753710165785,0.33270292881664526,0.0,5.516696839316922,2.380890284486266,1.1278506218669142,Insurance—Diversified,Financial Services,ESGRO
2020Q3,2020,Q3,2020-11-06,2020-09-30,623938000.0,736490000.0,0.0,4.39981684224597,736490000.0,1.0,21770588000.0,5820885000.0,0.0,0.0,15558504000.0,0.0,3816548000.0,3743783841.6,4551090841.6,41.04707175997765,0.0,0.06650752841402355,0.24874361888269567,0.0,41.04707175997765,0.10718954248366012,5.083278580293011,1.5000624427427083,0.6431640277380501,0.014304305876545426,0.0,0.002383951739100855,0.033829586963843146,0.0,0.028659676073057833,2.983406109801103,1.0,-0.22730031034901257,11.722523551241792,1.7388177369211775,1.3874931605849534,-0.39121687191161325,-0.2273003103490126,0.0,15.001282281435131,2.0626595806615264,0.9265873311389462,Insurance—Diversified,Financial Services,ESGRO
2020Q2,2020,Q2,2020-08-10,2020-06-30,807478000.0,1209774000.0,0.0,5.694083873947558,1209774000.0,1.0,21293915000.0,5186913000.0,0.0,0.0,15726916000.0,0.0,3190104000.0,3516887851.2000003,4407054851.200001,36.576498268521185,0.0,0.07241608694314784,0.29729089344664156,0.0,36.576498268521185,0.15567602541241776,2.9070618571733235,1.0888494334210965,0.6780310082702371,0.011052932711479446,0.0,0.0025377550771073618,0.056813131826627464,0.0,0.03792059844326419,5.089201852835328,1.0,2.5898491029659616,54.51584737023032,3.7639025619619924,1.1622858834171943,5.362989169831327,2.5898491029659616,0.0,7.953473931652362,3.5071867665139154,0.7510192507321354,Insurance—Diversified,Financial Services,ESGRO
2020Q1,2020,Q1,2020-05-07,2020-03-31,-507896000.0,20444000.0,0.0,-3.5815247266705335,-277281000.0,1.0,19131509000.0,4276599000.0,0.0,0.0,14448732000.0,0.0,2375073000.0,3261629862.0,3987305862.0,30.157246886280806,0.0,0.08057670725294068,0.3604626012399105,0.0,30.157246886280806,-0.11876166084311389,159.53971150459793,-1.6054614832564147,0.7626690886847236,-0.01757249515648873,0.0,0.002736361996185329,0.0010686036318410638,0.0,-0.026547618381801457,20.628604166666666,-13.562952455488162,-3.504862796157109,-12.325083060182397,-0.9300749050860212,0.8321672539548232,-1.5528547844256935,-3.504862796157109,0.0,-10.288514996342355,-0.9226645987403302,0.4927745311648082,Insurance—Diversified,Financial Services,ESGRO
2019Q4,2019,Q4,2020-02-27,2019-12-31,202764000.0,501544000.0,0.0,1.4298287044564715,501544000.0,1.0,19363315000.0,4842183000.0,0.0,0.0,14068173000.0,0.0,2887892000.0,3867158536.38,4355280536.38,34.14556945824284,0.0,0.06151875337461587,0.24600619183537673,0.0,34.14556945824284,0.041874501645229024,7.710507027060437,4.768053668772564,0.7986394847902278,0.04401668935313961,0.0,0.0023078960730569336,0.025901763205318923,0.0,0.010471554070157926,3.44273168837389,1.0,0.6007515710360943,0.9139512931848214,1.2341087066914929,1.1008668676920408,-0.04322014498283098,0.6007515710360943,0.0,7.954029587105321,2.8518677807815185,0.7279242996497178,Insurance—Diversified,Financial Services,ESGRO
2019Q3,2019,Q3,2019-11-07,2019-09-30,126668000.0,524200000.0,0.0,0.8932233647792129,524200000.0,1.0,18213354000.0,4637800000.0,0.0,0.0,13128077000.0,0.0,2691482000.0,3786326839.7999997,4164393839.7999997,32.704324069007434,0.0,0.06647183160224086,0.2610451075941179,0.0,32.704324069007434,0.027312087627754538,7.223057687523846,7.472934837133293,0.8164058044331364,0.07045978463384596,0.0,0.002357165764504216,0.028781080080033584,0.0,0.006954677320827345,6.952963825673062,1.0,-0.473898000971894,3.792765522721253,1.5437834532758128,1.0945165378198927,-0.17158023992882102,-0.473898000971894,0.0,-0.18827540244027474,0.4723147529196324,0.6698026321948086,Insurance—Diversified,Financial Services,ESGRO
2019Q2,2019,Q2,2019-08-06,2019-06-30,240767000.0,632771000.0,0.0,1.6978140482820978,632771000.0,1.0,18224842000.0,4514830000.0,0.0,0.0,13261707000.0,0.0,2573117000.0,3623245346.7000003,4047207346.7000003,31.83717785080789,0.0,0.08216515676788858,0.3316729533559403,0.0,31.83717785080789,0.05332803228471504,5.725997788615471,3.76219056878642,0.8025208804539706,0.03706903354695618,0.0,0.002463261288151177,0.03472024613436978,0.0,0.013210923858763768,-315.97151362169706,1.0,-0.3455462230558047,3.64863977757612,1.1304703545335173,1.0523727049154243,-0.2852508457537233,-0.34554622305580474,0.0,4.931098191851012,0.9277869344406634,0.7259751649008682,Insurance—Diversified,Financial Services,ESGRO
2019Q1,2019,Q1,2019-05-08,2019-03-31,367890000.0,885305000.0,0.0,2.59424593163723,885305000.0,1.0,18058251000.0,4267712000.0,0.0,0.0,13321741000.0,0.0,2335028000.0,3664370244.96,4050110244.96,30.094578524557303,0.0,0.061123859669466325,0.25863741508330457,0.0,30.094578524557303,0.08620309899074727,4.139104879064277,2.490126291119628,0.8586264126913906,0.024841664628013807,0.0,0.0024940165401053137,0.049024958175628415,0.0,0.02037240483588361,34.20233945901548,1.0,4.456865527188672,11.4341771724068,6.027289829418722,1.3887900644703393,4.810498611867711,4.456865527188672,0.0,7.081942003514938,1.846539189932189,0.6555867798603751,Insurance—Diversified,Financial Services,ESGRO
2018Q4,2018,Q4,2019-03-01,2018-12-31,-106423000.0,152363000.0,0.0,-0.7504619173737501,152363000.0,1.0,16556270000.0,3901933000.0,0.0,0.0,12183738000.0,0.0,1976539000.0,3300868687.3398004,3560311687.3398004,27.5152187087745,0.0,0.0520370228318335,0.22079799935057828,0.0,27.5152187087745,-0.0272744303912958,21.664503109940078,-7.754124313681723,0.8459572953558661,-0.06577525534893773,0.0,0.0021206538832786357,0.00920273708993632,0.0,-0.006427957504921096,-13.14945678090325,1.0,-8.824870753323488,-1.7742050472497652,0.1389582430068623,1.2226612809971729,-0.4610701981507814,-8.824870753323486,0.0,-1.9514201167562153,-0.11729399973350178,0.5503104647355923,Insurance—Diversified,Financial Services,ESGRO
2018Q3,2018,Q3,2018-11-08,2018-09-30,-10832000.0,282714000.0,0.0,-0.07638389717441212,282714000.0,1.0,15121228000.0,3905364000.0,0.0,0.0,10747223000.0,0.0,2083193000.0,3488525852.4,3329576852.4,27.539413054343687,0.0,0.026087166994638266,0.10100723005589236,0.0,27.539413054343687,-0.0027736211016437906,12.339416698147245,-80.51435220642541,0.8932652250596872,0.0,0.0,0.0,0.01869649740087247,0.0,-0.0007163439371458456,17.14221199675684,1.0,-2.313925278990781,-1.2708880386125492,1.284299149995152,1.413872943840809,0.10984006846357376,-2.3139252789907814,0.0,-1.22087190571347,0.05134097907090901,0.6018234065085801,Insurance—Diversified,Financial Services,ESGRO
2018Q2,2018,Q2,2018-08-02,2018-06-30,8244000.0,254734000.0,0.0,0.058134125582150434,254734000.0,1.0,15203212000.0,3917421000.0,0.0,0.0,10804971000.0,0.0,2098484000.0,3488525852.4,3108426852.4,27.62443527076096,0.0,0.028915600203430696,0.1122192381160973,0.0,27.62443527076096,0.0021044457565321676,13.694779073072302,105.78984268558953,0.8905159420955777,0.0,0.0,0.0,0.016755275135280624,0.0,0.0005422538342555507,-90.9986918927379,1.0,1.2000485319097305,-0.5705578996718237,1.9520001854169562,1.4969586525903558,1.6542809807129237,1.2000485319097307,0.0,-0.43320728772774153,0.003103021902294123,0.6330684797878948,Insurance—Diversified,Financial Services,ESGRO
2018Q1,2018,Q1,2018-05-08,2018-03-31,-41210000.0,95971000.0,0.0,-0.29060011101897376,95971000.0,1.0,15611652000.0,3100035000.0,0.0,0.0,12021574000.0,0.0,2089760000.0,3488525852.4,3696205852.4,21.860483260439317,0.0,0.05511953507546799,0.27757976926066963,0.0,21.860483260439317,-0.01329339830034177,36.34979162872118,-21.16310272021354,1.12531821492338,0.0,0.0,0.0,0.006147395547889486,0.0,-0.0026396950175420256,-47.006304098957074,1.0,-1.322964913518131,-4.445940296011372,0.2566912843075632,0.9822057480760034,-0.6662702428269888,-1.322964913518131,0.0,-1.9189020447298595,-0.6717481273728495,0.32810736127325485,Insurance—Diversified,Financial Services,ESGRO
2017Q4,2017,Q4,2018-02-28,2017-12-31,127599000.0,287571000.0,0.0,0.8997884874037863,287571000.0,1.0,13606422000.0,3136684000.0,0.0,0.0,9980868000.0,0.0,2132912000.0,3488525852.4,3180064852.4,22.118920617118143,0.0,0.04752821866027674,0.20616963646959655,0.0,22.118920617118143,0.040679583917283345,12.131007133542674,6.83493963980909,1.1121700025887211,0.0,0.0,0.0,0.02113494642456334,0.0,0.009377851135294789,25.07223605459289,1.0,2.272356576821481,0.8252939661831602,6.714849094567404,1.0187764480243025,0.1958506948776167,2.2723565768214806,0.0,0.2044459127808193,0.28097410175773074,0.36090591578627673,Insurance—Diversified,Financial Services,ESGRO
2017Q3,2017,Q3,2017-11-08,2017-09-30,38993000.0,240474000.0,0.0,0.27496651611169237,240474000.0,1.0,14759430000.0,3021345000.0,0.0,0.0,11287256000.0,0.0,2037051000.0,3488525852.4,3517528852.4,21.30558583903473,0.0,0.044273660974712435,0.216279173679272,0.0,21.30558583903473,0.01290584160365665,14.506873310212331,22.36635968250712,1.1546267812513964,0.0,0.0,0.0,0.016292905620338995,0.0,0.0026419041927770925,-15.878805137985498,1.0,-0.5676379925930854,-0.18281079721686644,3.8208572230463895,1.0314649486241272,-0.10407957974740137,-0.5676379925930854,0.0,0.475386885618071,0.16694731427517698,0.3644954652980818,Insurance—Diversified,Financial Services,ESGRO
2017Q2,2017,Q2,2017-08-03,2017-06-30,90186000.0,268410000.0,0.0,0.6359636401930883,268410000.0,1.0,14830771000.0,2962225000.0,0.0,0.0,11401482000.0,0.0,1996283000.0,3488525852.4,3448244852.4,20.88868997484056,0.0,0.043206587169338666,0.21631948957287175,0.0,20.88868997484056,0.0304453577969263,12.997004032636639,9.670364170713858,1.1776707888158395,0.0,0.0,0.0,0.01809818248828736,0.0,0.006081005498635236,-20.714481636482393,1.0,0.6493416239941477,1.2147295007489993,10.018472906403941,1.0602296682531036,0.015339221879669384,0.6493416239941477,0.0,0.7412777788504239,-0.09629305410592234,0.3465822048267804,Insurance—Diversified,Financial Services,ESGRO
2017Q1,2017,Q1,2017-05-08,2017-03-31,54680000.0,264355000.0,0.0,0.3855863642445398,264355000.0,1.0,14882877000.0,2864866000.0,0.0,0.0,11535730000.0,0.0,1905956000.0,3488525852.4,3297808852.4,20.202144568174795,0.0,0.049106432848971336,0.2551061725051015,0.0,20.202144568174795,0.01908640753180079,13.19636796126421,15.949734145940015,1.217692503733159,0.0,0.0,0.0,0.017762358715992882,0.0,0.0036740208227213056,-37.05717983407514,1.0,1.4146610730845663,4.652263799875957,4.505216685062163,1.0452532556029357,1.0302515974440896,1.4146610730845661,0.0,0.848108966775949,1.0983719767266493,0.6035673065190161,Insurance—Diversified,Financial Services,ESGRO
2016Q4,2016,Q4,2017-02-27,2016-12-31,22645000.0,130208000.0,0.0,0.15968550143228974,130208000.0,1.0,12865744000.0,2802312000.0,0.0,0.0,9600390000.0,0.0,1847550000.0,3488525852.4,3207257852.4,19.761033203343906,0.0,0.052356319230353096,0.24037401973798778,0.0,19.761033203343906,0.008080827545255489,26.791947133816663,38.513202168249066,1.2448741797487217,0.0,0.0,0.0,0.010120518486921548,0.0,0.0017601003097838725,98.32372751972943,1.0,-0.8548843945452681,-0.8241178709291578,3.6576048075547294,1.021773854924657,-0.6342862278745527,-0.8548843945452681,0.0,-0.8352623653254377,-0.026656898948973565,0.5962832728480345,Insurance—Diversified,Financial Services,ESGRO
2016Q3,2016,Q3,2016-11-08,2016-09-30,156048000.0,356038000.0,0.0,1.1004019928242856,356038000.0,1.0,12470920000.0,2777454000.0,0.0,0.0,9234444000.0,0.0,1817266000.0,3488525852.4,3290104852.4,19.585742313761045,0.0,0.04575588649434043,0.20544642683551195,0.0,19.585742313761045,0.056183828787083424,9.798184048893658,5.588866650645956,1.256015708054931,0.0,0.0,0.0,0.028549457457829896,0.0,0.012512950127175862,-159.75298128863855,1.0,2.844114893826674,11.935013262599469,29.669136015160653,1.5892323439862626,0.08469794691031175,2.844114893826674,0.0,2.9024683021982143,1.8767492970492223,0.716721172050142,Insurance—Diversified,Financial Services,ESGRO
2016Q2,2016,Q2,2016-08-05,2016-06-30,40594000.0,328237000.0,0.0,0.2862562704854215,328237000.0,1.0,12659166000.0,2615814000.0,0.0,0.0,9600055000.0,0.0,1662623000.0,3488525852.4,3301709852.4,18.445907275054253,0.0,0.04850477511709697,0.23473763807365508,0.0,18.445907275054253,0.01551868749077725,10.628070121284317,21.484245531359313,1.3336291695051714,0.0,0.0,0.0,0.0259288013128195,0.0,0.003206688339500406,-64.31173682619276,1.0,-0.10821616871704746,3.3300266666666674,9.855475080199755,1.4116041811486912,0.05538710849455485,-0.10821616871704745,0.0,1.1146012397770486,2.8037940944699393,0.6673161758378763,Insurance—Diversified,Financial Services,ESGRO
2016Q1,2016,Q1,2016-05-06,2016-03-31,45520000.0,311011000.0,0.0,0.32099289137548376,311011000.0,1.0,12850350000.0,2577764000.0,0.0,0.0,9839570000.0,0.0,1622957000.0,3488525852.4,3323086852.4,18.17759050183727,0.0,0.045182738213356055,0.2252393935208964,0.0,18.17759050183727,0.01765871507244263,11.216728194179627,19.15930279217926,1.3533146759749923,0.0,0.0,0.0,0.02420253144855977,0.0,0.003542315968047563,-21.52241900942698,1.0,-0.5930518429780881,11.99457607764773,6.9642262682133635,1.6859682301516599,0.8018237751218071,-0.5930518429780881,0.0,2.8063383226022243,3.0725303792164254,0.6482583641744016,Insurance—Diversified,Financial Services,ESGRO
2015Q4,2015,Q4,2016-02-29,2015-12-31,111857000.0,172609000.0,0.0,0.7887807963661574,172609000.0,1.0,11832132000.0,2516872000.0,0.0,0.0,8893686000.0,0.0,1578312000.0,3488525852.4,3266850852.4,17.74819904441996,0.0,0.050730502330433774,0.23849047547908675,0.0,17.74819904441996,0.04444286399944058,20.210567539351945,7.796842961102122,1.3860561253810286,0.0,0.0,0.0,0.01458815706248037,0.0,0.009453663971970562,-17.27788463203356,1.0,1.2808409118714572,-0.10004666430663278,3.493036936772783,1.6537497588096426,-0.358111324319098,1.2808409118714572,0.0,0.6001058564357852,3.630690811535881,0.619864135594093,Insurance—Diversified,Financial Services,ESGRO
2015Q3,2015,Q3,2015-11-09,2015-09-30,49042000.0,268908000.0,0.0,0.3458289406598522,268908000.0,1.0,12053610000.0,2438074000.0,0.0,0.0,9211653000.0,0.0,1503640000.0,3488525852.4,3193193852.4,17.192540040584163,0.0,0.06062250230428892,0.29971198577237607,0.0,17.192540040584163,0.02011505803351334,12.972934432594048,17.783358409118716,1.4308531457207616,0.0,0.0,0.0,0.02230933305457867,0.0,0.004068656609928478,-58.72345979194021,1.0,2.3717428669645924,1.2870866949587276,7.1687779094140165,1.760434817559818,0.05891803769305285,2.371742866964593,0.0,0.027789420739374644,4.390882482659075,0.6392904064752022,Insurance—Diversified,Financial Services,ESGRO
2015Q2,2015,Q2,2015-08-07,2015-06-30,14545000.0,253946000.0,0.0,0.10256681909174892,253946000.0,1.0,12332360000.0,2398810000.0,0.0,0.0,9504402000.0,0.0,1454598000.0,3488525852.4,3062073852.4,16.915662516705275,0.0,0.052747973623864366,0.27117904294212547,0.0,16.915662516705275,0.006063423113960673,13.737274272483127,59.96091186662084,1.45427351578491,0.0,0.0,0.0,0.020591841302070327,0.0,0.0011794174026706972,-13.487959528301888,1.0,-0.6756750730260664,0.17015285599356397,10.402541421579633,1.920274690692972,-0.1314225125696891,-0.6756750730260664,0.0,-0.6428132904398223,9.424712643678161,0.668374120974007,Insurance—Diversified,Financial Services,ESGRO
2015Q1,2015,Q1,2015-05-11,2015-03-31,44847000.0,292370000.0,0.0,0.31624710455879435,292370000.0,1.0,11509172000.0,2334175000.0,0.0,0.0,8576772000.0,0.0,1440053000.0,3488525852.4,2936022852.4,16.459876586695295,0.0,0.03736133233563631,0.18421840693178532,0.0,16.459876586695295,0.019213212376964023,11.931887171734447,19.44681836243227,1.4945434050146198,0.0,0.0,0.0,0.02540321753815131,0.0,0.0038966313128346677,-15.899937797224311,1.0,-0.576675476684916,1.8168456755228939,5.887234694117923,1.8250637225593596,0.3023510650618725,-0.576675476684916,0.0,3.635827992557371,5.0886315833315985,0.6663882422064356,Insurance—Diversified,Financial Services,ESGRO
2014Q4,2014,Q4,2015-03-02,2014-12-31,105940000.0,224494000.0,0.0,0.7470559515008512,224494000.0,1.0,9936885000.0,2304850000.0,0.0,0.0,7039446000.0,0.0,1395206000.0,3488525852.4,2845164852.4,16.253085801555002,0.0,0.032207376859045865,0.1388554569711695,0.0,16.253085801555002,0.0459639455929887,15.53950596630645,8.232315113271664,1.5135587358830294,0.0,0.0,0.0,0.02259198934072398,0.0,0.010661288723780138,58.342406468876476,1.0,3.0084755382345154,0.3252273551744411,7.115903257293662,1.8743042920333568,0.08940122579111083,3.008475538234515,0.0,-0.17717143944513047,7.030261840034339,0.6628717535817197,Insurance—Diversified,Financial Services,ESGRO
2014Q3,2014,Q3,2014-11-10,2014-09-30,26429000.0,206071000.0,0.0,0.1863690932812535,206071000.0,1.0,10249445000.0,2214258000.0,0.0,0.0,7445789000.0,0.0,1289266000.0,3488525852.4,2887143852.4,15.61425917555571,0.0,0.031243935647247242,0.14462316496090338,0.0,15.61425917555571,0.011935826809703296,16.928756847882525,32.999033754587764,1.5754830071292505,0.0,0.0,0.0,0.020105576448285735,0.0,0.002578578644990046,30.701287115851727,1.0,-0.489718687853571,-0.24460513905164777,5.508053309752401,2.1598086069778826,-0.3061816100467998,-0.4897186878535709,0.0,1.1907327586206895,16.75096907571712,1.0642028388338147,Insurance—Diversified,Financial Services,ESGRO
2014Q2,2014,Q2,2014-08-11,2014-06-30,51793000.0,297010000.0,0.0,0.3652281375881026,297010000.0,1.0,10618096000.0,2199810000.0,0.0,0.0,7806529000.0,0.0,1262837000.0,3488525852.4,2846582852.4,15.512376370314211,0.0,0.03637299945300928,0.17556607161527588,0.0,15.512376370314211,0.02354430609916311,11.745482820107068,16.83879024385535,1.585830527363727,0.0,0.0,0.0,0.027972058267320243,0.0,0.004877804834313044,9.819392776741005,1.0,0.7505323283874675,4.918523597303166,9.702291726722398,2.3485298684218536,1.357577729975155,0.7505323283874674,0.0,4.524586666666667,8.822733736812514,1.0280765351560557,Insurance—Diversified,Financial Services,ESGRO
2014Q1,2014,Q1,2014-05-09,2014-03-31,29587000.0,125981000.0,0.0,0.20863832770488658,125981000.0,1.0,8709307000.0,1786558000.0,0.0,0.0,6334096000.0,0.0,1211044000.0,3488525852.4,3327941852.4,12.598251714191596,0.0,0.05571499546404783,0.2716055118277716,0.0,12.598251714191596,0.01656089530818479,27.6908887244902,29.476846692804273,1.9526518883797785,0.0,0.0,0.0,0.014465100380546925,0.0,0.0033971704063250957,-112.27233047116376,1.0,-0.7847607685088862,1.5658659266325556,7.6081995216945675,1.8707705113228255,-0.05825496733296455,-0.7847607685088862,0.0,7.446188980873537,2.2260633530511384,0.8615505644904998,Insurance—Diversified,Financial Services,ESGRO
2013Q4,2013,Q4,2014-03-03,2013-12-31,137461000.0,133774000.0,0.0,0.9693322460756891,133774000.0,1.0,8620155000.0,1755523000.0,0.0,0.0,6541773000.0,0.0,1181457000.0,3488525852.4,3297130852.4,12.37940254055719,0.0,0.052486991243196904,0.25772718443449616,0.0,12.37940254055719,0.07830202167673109,26.07775690642427,6.344573828940573,1.987171829933302,0.0,0.0,0.0,0.015518746472656234,0.0,0.015946464999759286,55.18684214323003,1.0,2.437642233725961,0.4450413136261381,27.73770139634801,1.8535392037502698,0.08087973885782619,2.437642233725961,0.0,0.10595211276671061,2.48215633703829,0.8509954967256103,Insurance—Diversified,Financial Services,ESGRO
2013Q3,2013,Q3,2013-11-07,2013-09-30,39987000.0,123764000.0,0.0,0.28197589515446986,123764000.0,1.0,8342269000.0,1617883000.0,0.0,0.0,6466358000.0,0.0,1043996000.0,3488525852.4,3323628852.4,11.408808042118668,0.0,0.04263384458113254,0.2198323364544902,0.0,11.408808042118668,0.024715631476441745,28.186919075013737,21.810374949358543,2.15622875844545,0.0,0.0,0.0,0.014835771898508668,0.0,0.004793300240018633,-30.55366538269529,1.0,1.0829817158931083,2.0974886784685056,7.798180137911425,1.9774430417019397,0.4342465118435081,1.0829817158931083,0.0,0.864804365060859,2.7596524803305083,0.8317986098609522,Insurance—Diversified,Financial Services,ESGRO
2013Q2,2013,Q2,2013-08-09,2013-06-30,19197000.0,86292000.0,0.0,0.13537127714708175,86292000.0,1.0,7874748000.0,1568877000.0,0.0,0.0,6084527000.0,0.0,1004009000.0,3488525852.4,3219531852.4,11.063232962269218,0.0,0.044179572476477975,0.22175288438800492,0.0,11.063232962269218,0.012236140882937285,40.426990362953696,45.430612236286926,2.2235814868852053,0.0,0.0,0.0,0.010958064943792487,0.0,0.002437792295067728,-158.46131512150808,1.0,0.6052345513838948,0.7181598496375189,2.3432257564604235,2.2915966439446867,0.12994971715901948,0.6052345513838949,0.0,0.5444086886564763,2.874635175789143,0.9099269203939945,Insurance—Diversified,Financial Services,ESGRO
2013Q1,2013,Q1,2013-05-10,2013-03-31,11959000.0,76368000.0,0.0,0.08433115087784293,76368000.0,1.0,8043926000.0,1563932000.0,0.0,0.0,6259431000.0,0.0,984812000.0,3488525852.4,3195139852.4,11.028362359284776,0.0,0.04313440973972162,0.22185747206400278,0.0,11.028362359284776,0.007646751904814276,45.68046632620993,72.92678845221172,2.230612234035751,0.0,0.0,0.0,0.009493871524924521,0.0,0.0014867118369810961,329.3547821374622,1.0,-0.8289274168168683,0.02327372294001882,12.732781873763713,2.364437808975953,1.0487726358148894,-0.8289274168168683,0.0,-0.24885371521889327,0.7989682221855787,0.8928347522142529,Insurance—Diversified,Financial Services,ESGRO
2012Q4,2012,Q4,2013-03-01,2012-12-31,69906000.0,37275000.0,0.0,0.49295538366640085,37275000.0,1.0,5882243000.0,1553755000.0,0.0,0.0,4107010000.0,0.0,972853000.0,3488525852.4,2941065852.4,10.956597318521853,0.0,0.018263441343718715,0.0691421749246181,0.0,10.956597318521853,0.04499164926259288,93.58888940040242,12.475774083769634,2.2452226074252377,0.0,0.0,0.0,0.006336868436071071,0.0,0.011884242116485156,50.72079926140246,1.0,0.4650431721016013,1.0008013967199978,0.2248217395590314,2.4481989529492965,-0.2527364580409767,0.4650431721016011,0.0,-0.12553007843284425,0.34756516394924264,0.9376378789371491,Insurance—Diversified,Financial Services,ESGRO
2012Q3,2012,Q3,2012-11-08,2012-09-30,47716000.0,49882000.0,0.0,0.33647840081003033,49882000.0,1.0,5908470000.0,1487274000.0,0.0,0.0,4164281000.0,0.0,902947000.0,3488525852.4,2971328852.4,10.48779397028957,0.0,0.021521307546623746,0.08549735959883653,0.0,10.48779397028957,0.03208285763080643,69.935564981356,18.277547638108814,2.345583834854909,0.0,0.0,0.0,0.00844245633810445,0.0,0.008075863971552704,-50.14122879811424,1.0,0.17177868912845937,17.5809968847352,1.2531279642260265,2.5700373740695484,1.0477011494252872,0.1717786891284595,0.0,0.3638208477434474,0.5753537139969683,1.1223819383894844,Insurance—Diversified,Financial Services,ESGRO
2012Q2,2012,Q2,2012-08-02,2012-06-30,40721000.0,24360000.0,0.0,0.28715183501100777,24360000.0,1.0,6030941000.0,1437813000.0,0.0,0.0,4343865000.0,0.0,855230000.0,3488525852.4,2941954852.4,10.1390103718642,0.0,0.020943995306868364,0.08785008898931919,0.0,10.1390103718642,0.02832148547829238,143.20713679802955,21.41724081186611,2.426272298553428,0.18995113086613785,0.0,0.0022172689345783558,0.004039170670049666,0.0,0.006752014320816602,-20.222400424328146,1.0,3.2093239611329345,2.734501100513573,0.17851959361393313,2.4912440449307245,-0.49270080593098564,3.2093239611329336,0.0,3.653296766083877,-0.12222542519458064,1.1886252793219554,Insurance—Diversified,Financial Services,ESGRO
2012Q1,2012,Q1,2012-05-04,2012-03-31,9674000.0,48019000.0,0.0,0.06821804110646813,48019000.0,1.0,6459783000.0,1400739000.0,0.0,0.0,4794168000.0,0.0,814510000.0,3488525852.4,2938811852.4,9.87757604728479,0.0,0.03763299788862877,0.17355196078641347,0.0,9.87757604728479,0.006906354431482239,72.64886508257149,90.15210493074221,2.490489557583533,1.1629108951829648,0.0,0.003224857855721591,0.0074335314359630965,0.0,0.00149757352530263,-248.34668273652738,1.0,-0.9248627195128581,-0.2766561985942875,0.9077870480731027,2.4954595476766204,0.7176634711689798,-0.9248627195128581,0.0,-0.16104414187841476,2.2811069354287663,1.2508086584705467,Insurance—Diversified,Financial Services,ESGRO
2011Q4,2011,Q4,2012-02-24,2011-12-31,128751000.0,27956000.0,0.0,0.9079120333366631,27956000.0,1.0,6606138000.0,1386066000.0,0.0,0.0,4922727000.0,0.0,804836000.0,3488525852.4,2880761852.4,9.77410661197828,0.0,0.03674007415527802,0.17510710168202667,0.0,9.77410661197828,0.09288951608364969,124.78630177421662,6.77378399468742,2.516854069286744,0.06291213272129925,0.0,0.0023218976561195453,0.004231821981314953,0.0,0.019489601942920355,-15.410044404982774,1.0,9.672330901856764,0.6881391933707453,-0.5867492498041361,3.350353096261888,1.4081316220174003,9.672330901856764,0.0,0.3534785442465783,5.005585392051557,1.2530001999320557,Insurance—Diversified,Financial Services,ESGRO
2011Q3,2011,Q3,2011-11-04,2011-09-30,12064000.0,11609000.0,0.0,0.08507157824151661,11609000.0,1.0,6775611000.0,1072694000.0,0.0,0.0,5438094000.0,0.0,676085000.0,3488525852.4,3040517852.4,7.564304670938777,0.0,0.04642666174312545,0.2932513838988565,0.0,7.564304670938777,0.01124645052549935,300.5018392970971,72.2920642490053,3.2521164958506343,0.0,0.0,0.0,0.0017133510173473654,0.0,0.0017805036328089083,-16.549062625534276,1.0,0.28682666666666684,4.378510922871155,1.2120807926829267,4.977076693338088,-0.6160664087045673,0.2868266666666667,0.0,1.3311101962398793,-0.17473519584843963,0.974113879789466,Insurance—Diversified,Financial Services,ESGRO
2011Q2,2011,Q2,2011-08-05,2011-06-30,9375000.0,30237000.0,0.0,0.06610958604229261,30237000.0,1.0,5200761000.0,1084678000.0,0.0,0.0,3854522000.0,0.0,664021000.0,3488525852.4,2934437852.4,7.648812114046066,0.0,0.03953959814727114,0.18958253048370116,0.0,7.648812114046066,0.008643118049780673,115.37275035221748,93.02735606400002,3.216185681280528,0.0,0.0,0.0,0.005813956842085226,0.0,0.00180262080876241,-19.12705320225674,1.0,1.6762774764487578,7.281802120141342,4.707248018120046,5.116927206695089,-0.2257048475071061,1.6762774764487582,0.0,-0.1609236552403116,0.1714772771299059,1.2757185327853202,Insurance—Diversified,Financial Services,ESGRO
2011Q1,2011,Q1,2011-05-06,2011-03-31,3503000.0,39051000.0,0.0,0.024702067189989445,39051000.0,1.0,5231044000.0,959715000.0,0.0,0.0,4017615000.0,0.0,654646000.0,3488525852.4,3062569852.4,6.767611879315078,0.0,0.03908015302490287,0.21301115435311524,0.0,6.767611879315078,0.0036500419395341325,89.33256132749482,248.967017727662,3.634960225066817,0.0,0.0,0.0,0.007465240208264354,0.0,0.0006696559998348322,-12.01473323047039,1.0,-0.9718163679078299,0.29596744358120614,9.514539579967689,4.716332122222884,0.016503110602077205,-0.97181636790783,0.0,-0.7002652519893899,6.022298147815141,1.0646047474195532,Insurance—Diversified,Financial Services,ESGRO
2010Q4,2010,Q4,2011-03-07,2010-12-31,124292000.0,38417000.0,0.0,0.8764685512926543,38417000.0,1.0,5235904000.0,948421000.0,0.0,0.0,4020083000.0,0.0,651143000.0,3488525852.4,2934649852.4,6.687970101740502,0.0,0.04684539670704428,0.258617217459335,0.0,6.687970101740502,0.1310515056077417,90.80682646744931,7.016794830721206,3.6782461084265323,0.3397724712773147,0.0,0.012105686409331422,0.007337223906320666,0.0,0.023738403148720832,166.5883125161167,1.0,4.796390430443502,6.209512761020882,0.5046608177972739,4.743724375162758,0.16701600899176766,4.796390430443501,0.0,2.5574000400698362,0.2623467945979693,1.1048004988914755,Insurance—Diversified,Financial Services,ESGRO
2010Q3,2010,Q3,2010-11-05,2010-09-30,21443000.0,32919000.0,0.0,0.1512093710405206,32919000.0,1.0,5012929000.0,883221000.0,0.0,0.0,3840110000.0,0.0,526851000.0,3488525852.4,2871925852.4,6.228199967345038,0.0,0.04132853268019555,0.2345698302010482,0.0,6.228199967345038,0.02427818179142027,105.9730202132507,40.672082409177825,3.9497768422625823,0.0,0.0,0.0,0.006566819518090123,0.0,0.004277539139293614,53.26725584278756,1.0,0.7251005631536606,21.10618556701031,12.82570348593028,4.949899961601423,0.4781105473485699,0.7251005631536604,0.0,7.350077881619939,0.48692352861466176,1.1200747001313012,Insurance—Diversified,Financial Services,ESGRO
2010Q2,2010,Q2,2010-08-06,2010-06-30,12430000.0,22271000.0,0.0,0.0876524964806077,22271000.0,1.0,4603893000.0,821433000.0,0.0,0.0,3492900000.0,0.0,505408000.0,3488525852.4,3035709852.4,5.792490196424379,0.0,0.058845633467154865,0.3298126566621989,0.0,5.792490196424379,0.015132092331328301,156.63983891158907,70.16343226870475,4.246878141491759,0.0,0.0,0.0,0.004837427802948505,0.0,0.0026998889852566078,-6.31118393278734,1.0,-0.2192701463475913,14.615577889447234,8.632785467128029,4.5654904670921574,-0.4753716049091894,-0.21927014634759123,0.0,0.1399486426999266,0.07745524915336234,0.9945730561342677,Insurance—Diversified,Financial Services,ESGRO
2010Q1,2010,Q1,2010-05-07,2010-03-31,15921000.0,42451000.0,0.0,0.11226994340046302,42451000.0,1.0,4592175000.0,826238000.0,0.0,0.0,3494516000.0,0.0,492978000.0,3488525852.4,2681141852.4,5.826373562923922,0.0,0.05542929004230022,0.30807225036853786,0.0,5.826373562923922,0.019269266240477926,82.17770729547007,54.77868620689655,4.222180355297143,0.0,0.0,0.0,0.009244203454789941,0.0,0.0034669845988012215,-24.414065731681713,1.0,-0.8008406199572184,407.2307692307692,49.11924439197166,4.651036180835784,0.5346878276273453,-0.8008406199572184,0.0,0.19044414535666224,0.6865713150576084,1.0618270111371468,Insurance—Diversified,Financial Services,ESGRO
2009Q4,2009,Q4,2010-03-04,2009-12-31,79941000.0,27661000.0,0.0,0.5637190845660709,27661000.0,1.0,4170842000.0,801881000.0,0.0,0.0,3094690000.0,0.0,477057000.0,3488525852.4,2477041852.4,5.654615569619162,0.0,0.06112938346741497,0.31795366145350745,0.0,5.654615569619162,0.09969184953877196,126.11712708868082,10.909689184523586,4.350428370793173,0.0,0.0,0.0,0.0066319942112408,0.0,0.019166633499902417,-15.691815003036233,1.0,1.2848772401177582,11.966909975669102,5.828190570229573,4.4857977478895,-0.1264211723092471,1.284877240117758,0.0,0.04815912309225368,-0.591109994234948,1.5168105206992875,Insurance—Diversified,Financial Services,ESGRO
2009Q3,2009,Q3,2009-11-06,2009-09-30,34987000.0,31664000.0,0.0,0.24671744926524714,31664000.0,1.0,4340561000.0,700757000.0,0.0,0.0,3382218000.0,0.0,397116000.0,3488525852.4,2507602852.4,4.941520553198811,0.0,0.07353012663570446,0.45545317421017556,0.0,4.941520553198811,0.049927435616055206,110.17325203385549,24.927300514476805,4.978224766074402,0.0,0.0,0.0,0.007294909575052626,0.0,0.008060478818291,-716.1826837199753,1.0,2.9980573648725866,13.421681780708985,3.502203895919238,4.0095221074454015,0.14096281349091958,2.998057364872586,0.0,14.598305840392333,5.033536585365853,2.9046348095482206,Insurance—Diversified,Financial Services,ESGRO
2009Q2,2009,Q2,2009-08-07,2009-06-30,8751000.0,27752000.0,0.0,0.06170933199531762,27752000.0,1.0,4397602000.0,656948000.0,0.0,0.0,3483726000.0,0.0,362129000.0,3488525852.4,2295116852.4,4.632593102006619,0.0,0.08067055636230837,0.5400077327277045,0.0,4.632593102006619,0.013320689004304755,125.70358361199193,99.6607774082962,5.310200887132619,0.0,0.0,0.0,0.006310712065348342,0.0,0.001989948158109806,133.94224812440007,1.0,-0.24108923770705057,11.448079658605973,10.66540563261875,3.76114827403773,0.8962760505637171,-0.24108923770705057,0.0,6.730565371024735,4.238203095507739,2.704788973855767,Insurance—Diversified,Financial Services,ESGRO
2009Q1,2009,Q1,2009-05-08,2009-03-31,11531000.0,14635000.0,0.0,0.08131302790972546,14635000.0,1.0,4371009000.0,622327000.0,0.0,0.0,3510428000.0,0.0,353378000.0,3488525852.4,2317156852.4,4.388456570980463,0.0,0.08983829591748724,0.6309930309949593,0.0,4.388456570980463,0.01852884416070651,238.36869507345406,75.63363655363803,5.605615460039497,0.0,0.0,0.0,0.003348197178271653,0.0,0.002638063659900952,1130.4361154893065,1.0,-0.8787818262094484,9.501821493624773,3.4659749771132136,3.5855770222674153,2.1439312567132114,-0.8787818262094486,0.0,3.266000739918609,2.9404954227248252,2.7067544225385665,Insurance—Diversified,Financial Services,ESGRO
2008Q4,2008,Q4,2009-03-05,2008-12-31,95126000.0,4655000.0,0.0,0.6707989847316402,4655000.0,1.0,4358151000.0,615209000.0,0.0,0.0,3486920000.0,0.0,341847000.0,3488525852.4,2013513852.4,4.338262647412566,0.0,0.08983947550234032,0.6364243696044759,0.0,4.338262647412566,0.15462387578855316,749.4147910633727,9.168171300170302,5.670472721302842,0.0,0.0,0.0,0.0010681135187835392,0.0,0.021827146420580656,-29.255357522391066,1.0,3.610841224097708,8.292370811761257,-0.4672693980315862,3.5746228147795636,-0.6690836710030568,3.610841224097708,0.0,4.517749419953596,-0.817679774400752,2.725762007715461,Insurance—Diversified,Financial Services,ESGRO
2008Q3,2008,Q3,2008-11-10,2008-09-30,-36435000.0,14067000.0,0.0,-0.256928295194766,14067000.0,1.0,3661471000.0,543380000.0,0.0,0.0,2919305000.0,0.0,246721000.0,3488525852.4,1682547852.4,3.8317468654571694,0.0,0.0,0.0,0.0,3.8317468654571694,-0.06705252309617579,247.9935915547025,-23.936639580074107,6.420048313151018,0.0,0.0,0.0,0.0038418985156512234,0.0,-0.009950918633521882,-60.31129373811417,1.0,-4.260986306274053,-45.59608323133414,4.031115879828326,3.3894242808559447,-0.45499980628414244,-4.260986306274053,0.0,-38.561855670103085,4.908021839563207,2.6605296309020976,Insurance—Diversified,Financial Services,ESGRO
2008Q2,2008,Q2,2008-08-11,2008-06-30,11173000.0,25811000.0,0.0,0.07878852318405712,25811000.0,1.0,3543920000.0,476631000.0,0.0,0.0,2892884000.0,0.0,283156000.0,3488525852.4,2003575852.4,3.361053664525224,0.0,0.0,0.0,0.0,3.361053664525224,0.02344161416273805,135.1565554376041,78.05705388883916,7.319133359768879,0.0,0.0,0.0,0.0072831779498408545,0.0,0.0031527235377773765,-86.963127318958,1.0,-0.04398049114400618,4.312886352829292,5.819286657859974,2.883573698362259,3.641431397230714,-0.04398049114400616,0.0,13.036432160804019,10.163927335640137,2.229338590999634,Insurance—Diversified,Financial Services,ESGRO
2008Q1,2008,Q1,2008-05-12,2008-03-31,11687000.0,5561000.0,0.0,0.08241309142146921,5561000.0,1.0,3994956000.0,464842000.0,0.0,0.0,3362008000.0,0.0,271983000.0,3488525852.4,2337793852.4,3.2779213008076145,0.0,0.08259490217163844,0.7098390420831164,0.0,3.2779213008076145,0.025141876164374133,627.3198799496494,74.62406632155387,7.504756137354198,0.0,0.0,0.0,0.0013920053187068894,0.0,0.002925438978551954,9.3179424885413,1.0,-0.6655027333352413,168.37681159420293,3.082966226138032,2.8597239982064866,-0.8172707258568002,-0.6655027333352415,0.0,298.6666666666667,5.565525383707201,2.179276383284317,Insurance—Diversified,Financial Services,ESGRO
2007Q4,2007,Q4,2008-02-29,2007-12-31,34939000.0,30433000.0,0.0,0.24637896818471058,30433000.0,1.0,2417143000.0,450599000.0,0.0,0.0,1903107000.0,0.0,260296000.0,3488525852.4,2553515852.4,3.1774840918475746,0.0,0.024916606092399166,0.1336598616508248,0.0,3.1774840918475746,0.07753900918555079,114.62970631879868,24.961546211969434,7.741974244061794,0.0,0.0,0.0,0.012590483889451307,0.0,0.01445466817643805,-55.30232324154658,1.0,12.605529595015577,3.184311377245509,1.112522560044426,2.7472161930660546,0.37463300058719906,12.605529595015577,0.0,4.667315490673155,6.512466057763516,2.082620712301777,Insurance—Diversified,Financial Services,ESGRO
2007Q3,2007,Q3,2007-11-09,2007-09-30,2568000.0,22139000.0,0.0,0.018108737808704794,22139000.0,1.0,2523273000.0,416599000.0,0.0,0.0,2044140000.0,0.0,225357000.0,3488525852.4,2675340852.4,2.9377266598008602,0.0,0.03460663986813951,0.2096068401508405,0.0,2.9377266598008602,0.0061642010662531594,157.57377715343964,339.6150557242991,8.373821954445402,0.0,0.0,0.0,0.008773921807113222,0.0,0.0010177257871027035,5700.205641176471,1.0,-0.764490095377843,0.5573074590661006,8.209234608985025,0.0,0.0710691823899371,-0.764490095377843,0.0,0.05853256389117878,2.147874306839187,1.978153483218358,Insurance—Diversified,Financial Services,ESGRO
2007Q2,2007,Q2,2007-08-09,2007-06-30,10904000.0,20670000.0,0.0,0.07689161879521693,20670000.0,1.0,2456500000.0,411834000.0,0.0,0.0,1984731000.0,0.0,222789000.0,3488525852.4,2764405852.4,2.9041253608684308,0.0,0.0,0.0,0.0,2.9041253608684308,0.026476687208923985,168.77241666182874,79.98270938187821,8.470708713705037,0.0,0.0,0.0,0.008414410746997761,0.0,0.00443883574190922,278.90356990725934,1.0,-0.18468670554807834,0.09160076083692051,0.8780665091768127,0.0,-0.17878426698450536,-0.18468670554807837,0.0,14.51066856330014,7.6885245901639365,1.984715286887325,Insurance—Diversified,Financial Services,ESGRO
2007Q1,2007,Q1,2007-05-10,2007-03-31,13374000.0,25170000.0,0.0,0.09430929106449296,25170000.0,1.0,2489277000.0,400731000.0,0.0,0.0,2030778000.0,0.0,211885000.0,3488525852.4,2899044852.4,2.825830455926823,0.0,0.02882162169979476,0.17903531296555544,0.0,2.825830455926823,0.03337400899855514,138.59856386174016,65.21096628532975,8.705405502444284,0.0,0.0,0.0,0.010111369686860884,0.0,0.005372644346129419,28.216329133336032,1.0,-0.8246446740441601,4.338922155688622,9.924479166666668,0.0,-0.6279324158524147,-0.8246446740441601,0.0,11.180327868852459,6.6808056148916695,1.9527609531809542,Insurance—Diversified,Financial Services,ESGRO
