Quarters,Year,Quarter,FillingDate,Date,NetIncome,Revenue,OperatingIncome,EPSDiluted,GrossProfit,GrossProfitRatio,TotalAssets,CommonStockEquity,CurrentAssets,CurrentLiability,TotalLiability,Inventory,RetainedEarnings,MarketCap,EnterpriseValue,bookValuePerShare,currentRatio,debtToAssets,debtToEquity,roic,shareholdersEquityPerShare,roe,priceToSalesRatio,peRatio,pbRatio,payoutRatio,inventoryTurnover,dividendYield,assetTurnover,quickRatio,returnOnAssets,priceToFreeCashFlowsRatio,grossProfitMargin,epsdilutedGrowth,fiveYNetIncomeGrowthPerShare,fiveYRevenueGrowthPerShare,fiveYShareholdersEquityGrowthPerShare,grossProfitGrowth,netIncomeGrowth,operatingIncomeGrowth,threeYNetIncomeGrowthPerShare,threeYRevenueGrowthPerShare,threeYShareholdersEquityGrowthPerShare,Industry,Sector,Symbol
2023Q2,2023,Q2,2023-06-07,2023-04-29,57654000.0,1132655000.0,102813000.0,0.38,487683000.0,0.430566236,5775638000.0,2908653000.0,3868626000.0,1057929000.0,2866985000.0,1098092000.0,-3498335000.0,6888320640.0,7336377640.0,19.44078841835098,3.6567917128654193,0.27975299005928,0.5554983698639886,0.014789545818441214,19.44078841835098,0.019821546262135774,6.081569974970313,29.86922260380893,2.3682167106217205,0.0,0.5873569791966429,0.0,0.196109070547704,2.2259026834504017,0.009982273819792723,34.13320965080498,0.4305662359677042,-0.2549019607843137,3.004060368561994,0.4931275968957958,0.6048145295889114,0.06960692713610822,-0.2437927099592083,-0.17116369059615463,-0.35313250997891465,0.3027960249088275,0.33497851644873683,Communication Equipment,Technology,CIEN
2023Q1,2023,Q1,2023-03-08,2023-01-28,76241000.0,1056521000.0,124045000.0,0.51,455946000.0,0.4315541291,5672497000.0,2838295000.0,3762569000.0,1018210000.0,2834202000.0,1178089000.0,-3555989000.0,7607603430.0,8176882430.0,19.03860988321785,3.695277987841408,0.28626335104275946,0.5721138923191564,0.020621104991661362,19.03860988321785,0.026861548922856856,7.200617337468919,24.945906500439396,2.680342751546263,0.0,0.5097874608794412,0.0,0.18625324967117657,2.1703676058966224,0.013440465459920031,-25.730135489347887,0.4315541290707899,0.30769230769230765,1.1554888185270424,0.5785551352457796,0.560282672003644,0.05154325329741673,0.3225951947263423,0.6053864471708857,0.26632362038504254,0.31316206942613156,0.33945926547833216,Communication Equipment,Technology,CIEN
2022Q4,2022,Q4,2022-12-16,2022-10-29,57645000.0,971010000.0,77268000.0,0.39,433597000.0,0.4465422601,5069632000.0,2712861000.0,3385896000.0,1040583000.0,2356771000.0,946730000.0,-3632230000.0,7167441000.0,7302461000.0,18.262521205266985,3.2538452002387124,0.2227719881837577,0.4163029362728131,0.0174524600225946,18.262521205266985,0.021248784954334188,7.381428615565236,31.0844002081707,2.64202294183152,0.0,0.5676518120266602,0.0,0.1915346123742315,1.9884170700463106,0.011370647810334162,-186.5695134966291,0.44654226012090503,4.571428571428571,-0.9521318758396801,0.2564710067418184,0.22326481289516836,0.27237006975195066,4.483732876712328,1.8504814254620578,-0.2519536983707936,0.04569296828275442,0.3015642004242543,Communication Equipment,Technology,CIEN
2022Q3,2022,Q3,2022-09-07,2022-07-30,10512000.0,867981000.0,27107000.0,0.07,340779000.0,0.3926111286,4900782000.0,2667736000.0,3188376000.0,915342000.0,2233046000.0,826673000.0,-3689875000.0,7732879200.0,8005000200.0,17.801283847806648,3.483261993877698,0.2309443676539785,0.42425787259309017,0.004974937048942906,17.801283847806648,0.003940419891623459,8.909042018200859,183.9059931506849,2.8986673343989064,0.0,0.637739468931488,0.0,0.17711071416765733,2.167489310006533,0.002144963803735812,-34.05819536751979,0.3926111285846119,-0.72,-0.8334765748194388,0.13230580881815956,1.6856033528120282,-0.15182898146004914,-0.7299213812239864,-0.536069417583734,-0.8742736729819237,-0.0625021577128344,0.3059860897920151,Communication Equipment,Technology,CIEN
2022Q2,2022,Q2,2022-06-08,2022-04-30,38922000.0,949227000.0,58429000.0,0.25,401781000.0,0.423271778,4964129000.0,2782422000.0,3228533000.0,868758000.0,2181707000.0,536878000.0,-3700387000.0,8396708490.0,8505591490.0,18.281713831415864,3.7162627567170605,0.22738047298932,0.40567031169247514,0.01212062945939815,18.281713831415864,0.01398853229308854,8.84583823468991,53.93292026360414,3.0177695870719825,0.0,1.019684174058166,0.0,0.19121723065617352,2.675441262123629,0.007840650394057043,96.3953355069053,0.42327177798355925,-0.13793103448275856,-0.04674293471181695,0.25035312410063787,2.061036287033033,0.04579540692423221,-0.1506012264583288,-0.026248250116658888,-0.24270862471237334,0.12600409752706845,0.38380022918400775,Communication Equipment,Technology,CIEN
2022Q1,2022,Q1,2022-03-09,2022-01-29,45823000.0,844443000.0,60004000.0,0.29,384187000.0,0.4549590677,4900362000.0,2814790000.0,3164114000.0,760328000.0,2085572000.0,457604000.0,-3739309000.0,9981277250.0,9996841250.0,18.259952903322066,4.161511873822876,0.23145228862684022,0.4029430259450971,0.01245423849229934,18.259952903322066,0.016279367199684522,11.81995380386835,54.45560771883116,3.546011336547309,0.0,1.0057954038863297,0.0,0.1723225753525964,3.2922699150892774,0.009350941828379209,-124.43155581873714,0.4549590676931421,-0.5606060606060607,9.83118327297087,0.24000515537702063,2.2155078268868986,-0.19477740354083573,-0.5572614228156794,-0.5633182688179086,0.38225768725301273,0.09988730979033847,0.3894169941317796,Communication Equipment,Technology,CIEN
2021Q4,2021,Q4,2021-12-17,2021-10-30,103499000.0,1041486000.0,137409000.0,0.66,477119000.0,0.4581136952,4865227000.0,3020018000.0,3188906000.0,909030000.0,1845209000.0,374265000.0,-3785132000.0,8427545280.0,7808683280.0,19.45486755308184,3.508031638119754,0.1651894145946325,0.2661189436619252,0.02783944963891035,19.45486755308184,0.0342709877888145,8.091846918729585,20.35658624721012,2.7905612748003485,0.0,1.5079342177334243,0.0,0.21406729840149288,2.8698172777576096,0.021273210890262673,34.73414367555537,0.4581136952393023,-0.5657894736842105,1.5465484720915266,0.3090829638446651,2.547562569058956,0.005413549678642925,-0.5655537459283387,-0.07483016098516727,0.4971450143718385,0.07170038341810743,0.4486174077729331,Communication Equipment,Technology,CIEN
2021Q3,2021,Q3,2021-09-08,2021-07-31,238232000.0,988141000.0,148523000.0,1.52,474550000.0,0.4802452282,4655868000.0,2924236000.0,2984133000.0,827091000.0,1731632000.0,370170000.0,-3888631000.0,9027455940.0,8549514940.0,18.83311114116609,3.607986303804539,0.16162399793121282,0.2573321715483976,0.06665381104409247,18.83311114116609,0.0814681168004224,9.135797360902949,9.473387223378891,3.0871160672394433,0.0,1.387446308452873,0.0,0.21223561320896556,2.9120483719445622,0.0511681173091677,168.87006509783382,0.48024522816075843,1.303030303030303,5.3520197391967566,0.31807534807410925,2.624875177769645,0.15065018827939547,1.3103077087192219,0.11145784223484423,3.3276622202340063,0.1145277083845187,0.5181214003528012,Communication Equipment,Technology,CIEN
2021Q2,2021,Q2,2021-06-09,2021-05-01,103117000.0,833927000.0,133629000.0,0.66,412419000.0,0.4945504822,4388013000.0,2693263000.0,2794453000.0,782676000.0,1694750000.0,401233000.0,-4126863000.0,7839555570.0,7393270570.0,17.33886345932235,3.570382891515774,0.17244456659540433,0.2809562229904766,0.031368327931284294,17.33886345932235,0.03828701467327922,9.400769575754232,19.00645764035028,2.9108020902526044,0.0,1.0505317359240143,0.0,0.1900466110743063,2.773997158466594,0.023499702484928827,40.36950266484719,0.49455048223645476,0.8857142857142859,5.54272811677888,0.15591354981605954,2.5752665336548795,0.15235923786851305,0.8630664161306641,0.7630318622600435,5.897970677082597,0.05888113893817573,0.4313030627818031,Communication Equipment,Technology,CIEN
2021Q1,2021,Q1,2021-03-10,2021-01-30,55348000.0,757130000.0,75795000.0,0.35,357891000.0,0.4726942533,4186897000.0,2586513000.0,2596539000.0,684767000.0,1600384000.0,389733000.0,-4229980000.0,8284739860.0,8017289860.0,16.66846894453968,3.7918576683747904,0.18194548373174693,0.29452278028372564,0.01817850423835206,16.66846894453968,0.02139869391725462,10.942295061614255,37.42113472934885,3.203053632438731,0.0,1.0243910574675483,0.0,0.18083320416050358,2.9093925378997527,0.013219336420265414,-293.9205967289885,0.4726942532986409,-0.16666666666666669,5.22221657549938,0.16358685575893991,2.6332773437108146,-0.11489579546381962,-0.14902907396872742,-0.1892108725650653,1.1084465783165742,0.08681448559051683,0.3660410829637955,Communication Equipment,Technology,CIEN
2020Q4,2020,Q4,2020-12-18,2020-10-31,65041000.0,828480000.0,93483000.0,0.42,404349000.0,0.4880612688,4180917000.0,2509597000.0,2611159000.0,760701000.0,1671320000.0,344379000.0,-4283122000.0,6093869340.0,5833382340.0,16.22171732188797,3.432569432668026,0.19807544612820585,0.3299880419047361,0.020339181706441008,16.22171732188797,0.025916910165257608,7.355481532444959,23.42318437600898,2.4282262610291614,0.0,1.2315820651084997,0.0,0.198157485546831,2.716599557513399,0.015556635063551847,36.71868294358313,0.48806126882966394,-0.5384615384615385,5.075811911755275,0.037778775336299565,2.5035717723236375,-0.12983530637146773,-0.542824407627911,-0.5028451998553468,-0.9481401057548798,0.029367493409815856,0.08656717117867956,Communication Equipment,Technology,CIEN
2020Q3,2020,Q3,2020-09-09,2020-08-01,142267000.0,976712000.0,188036000.0,0.91,464681000.0,0.4757605108,4055188000.0,2428867000.0,2567883000.0,720491000.0,1626321000.0,363600000.0,-4348163000.0,9175489840.0,8840849840.0,15.753041820162922,3.5640736664302537,0.18719452710947063,0.3125362566167682,0.04530040154472496,15.753041820162922,0.058573400684352,9.394263447157401,16.12371428370599,3.7776831090380822,0.0,1.4082260726072606,0.0,0.24085492460522176,2.7742511703824198,0.03508271379773268,57.507112576306454,0.4757605107749265,0.5423728813559323,3.6247944175542886,0.24410852230153318,9.488180985813939,0.12424817214498966,0.5522011892422672,0.4749309738955823,1.1905157110180176,0.23843225881389873,1.3765938620449751,Communication Equipment,Technology,CIEN
2020Q2,2020,Q2,2020-06-10,2020-05-02,91655000.0,894053000.0,127488000.0,0.59,413326000.0,0.4623059259,3856762000.0,2240576000.0,2340211000.0,712986000.0,1616186000.0,325753000.0,-4490430000.0,7129779720.000001,7000114720.000001,14.56262267805379,3.282267814515292,0.19655529690450177,0.3383357672312834,0.032537083265411756,14.56262267805379,0.040906891799251624,7.9746723292690715,19.447328896404997,3.1821191157987947,0.0,1.4757408220338724,0.0,0.23181440804488324,2.5588889543413194,0.023764753956816626,98.30382362673727,0.46230592593503966,0.47499999999999987,2.2753611663133237,0.06154165487480259,10.92573807148553,0.11548436719878014,0.47052689000128356,0.6353630847775056,1.2205320990920108,0.1649623096691161,1.438322624615795,Communication Equipment,Technology,CIEN
2020Q1,2020,Q1,2020-03-11,2020-01-31,62328000.0,832912000.0,77957000.0,0.4,370535000.0,0.4448669247,3830887000.0,2193650000.0,2266444000.0,733086000.0,1637237000.0,342673000.0,-4582085000.0,6276763780.0,6201929780.0,14.213653504736481,3.0916481831599567,0.19902753592053224,0.3475723109885351,0.022222731444300654,14.213653504736481,0.0284129191074237,7.535926700539793,25.176340408805032,2.8613332938253597,0.0,1.34932428291695,0.0,0.21742014316788774,2.3495347067056254,0.016269861261895745,484.91685568603214,0.44486692471713696,-0.2156862745098039,3.3177099716813956,0.0991547214767643,18.294361605034883,-0.11713478327170142,-0.2241102438660044,-0.16356945129932834,13.715001518065003,0.22162244662101518,1.5029699876620997,Communication Equipment,Technology,CIEN
2019Q4,2019,Q4,2019-12-20,2019-10-31,80331000.0,967987000.0,93202000.0,0.51,419696000.0,0.4335760708,3893346000.0,2172761000.0,2381802000.0,845940000.0,1720585000.0,345049000.0,-4644413000.0,5748106240.0,5599515240.0,14.031210446103376,2.815568480034045,0.1940372111803061,0.3476930964795484,0.030148312732373287,14.031210446103376,0.03697185286370659,5.938206029626431,17.88881701958148,2.645530843014947,0.0,1.5890235879541745,0.0,0.24862598905928218,2.1881232711539824,0.02063289520119712,25.37828863075449,0.4335760707530163,-0.07272727272727278,2.8067130025917715,0.13108708490520757,22.55241491362896,-0.010972023226001056,-0.07398356177016449,-0.25617513028627065,0.9813600441458413,0.2196850302128184,1.5585677641532059,Communication Equipment,Technology,CIEN
2019Q3,2019,Q3,2019-09-11,2019-07-31,86749000.0,960606000.0,125301000.0,0.55,424352000.0,0.4417544758,3775708000.0,2119384000.0,2291232000.0,791035000.0,1656324000.0,356818000.0,-4724744000.0,7031167360.0,6999654360.0,13.630530973451327,2.896498890693838,0.18320166707806854,0.32637596584668,0.03303098904143905,13.630530973451327,0.04093123284879002,7.319512224574904,20.26296372292476,3.3175523453984743,0.0,1.5028782180271174,0.0,0.2544174496544754,2.2159942354004563,0.022975558491281634,101.39985520831831,0.44175447582047167,0.6666666666666667,2.66773503357809,0.08742230982634457,33.06920956051679,0.13258086298331628,0.6449050020857825,0.5600224103585657,1.3097750832478456,0.27955832177877726,1.623516264260987,Communication Equipment,Technology,CIEN
2019Q2,2019,Q2,2019-06-12,2019-04-30,52738000.0,865011000.0,80320000.0,0.33,374677000.0,0.4331470929,3686778000.0,2063199000.0,2178168000.0,769379000.0,1623579000.0,359417000.0,-4811493000.0,5990681200.0,5984973200.0,13.21123775372991,2.8310728522613693,0.18808835248555786,0.3360994261823508,0.021739917582962214,13.21123775372991,0.025561276444976952,6.925554935139553,28.39831430846828,2.9035886504404083,0.0,1.364248213078402,0.0,0.2346251930547486,2.158928174540766,0.014304631306794172,71.17105485131812,0.433147092927142,0.5714285714285715,4.505649880255919,0.04289213202508522,18.233278480561268,0.15876736943350828,0.5688362684435982,0.6753227791335544,2.328225837725936,0.1925579106671847,1.7241518061365726,Communication Equipment,Technology,CIEN
2019Q1,2019,Q1,2019-03-11,2019-01-31,33616000.0,778527000.0,47943000.0,0.21,323341000.0,0.4153240671,3618106000.0,2054305000.0,2089667000.0,700760000.0,1563801000.0,323106000.0,-4864231000.0,5954000260.000001,5980443260.000001,13.142168967590875,2.9820009703750214,0.19215937841511554,0.3384370869953585,0.013692990662324364,13.142168967590875,0.016363685041899816,7.647776197871109,44.2795116908615,2.8983039324735134,0.0,1.4087822572158981,0.0,0.2151752878439714,2.3072592613733662,0.009291048963186816,-202.1731837011885,0.4153240671164905,-0.3823529411764707,2.4102278389502585,-0.024793461171566868,16.81112120839288,-0.18773849149029706,-0.4745611704206199,-0.4999165536664233,3.545691004001657,0.18774472288426558,1.8646389129104213,Communication Equipment,Technology,CIEN
2018Q4,2018,Q4,2018-12-21,2018-10-31,63977000.0,899356000.0,95870000.0,0.34,398075000.0,0.4426222764,3756523000.0,1929334000.0,2142602000.0,963003000.0,1827189000.0,262751000.0,-4947652000.0,4490780340.0,4510599340.0,13.42995565888667,2.2249172640168307,0.20371018625468285,0.39663531560631804,0.04124714931816302,13.42995565888667,0.03316014749131047,4.993328937595346,17.548417165543867,2.3276324057939166,0.0,1.9078176676777634,0.0,0.23941181779001486,1.7728376754797233,0.01703090863545891,88.40814906685566,0.4426222763844351,0.0,5.705814171252533,0.11091386719875959,17.816155637903222,0.13236503073592704,0.2583988985051141,0.12425827333067524,5.317428102477796,0.21318968810967137,1.900606182216297,Communication Equipment,Technology,CIEN
2018Q3,2018,Q3,2018-09-05,2018-07-31,50840000.0,818817000.0,85274000.0,0.34,351543000.0,0.4293303632,3622695000.0,1778954000.0,2104476000.0,1068438000.0,1843741000.0,227885000.0,-5011629000.0,3642360000.0,3860093000.0,12.405536959553697,1.9696753578588557,0.26056485572205224,0.5306191166269617,0.022674987308968032,12.405536959553697,0.028578591689273583,4.448319954275497,17.91089693154996,2.0474728407817175,0.0,2.050481602562696,0.0,0.22602427198535896,1.5762206136434682,0.014033751116227008,52.28393023756549,0.4293303631947065,2.7777777777777777,30.58174245745938,0.0894155146548593,16.32091570948729,0.19854964252472665,2.6691685912240186,1.6593276367492047,0.7769858006242943,0.12142116732801425,7.259453529252263,Communication Equipment,Technology,CIEN
2018Q2,2018,Q2,2018-06-06,2018-04-30,13856000.0,729978000.0,32066000.0,0.09,293307000.0,0.4018025201,3506554000.0,1744119000.0,1985422000.0,989755000.0,1762435000.0,231338000.0,-5062469000.0,3707356250.0,3997834250.0,12.114040632054175,2.005973195386737,0.2688035033825231,0.5404298674574384,0.008122459160546165,12.114040632054175,0.007944412049865863,5.078723262892854,66.89080993793303,2.1256326259848097,0.0,1.8875887229940607,0.0,0.2081753197013364,1.5842910619294674,0.003951457755962121,119.0430032431044,0.40180252007594747,1.0273556231003038,1.3621994206131365,0.017735309266723686,13.60584072347057,0.07926701378028812,1.0292714048204021,0.2847984614151775,-0.47085596580889044,-0.073774906363513,8.920525907941641,Communication Equipment,Technology,CIEN
2018Q1,2018,Q1,2018-03-07,2018-01-31,-473363000.0,646135000.0,24958000.0,-3.29,271765000.0,0.420600958,3469384000.0,1756140000.0,1923422000.0,933376000.0,1713244000.0,255251000.0,-5076325000.0,3062660160.0,3355081160.0,12.202026097469462,2.06071508159627,0.2713127171855292,0.5359982689307231,-0.9555213389304652,12.202026097469462,-0.2695474164929903,4.739969449108933,-1.6175008186106647,1.7439726673272065,0.0,1.466673979729756,0.0,0.18623911334115797,1.587071019610532,-0.13644007120572413,305.0154526441589,0.4206009580041323,-1.4494535519125682,-6.03369213689459,0.0027817152712632572,16.70412474303172,-0.16555874541351306,-1.4080518526691814,-0.5527159984945966,-17.875768110821756,-0.08563961026980542,15.846728293565636,Communication Equipment,Technology,CIEN
2017Q4,2017,Q4,2017-12-22,2017-10-31,1160056000.0,744449000.0,55799000.0,7.32,325685000.0,0.4374846363,3951711000.0,2136342000.0,2006311000.0,1037743000.0,1815369000.0,267143000.0,-4664253000.0,3043673190.0,3416320190.0,14.929327658860773,1.9333409138871571,0.2563851455736515,0.4742499094246146,0.471742513192128,14.929327658860773,0.5430104355950498,4.088491206247842,0.6559323838676754,1.4247125179395435,0.0,1.5675649371310496,0.0,0.18838649891148415,1.4970305750074921,0.2935579044115321,25.37641998982833,0.43748463628804657,17.76923076923077,22.01519441231338,0.12317597366830987,17.864710309776797,-0.007287945476048233,18.331044825862357,-0.3195160916596544,29.233924002697737,-0.058657299010918026,23.931953399262245,Communication Equipment,Technology,CIEN
2017Q3,2017,Q3,2017-09-07,2017-07-31,60010000.0,728719000.0,81999000.0,0.39,328076000.0,0.4502092027,2736660000.0,944310000.0,1923135000.0,657616000.0,1792350000.0,276421000.0,-5824309000.0,3668448000.0,4124543000.0,6.628411388140162,2.924404211576361,0.3711220977395804,1.075531340343743,0.03560600835549414,6.628411388140162,0.0635490463936631,5.034105052839298,15.282652891184803,3.88479207040061,0.0,1.4493942211337054,0.0,0.2662804294285735,2.213703742001411,0.021928189837246863,105.04991266000401,0.45020920272423254,0.56,2.4060752103630287,0.0738612428324642,11.9483518447607,0.03090749120160885,0.5781307526429286,0.4181771013490142,1.7691650814129591,-0.09966365872380573,16.5949841039655,Communication Equipment,Technology,CIEN
2017Q2,2017,Q2,2017-06-07,2017-04-30,38026000.0,707022000.0,57820000.0,0.25,318240000.0,0.4501132921,2777103000.0,846545000.0,1942250000.0,806773000.0,1930558000.0,287073000.0,-5884319000.0,3247332130.0,3782025130.0,5.972393698454245,2.40743059076097,0.4188955180992567,1.3741927481705047,0.025725509329903178,5.972393698454245,0.044919053328529496,4.592971831145283,21.349419673381373,3.8359828833670977,0.0,1.3542966423174594,0.0,0.2545897649457006,1.823812894085449,0.013692686227338345,86.88281597816781,0.45011329208992085,7.333333333333334,1.9558695328219717,0.03372106907176584,15.394153757498348,0.16237193418193108,8.84874384874385,2.0265912897822447,3.7849763886022973,-0.06082466520516344,8.790634437106615,Communication Equipment,Technology,CIEN
2017Q1,2017,Q1,2017-03-08,2017-01-31,3861000.0,621497000.0,19104000.0,0.03,273785000.0,0.4405250548,2860094000.0,798893000.0,1998052000.0,841561000.0,2061201000.0,284595000.0,-5922345000.0,3424199880.0,3966642880.0,5.678715116361723,2.3742212388644437,0.43225712161907964,1.5475113688566553,0.00837699871523318,5.678715116361723,0.004832937577372689,5.509600014159361,221.71716394716395,4.286180852755,0.0,1.2217783165551046,0.0,0.21729950134506068,1.8498742218329984,0.0013499556308289168,-65.90576410809146,0.44052505482729604,-0.88,1.056479322983788,0.03970730959352276,27.38783532037191,-0.14052199354571368,-0.8944707136414574,-0.6798552108994017,1.1799709433438963,-0.13498964755850082,7.831966111084566,Communication Equipment,Technology,CIEN
2016Q4,2016,Q4,2016-12-21,2016-10-31,36587000.0,716191000.0,59673000.0,0.25,318548000.0,0.4447807917,2882442000.0,766341000.0,2013192000.0,891862000.0,2116101000.0,211251000.0,-5926206000.0,2708180580.0,3219733580.0,5.484009703666068,2.257290926174677,0.4472485482795491,1.6822380637340297,0.024406339522087872,5.484009703666068,0.04774245407723194,3.7813663952772374,18.50507407002487,3.5339105959357515,0.0,1.8823248173973142,0.0,0.2484667514558836,1.8357503739367749,0.012693056790041223,24.467015819382585,0.4447807917161763,0.08695652173913039,2.149878996199526,0.10351438675233288,37.76558030705087,0.032620710893560466,0.09065164252071782,0.04645412457912458,3.766602050682607,-0.09053371688161778,7.86673605177525,Communication Equipment,Technology,CIEN
2016Q3,2016,Q3,2016-09-07,2016-07-31,33546000.0,670550000.0,57024000.0,0.23,308485000.0,0.460047722,3043658000.0,721559000.0,2150174000.0,1103276000.0,2322099000.0,221598000.0,-5962793000.0,2672070440.0,3326146440.0,5.1955199055306345,1.9488994594281033,0.49578303475620455,2.091296761595379,0.022641762571139867,5.1955199055306345,0.046491000735906556,3.9848936544627547,19.91348029571335,3.7031905083298797,0.0,1.633882074747967,0.0,0.22031056051632608,1.5794207433135499,0.011021606238283013,54.51424922474294,0.46004772201923794,1.3,1.7397111559942962,0.06824681255548003,16.514126515045742,0.08969490591431084,1.3966564263770809,1.0197641058335989,21.154186305791917,-0.07882066165571482,7.416499567823779,Communication Equipment,Technology,CIEN
2016Q2,2016,Q2,2016-06-08,2016-04-30,13997000.0,640717000.0,28233000.0,0.1,283093000.0,0.4418378161,2981583000.0,669012000.0,2078049000.0,630132000.0,2312571000.0,190861000.0,-5996339000.0,2321698500.0,2938259500.0,4.849670170351577,3.2977995086743728,0.5160325907412271,2.2998003025356795,0.01065266238606231,4.849670170351577,0.020921896767173084,3.6235943482067747,41.467787740230044,3.4703390970565544,0.0,1.8737405756021397,0.0,0.21489155257458872,2.6999533431090628,0.004694486116938552,63.56464065708419,0.4418378160716822,2.1834319526627217,1.1543508202807002,0.059850597649697135,8.304185644195279,0.12584211572877313,2.212281309544431,1.5120562327609217,1.3818653225461792,-0.06769781910988673,6.046554785944436,Communication Equipment,Technology,CIEN
2016Q1,2016,Q1,2016-03-09,2016-01-31,-11546000.0,573115000.0,11239000.0,-0.0845,251450000.0,0.4387426607,2589315000.0,627027000.0,1751020000.0,555229000.0,1962288000.0,205664000.0,-6010336000.0,2451949500.0,3069867500.0,4.587722699835376,3.1536897388284832,0.4936591337863489,2.038570906834953,0.006586481048105262,4.587722699835376,-0.018413880104046557,4.278285335403889,-53.09088645418328,3.9104368711395208,0.0,1.5640316243970749,0.0,0.2213384621029114,2.4802288785348026,-0.004459094393690996,-176.48812351543944,0.4387426607225426,0.155,0.8990233265427601,-0.0855301093661551,3.5572912447953122,-0.17009914584075936,0.16526894158473107,-0.6489458066531314,0.8193413740060947,-0.06338088244278381,6.904443162893615,Communication Equipment,Technology,CIEN
2015Q4,2015,Q4,2015-12-21,2015-10-31,-13832000.0,691973000.0,32015000.0,-0.1,302988000.0,0.4378610148,2695051000.0,620876000.0,1864210000.0,667034000.0,2074175000.0,191162000.0,-5998790000.0,3237101580.0,3738986580.0,4.630051380716944,2.794775078931509,0.47971485511776957,2.0823095110778964,0.024116563296393598,4.630051380716944,-0.022278200478034263,4.678074982694412,-58.5074750578369,5.2137650352083185,0.0,2.034844791328821,0.0,0.2567569222252195,2.2567470323851557,-0.0051323704078327275,52.00330259606734,0.43786101480838124,-1.5263157894736843,0.8786410346425795,0.16763865228132585,1.746645083413762,0.12272250610481382,-1.5854814814814815,-0.27976873411171854,0.7326064638508151,0.114072540458746,6.230274064540948,Communication Equipment,Technology,CIEN
2015Q3,2015,Q3,2015-09-09,2015-08-01,23625000.0,602932000.0,44451000.0,0.19,269869000.0,0.4475944219,2163695000.0,177854000.0,1766576000.0,591867000.0,1985841000.0,194017000.0,-5984957000.0,3013610850.0,3616076850.0,1.5019803568864905,2.9847516418384537,0.6006193109472453,7.306875302214175,0.025895598220732507,1.5019803568864905,0.13283367256288867,4.998259919858293,31.890061904761904,16.94429616426957,0.0,1.7166691578573012,0.0,0.2786584985406908,2.349864074192344,0.010918821737814248,30.22315117538511,0.44759442192486054,0.11764705882352934,1.168731577520427,0.21397618818209796,-0.38876021359689755,-0.00933148808234616,0.14390161235655838,0.04802659499221955,1.665982000731176,0.06896173506910663,3.480867352399887,Communication Equipment,Technology,CIEN
2015Q2,2015,Q2,2015-06-10,2015-05-02,20653000.0,621602000.0,42414000.0,0.17,272411000.0,0.4382402245,2091564000.0,138663000.0,1682838000.0,575493000.0,1952901000.0,214593000.0,-6008583000.0,2417585950.0,3116032950.0,1.2211087138391088,2.9241676267130963,0.6142699912601288,9.265521444076647,0.025617991524636948,1.2211087138391088,0.14894384226505988,3.889282772577952,29.264343557836636,17.434975083475763,0.0,1.6272245599809874,0.0,0.2971948264552268,2.2465277596773547,0.009874428896270925,89.21310564965496,0.43824022445230226,2.0,1.187140415112741,1.0001128732013507,-0.6563949454369655,0.18287848194706788,2.099792321209862,2.5289125551210585,1.648032040559471,0.1344313043669493,3.943012043256686,Communication Equipment,Technology,CIEN
2015Q1,2015,Q1,2015-03-12,2015-01-31,-18779000.0,529162000.0,12019000.0,-0.17,230295000.0,0.4352069877,2056155000.0,-88575000.0,1681367000.0,778599000.0,2144730000.0,241118000.0,-6029236000.0,1995955960.0,2868964960.0,-0.8218663301569039,2.159477471715222,0.7157689960144056,-16.615659046006208,0.009162914595405294,-0.8218663301569039,0.21201241885407845,3.7719185429036854,-26.571648650087862,-22.534078012983347,0.0,1.2395051385628613,0.0,0.2573551118471127,1.6314855272097704,-0.009133066330116164,182.3790168128655,0.4352069876521746,0.4137931034482758,0.6983752491345074,1.5773452419756988,-1.1850392304040607,0.04282796813939693,0.3883659577240009,0.04649542882020026,0.6414161678552017,0.15555140918551985,-2.8190458459612837,Communication Equipment,Technology,CIEN
2014Q4,2014,Q4,2014-12-19,2014-11-01,-30703000.0,590963000.0,11485000.0,-0.29,220837000.0,0.3736900618,2072632000.0,-69615000.0,1693190000.0,781136000.0,2142247000.0,254660000.0,-6010457000.0,1792163560.0000002,2678085560.0,-0.6510272979772003,2.1675994961184735,0.7105178343285252,-21.154090354090354,0.00946576180623425,-0.6510272979772003,0.4410400057458881,3.032615510615724,-14.592739797413936,-25.743928176398768,0.0,1.453412392994581,0.0,0.28512683390008453,1.6086686569304194,-0.014813531779881811,29.09025857451264,0.37369006181436065,-2.933333333333333,0.005662474441842745,1.8945346840676387,-1.1318527441252224,-0.1634106518469692,-2.8999381188118813,-0.6896113723582509,-0.26103276801791964,0.18995256519890102,-5.602006992246243,Communication Equipment,Technology,CIEN
2014Q3,2014,Q3,2014-09-09,2014-07-31,16160000.0,603562000.0,37002000.0,0.15,263973000.0,0.4373585481,2100417000.0,-45154000.0,1698431000.0,809171000.0,2145571000.0,293092000.0,-5979754000.0,2074789080.0000002,3006126080.0,-0.42503482811852855,2.0989766069223936,0.6971096691752161,-32.42727111662311,0.02198528858498954,-0.42503482811852855,-0.3578863445098995,3.43757406861267,32.09760334158416,-45.94917570979315,0.0,1.1586430199391318,0.0,0.28735341601215375,1.4865176829125117,0.007693710344184036,49.82084475927483,0.43735854808619495,2.5576323987538943,1.5253556437108702,2.1504948384018596,-1.0819044849790798,0.1105721293612295,2.59086434337468,4.166433956995252,1.4658369214990101,0.2569947171097695,-2.4327947709418583,Communication Equipment,Technology,CIEN
2014Q2,2014,Q2,2014-06-11,2014-04-30,-10158000.0,560061000.0,7162000.0,-0.0963,237691000.0,0.4244019848,1795464000.0,-80840000.0,1431336000.0,790054000.0,1876304000.0,293952000.0,-5995914000.0,2084766270.0,2973971270.0,-0.7666119809200481,1.8116938842155093,0.6763087424754827,-15.020880752102919,0.011137617661595735,-0.7666119809200481,0.1256556160316675,3.7223914359328716,-51.30848272297696,-25.788796016823355,0.0,1.0966756477247985,0.0,0.31193106628704337,1.1773334480934214,-0.005657590461295799,-239.13354783207157,0.4244019847838003,0.358,0.9825929576386603,2.349138441501217,-1.1421831619666758,0.05242394321920204,0.3625753012048193,1.1347242921013412,0.8534610113161337,0.2119500910397968,-2.4707598531442674,Communication Equipment,Technology,CIEN
2014Q1,2014,Q1,2014-03-07,2014-01-31,-15936000.0,533703000.0,3355000.0,-0.15,225851000.0,0.4231773102,1800615000.0,-86861000.0,1416964000.0,616156000.0,1887476000.0,284124000.0,-5985756000.0,2438008330.0,3321070330.0,-0.8311977875809801,2.2996838462986644,0.6737398055664314,-13.966521223564085,0.0034723481461400004,-0.8311977875809801,0.18346553689227615,4.568099354884645,-38.24686762675703,-28.067928414363177,0.0,1.0835128324252792,0.0,0.29640039653118516,1.532150948785697,-0.008850309477595155,-46.05751180715608,0.423177310226849,-0.5856236786469343,0.4434698173821405,1.764698658883373,-1.0766958457579645,-0.0250166201877002,-0.6266203939981627,304.0,0.8177206532630538,0.11377102551194745,-1.8256842551037276,Communication Equipment,Technology,CIEN
2013Q4,2013,Q4,2013-12-20,2013-10-31,-9797000.0,583385000.0,11000.0,-0.0946,231646000.0,0.3970722593,1802770000.0,-82677000.0,1395802000.0,615055000.0,1885447000.0,249103000.0,-5969820000.0,2408980210.0,3274512210.0,-0.7986341199540199,2.2693937940509383,0.6723092796086023,-14.659687700327781,8.606890265469292e-06,-0.7986341199540199,0.11849728461361685,4.129314620705023,-61.472394865775236,-29.137247481161626,0.0,1.4120223361420778,0.0,0.32360478596826,1.560992106396989,-0.005434414817197979,-287.5021136173768,0.39707225931417506,-6.883333333333334,0.662312489386076,1.8425333975369926,-1.0724483671841438,0.015007383194359854,-6.958570268074736,-0.9992583102960017,0.8886571826991,0.2751368168244614,-1.473766768151614,Communication Equipment,Technology,CIEN
2013Q3,2013,Q3,2013-09-11,2013-07-31,-1231000.0,538356000.0,14831000.0,-0.012,228221000.0,0.4239220887,1727355000.0,-83168000.0,1304477000.0,541124000.0,1810523000.0,235530000.0,-5960023000.0,2265848780.0,3098576780.0,-0.8097124998783016,2.4106803616176697,0.7010180304569703,-14.559770584840324,-0.023394501403691023,-0.8097124998783016,0.01480136590996537,4.208829807785183,-460.16425264013,-27.244237928049248,0.0,1.3167537044113276,0.0,0.31166494438028086,1.6952639321116787,-0.0007126502658689152,71.68592698051127,0.42392208872939097,0.9555555555555555,-1.0922311112467658,0.8676695181035303,-1.0717177971385354,0.08929278851431653,0.9545404187746963,2.634990629478558,0.9898642340693109,0.24964127621303747,-1.3295172890939069,Communication Equipment,Technology,CIEN
2013Q2,2013,Q2,2013-06-12,2013-04-30,-27079000.0,507712000.0,-9071000.0,-0.27,209513000.0,0.412661115,1693344000.0,-97937000.0,1264158000.0,520206000.0,1791281000.0,248096000.0,-5958792000.0,1524618480.0,2377934480.0,-0.9609863314788104,2.430110379349719,0.7144525861254417,-12.352982019053064,-0.008948394740105775,-0.9609863314788104,0.2764940727202181,3.002919923106013,-14.0756534583995,-15.5673390036452,0.0,1.2019500515929318,0.0,0.29982803257932233,1.6980869117234327,-0.01599143469962394,42.8215503875969,0.41266111496281355,0.42553191489361697,-1.9964237082325549,0.8327488216046623,-1.0858608912276062,0.0700630761766133,0.42779562167187896,-14.666666666666666,0.7266030021656993,0.8202716525569169,-1.2704097981775713,Communication Equipment,Technology,CIEN
2013Q1,2013,Q1,2013-03-13,2013-01-31,-47324000.0,453093000.0,-579000.0,-0.47,195795000.0,0.4321298277,1885172000.0,-78635000.0,1434873000.0,693715000.0,1963807000.0,266901000.0,-5931713000.0,1584854640.0,2457542640.0,-0.7769949804355559,2.068389756600333,0.7558753259649518,-18.121129268137597,-0.0004511886231299482,-0.7769949804355559,0.6018185286450054,3.4978572610920935,-8.372362015045221,-20.15457035671139,0.0,0.9640203671024088,0.0,0.24034570850829526,1.5039418204882409,-0.025103279700738182,-27.339692594317654,0.4321298276512769,-0.205128205128205,-2.410767626084782,0.7109542942595453,-1.0759550061802892,0.018672674110069405,-0.22060302803641899,0.9707649583438526,0.19055330500503181,1.3500851322210945,-1.1749366629731204,Communication Equipment,Technology,CIEN
2012Q4,2012,Q4,2012-12-21,2012-10-31,-38771000.0,465531000.0,-19805000.0,-0.39,192206000.0,0.4128747602,1881143000.0,-88972000.0,1415690000.0,684970000.0,1970115000.0,260098000.0,-5884389000.0,1248284520.0,2047856520.0,-0.8852406821483294,2.066791246331956,0.7665637327943702,-16.207525963224384,-0.015658342583356646,-0.8852406821483294,0.43576630850155107,2.6814208291177173,-8.049086430579557,-14.030082722654319,0.0,1.0508539089112565,0.0,0.2474724143778543,1.5280756821466634,-0.020610341691195192,-276.78149002217293,0.4128747602200498,-0.3000000000000001,-2.1024739677475313,0.8620475435694157,-1.0904968601988714,0.060031656564876655,-0.300298487440051,-0.5263969171483622,-0.3358929533951954,1.42593249988044,-1.1792880475445573,Communication Equipment,Technology,CIEN
2012Q3,2012,Q3,2012-09-05,2012-07-31,-29817000.0,474090000.0,-12975000.0,-0.3,181321000.0,0.3824611361,1915261000.0,-60258000.0,1410521000.0,700161000.0,1975519000.0,245043000.0,-5845618000.0,1595465900.0,2420341900.0,-0.6054254998492917,2.014566649670576,0.7529563855787801,-23.93222476683594,-0.01024515308684865,-0.6054254998492917,0.4948222642636662,3.365322828998713,-13.377149780326661,-26.477246174781772,0.0,1.1947658166117783,0.0,0.2475328427822631,1.49456910624842,-0.015568113170998626,253.44970611596506,0.38246113607121013,-0.07142857142857129,-1.9062996858759766,0.9906237757673604,-1.0652085006188097,-0.008855314008341487,-0.07332613390928726,-0.294651766114548,-0.03465056005913198,1.6414073651960595,-1.1166658835415013,Communication Equipment,Technology,CIEN
2012Q2,2012,Q2,2012-06-06,2012-04-30,-27780000.0,477617000.0,-10022000.0,-0.28,182941000.0,0.383028661,1928640000.0,-41069000.0,1409602000.0,485232000.0,1969709000.0,242724000.0,-5815801000.0,1466898420.0,2323544420.0,-0.4149180145684525,2.90500626504435,0.7477771901443504,-35.11634079232511,-0.007793598293450263,-0.4149180145684525,0.6764226058584334,3.071286030438615,-13.201029697624191,-35.71789963232609,0.0,1.2140373428255962,0.0,0.24764445412311267,2.1288868005407724,-0.014403932304629169,28.089125864082874,0.3830286610401221,0.4285714285714285,-2.837944985303393,1.1242996367003961,-1.0446269158925312,0.09051837192112354,0.4170356535789982,0.6566632408359027,0.9492836623544105,2.042821038653699,-1.0769546481617414,Communication Equipment,Technology,CIEN
2012Q1,2012,Q1,2012-03-08,2012-01-31,-47653000.0,416685000.0,-29190000.0,-0.49,167756000.0,0.4025966857,1918256000.0,-21104000.0,1375364000.0,456741000.0,1939360000.0,248651000.0,-5788021000.0,1426860300.0,2318678300.0,-0.21520200681173904,3.011255832079888,0.7518699276843133,-68.34149924184989,-0.021448541309051914,-0.21520200681173904,2.2580079605761942,3.424314050181792,-7.485679285669319,-67.61089366944655,0.0,1.0011180329055585,0.0,0.21722074634459634,2.189768380767218,-0.024841835500579692,286.34563515954244,0.4025966857458272,-1.1304347826086956,-4.7338122444738255,1.1863436313805944,-1.023740309296607,-0.11665525775367279,-1.134130502933405,-1.1837360664322585,-0.7733792948232895,1.300159803868465,-1.019857006560703,Communication Equipment,Technology,CIEN
2011Q4,2011,Q4,2011-12-22,2011-10-31,-22329000.0,455455000.0,-13367000.0,-0.23,189910000.0,0.4169676477,1951418000.0,13873000.0,1332838000.0,453493000.0,1937545000.0,230076000.0,-5740368000.0,1292509880.0,2192977880.0,0.14146595150204963,2.9390486732981547,0.7391363613536412,103.9691487061198,-0.010319770732515955,0.14146595150204963,-1.60952930152094,2.8378432117333214,-14.471202024273365,93.1672947451885,0.0,1.1541621029572837,0.0,0.23339694519574997,2.115589435779604,-0.011442448516924615,42.004155861037994,0.4169676477368785,0.30303030303030304,-2.478728988642642,1.4666984338948823,-0.9840531550424831,0.027112392304904892,0.2900158982511924,-0.10846670536528734,0.18752585059630347,1.3426865247367563,-0.9871668678529978,Communication Equipment,Technology,CIEN
2011Q3,2011,Q3,2011-09-08,2011-07-31,-31450000.0,435313000.0,-12059000.0,-0.33,184897000.0,0.4247449536,1938433000.0,28571000.0,1286386000.0,424357000.0,1909862000.0,243827000.0,-5718039000.0,1427358660.0,2383475660.0,0.2966473892413278,3.0313768831432024,0.7441314711418966,50.486472297084454,-0.00858964113317073,0.2966473892413278,-1.1007665114976726,3.2789249574444135,-11.346253259141495,49.95830247453711,0.0,1.0270232582937904,0.0,0.2245695363213482,2.1235846233242293,-0.01622444520909415,-49.638624934793945,0.42474495363106546,0.5,-5.41820032679575,1.4961925683264476,-0.9657688422604168,0.11495902504326642,0.49829307979453147,0.0,-3.512930870643605,0.6105440715677745,-0.9737253688358729,Communication Equipment,Technology,CIEN
2011Q2,2011,Q2,2011-06-09,2011-04-30,-62686000.0,417894000.0,,-0.66,165833000.0,0.3968302967,2004884000.0,49705000.0,1323402000.0,468552000.0,1955179000.0,285696000.0,-5686589000.0,2692966400.0,3647892400.0,0.5212353187919463,2.8244506479536957,0.7291025316177894,29.40883210944573,,0.5212353187919463,-1.261160849009154,6.444137508554801,-10.73990364674728,54.17898400563323,0.0,0.8822699652777778,0.0,0.20843799441763214,1.916905700968089,-0.031266646848396216,-42.115767414219135,0.396830296678105,0.21428571428571422,-27.75282743174391,1.7909909583462844,-0.939918821530003,-0.01586293663133657,0.20706840720501923,0.0,-3.4651612478956233,0.6121854600968626,-0.9534293802681743,Communication Equipment,Technology,CIEN
2011Q1,2011,Q1,2011-03-10,2011-01-31,-79056000.0,433308000.0,-48185000.0,-0.84,168506000.0,0.3888827347,2049644000.0,95127000.0,1397942000.0,466850000.0,1954517000.0,267346000.0,-5623903000.0,2081746880.0,2916692880.0,1.0066775313240772,2.9944136232194496,0.7126925456323147,15.35595572235012,-0.03135761635775884,1.0066775313240772,-0.8310574284903339,4.804312129016774,-6.5831400526209265,21.88386977409148,0.0,0.9904842413950461,0.0,0.2114064686355289,2.1324579629431293,-0.038570600553071654,-25.724079776586017,0.3888827346829507,0.011764705882352951,-10.036690718974958,2.159990246185858,-0.8865793139776003,0.000688877011699032,0.01570028761034401,0.11813689604685212,-3.5240219567451665,0.7523950407589234,-0.9015924168899822,Communication Equipment,Technology,CIEN
2010Q4,2010,Q4,2010-12-22,2010-10-31,-80317000.0,417614000.0,-54640000.0,-0.85,168390000.0,0.4032192407,2118093000.0,159293000.0,1441568000.0,469945000.0,1958800000.0,261619000.0,-5544847000.0,1285145600.0,2055598600.0,1.685711564510667,3.0675249231293025,0.6888932638935118,9.160101197164973,-0.03384601369695668,1.685711564510667,-0.5042092245108071,3.0773527707404447,-4.00022909222207,8.06780963381944,0.0,0.9526219425959124,0.0,0.19716509142894104,2.1965740671780742,-0.03791948701024932,-30.356574937994566,0.40321924073426657,0.2796610169491525,0.7210451664956148,2.10344290891202,-0.809753675156224,0.16930191863008562,0.2688817077056119,0.0,-3.4291111240131347,0.7766250143109651,-0.8276721722515896,Communication Equipment,Technology,CIEN
2010Q3,2010,Q3,2010-09-08,2010-07-31,-109855000.0,389675000.0,,-1.18,144009000.0,0.3695618143,1811471000.0,228295000.0,1071433000.0,360381000.0,1583176000.0,222164000.0,-5464530000.0,1216139540.0,1923503540.0,2.457268637117086,2.973056293200807,0.6500799626380991,5.158242624674215,,2.457268637117086,-0.4811975733152281,3.120907268877911,-2.767601702243867,5.3270528920913724,0.0,1.1057867161196233,0.0,0.21511522955653167,2.027570820881234,-0.06064408428288391,-8.308609902234732,0.36956181433245655,-0.21649484536082472,-0.9084475760280453,2.1266503738481797,-0.7942283363706408,0.37227230279583007,-0.22048906220489062,0.0,-4.577156611296714,0.752835571182477,-0.7353352254176306,Communication Equipment,Technology,CIEN
2010Q2,2010,Q2,2010-06-10,2010-04-30,-90009000.0,253471000.0,,-0.97,104942000.0,0.4140197498,1906961000.0,329133000.0,1121376000.0,352235000.0,1577828000.0,233405000.0,-5354675000.0,1716137420.0,2306573420.0,3.553814758027944,3.183601856714977,0.6177027217651541,3.5789027535980895,,3.553814758027944,-0.27347303369762377,6.770547399899791,-4.766571731715717,5.214115327238533,0.0,0.6363574045114715,0.0,0.13291881690291515,2.2505571564438513,-0.047200231153127936,-19.28829442639902,0.414019749793862,-0.6724137931034484,-0.06484146789002139,1.16012937422207,-0.717350479166347,0.3091566866267465,-0.6876792979956124,0.0,-7.364457610851563,0.20486800520965703,-0.6177659519818606,Communication Equipment,Technology,CIEN
2010Q1,2010,Q1,2010-03-05,2010-01-31,-53333000.0,175876000.0,,-0.58,80160000.0,0.4557756601,1481107000.0,410051000.0,1278067000.0,220365000.0,1071056000.0,95431000.0,-5264666000.0,1209405100.0,1434225100.0,4.441578839050703,5.799773103714292,0.5398435089429731,1.9499184247813077,,4.441578839050703,-0.13006430907374936,6.876464668289022,-5.669121838261489,2.949401659793538,0.0,1.0029864509436137,0.0,0.1187463161000522,5.024450343747873,-0.03600887714392005,-476.51895193065405,0.4557756601241784,-1.0,0.1721289688741775,0.6422526026859608,-0.6694243888721872,0.03296306796216592,-1.0005626617652574,0.0,-5.438908608430682,-0.019753961146097083,-0.5100210403866139,Communication Equipment,Technology,CIEN
2009Q4,2009,Q4,2009-12-22,2009-10-31,-26659000.0,176270000.0,,-0.29,77602000.0,0.4402450786,1504383000.0,455838000.0,1305762000.0,198829000.0,1048545000.0,88086000.0,-5211333000.0,1082925330.0,1403774330.0,4.937533172300993,6.567261314999321,0.5361360770495279,1.7693873700744562,,4.937533172300993,-0.05848349632983648,6.143560049923413,-10.155344630331221,2.375680241664802,0.0,1.1201325976886225,0.0,0.11717095978883037,5.8700642260434845,-0.017720886237081915,-237.11962557477557,0.4402450785726442,0.0,0.9523593099474218,0.90169779088145,-0.6506591583256073,0.03933569945757718,-0.007749300672866107,0.0,-2.875344801705671,0.01406769977289264,-0.4434132373531615,Communication Equipment,Technology,CIEN
2009Q3,2009,Q3,2009-09-03,2009-07-31,-26454000.0,164758000.0,,-0.29,74665000.0,0.4531798152,1511226000.0,474124000.0,1317022000.0,187450000.0,1037102000.0,89600000.0,-5184674000.0,1019622240.0,1371097240.0,5.189396261109408,7.025990930914911,0.5341404925537279,1.7025229686748615,,5.189396261109408,-0.05579553028321705,6.188605348450454,-9.635804037196642,2.1505391838422017,0.0,1.005502232142857,0.0,0.10902274047693727,6.311533742331289,-0.01750499263511877,-689.3997565922921,0.45317981524417633,0.9475587703435805,0.8343889658074553,0.9303718480680445,-0.744333708937151,0.2296607378129117,0.9474295025933507,0.0,-4.691067979549356,-0.004060938926450555,-0.4011778008849175,Communication Equipment,Technology,CIEN
2009Q2,2009,Q2,2009-06-04,2009-04-30,-503210000.0,144201000.0,,-5.53,60720000.0,0.4210789107,1511092000.0,490280000.0,1300154000.0,174489000.0,1020812000.0,91269000.0,-5158220000.0,1086637400.0,1309742400.0,5.391721286235868,7.4512089587309225,0.5337768977666483,1.6451537896712083,,5.391721286235868,-1.0263726849963286,7.535574649274277,-0.5398528447367898,2.21636085502162,0.0,0.914669822174013,0.0,0.09542833924076098,6.7766220220185795,-0.3330108292546053,-299.5141675854465,0.42107891068716585,-19.48148148148148,-3.930432011261744,0.4415687122504508,-0.6932391172131162,-0.15482371281822863,-19.265394063871774,0.0,-241.0520480266826,0.009973700741626988,-0.37851301095710693,Communication Equipment,Technology,CIEN
2009Q1,2009,Q1,2009-03-05,2009-01-31,-24831000.0,167400000.0,,-0.27,71843000.0,0.4291696535,2000551000.0,982102000.0,1178549000.0,173764000.0,1018449000.0,91283000.0,-4655010000.0,565468800.0,828483800.0,10.837585521959832,6.782469326212564,0.39889010577585876,0.8125428926934269,,10.837585521959832,-0.02528352452189284,3.3779498207885306,-5.693173855261568,0.5757740031076202,0.0,1.0468214234852053,0.0,0.08367694700110119,6.060403766027486,-0.012412080471830012,-80.5625872631429,0.4291696535244922,0.03571428571428574,0.7585855988232415,0.8797731375982508,-0.42036737651639716,-0.1144815175456977,0.022247598046936524,0.0,-2.614827797711458,0.27301598161285995,0.2210527666295914,Communication Equipment,Technology,CIEN
2008Q4,2008,Q4,2008-12-23,2008-10-31,-25396000.0,179654000.0,,-0.28,81131000.0,0.4515958453,2024594000.0,998949000.0,1184786000.0,179339000.0,1025645000.0,93452000.0,-4630179000.0,870858200.0,1118189200.0,11.023493709997792,6.60640463033696,0.3941530993374474,0.7988395803989994,,11.023493709997792,-0.025422719277961137,4.847418927493961,-8.572789021893211,0.8717744349311126,0.0,1.0542631511364122,0.0,0.08873581567464885,5.907354228583855,-0.012543749512247888,-74.69407324813449,0.45159584534716735,-3.3333333333333335,0.8353635213027149,0.8965802890661021,-0.44019780137690934,-0.35421193813628804,-3.1663396741448433,0.0,0.90802260644578,0.3921786514436266,0.24409134363050825,Communication Equipment,Technology,CIEN
2008Q3,2008,Q3,2008-09-05,2008-07-31,11723000.0,253179000.0,20067000.0,0.12,125631000.0,0.496214141,2061699000.0,1018562000.0,1312030000.0,193380000.0,1043137000.0,106343000.0,-4604782000.0,1864764720.0000002,1799599720.0000002,11.290258934113682,6.784724376874547,0.39187970697953484,0.7932143551398932,0.009623174666851225,11.290258934113682,0.011509363200276469,7.365400447904448,39.76722511302568,1.8307817491718719,0.0,1.199401935247266,0.0,0.12280114604508223,6.035076016134036,0.005686087057325051,74.92926909631535,0.4962141409832569,-0.4782608695652174,1.094231891119047,1.641255908810181,-0.4880743847006147,-0.015400169284303582,-0.5066077441077441,0.05799546580903675,1.209729424921025,1.0920143127971866,-0.05455377218974059,Communication Equipment,Technology,CIEN
2008Q2,2008,Q2,2008-06-06,2008-04-30,23760000.0,242199000.0,18967000.0,0.23,127596000.0,0.5268229844,2055771000.0,997262000.0,1333382000.0,210737000.0,1058509000.0,125406000.0,-4616505000.0,3012538620.0,2848686620.0,11.19236380777087,6.327232522053555,0.38914840222962577,0.8021964137809322,0.009797437277422126,11.19236380777087,0.023825233489293687,12.438278523032713,31.697586489898995,3.0208095966756985,0.0,0.9138557963733792,0.0,0.11781419233951641,5.5469423973958065,0.011557707546219886,44.69907145824678,0.5268229844053857,-0.1785714285714286,1.2191241926722278,1.292002932617913,-0.4902883239580242,0.09459633350204599,-0.1752004721074739,0.029751886638796896,1.292169343307773,1.1454234314057645,-0.10982522087959617,Communication Equipment,Technology,CIEN
2008Q1,2008,Q1,2008-03-07,2008-01-31,28807000.0,227416000.0,18419000.0,0.28,116569000.0,0.5125804693,1913416000.0,889061000.0,1470674000.0,182349000.0,1024355000.0,103520000.0,-4640265000.0,2357868300.0,2235562300.0,10.229674375791047,8.065160763151978,0.4181004026306877,0.8998257712350446,0.010421548948202894,10.229674375791047,0.032401601239959915,10.368084479544095,20.462633214149335,2.6520883268977045,0.0,1.0707785935085008,0.0,0.1188534014558256,7.303061711333761,0.015055272873227776,336.98274974989283,0.5125804692721708,-0.19999999999999987,1.191231381009902,1.2951600302460025,-0.5569332884224216,0.06800982170670478,-0.05271292338046695,-0.5085252288070016,1.4750020185015231,1.2557197687118413,-0.2386309055951784,Communication Equipment,Technology,CIEN
2007Q4,2007,Q4,2007-12-27,2007-10-31,30410000.0,216190000.0,37477000.0,0.35,109146000.0,0.5048614645,2416273000.0,850154000.0,1968759000.0,730392000.0,1566119000.0,102618000.0,-4669212000.0,4159512600.0,4609713600.0,9.782004372339202,2.6954826997009826,0.555509249161829,1.5788457150116333,0.016442395481295453,9.782004372339202,0.03576998990771084,19.240078634534438,34.19526964814206,4.8926578008219686,0.0,1.0431308347463408,0.0,0.08947250579715123,2.5015252083812527,0.012585498410154813,6081.158771929825,0.5048614644525649,0.20689655172413793,1.028656468453319,1.4833593016666193,-0.6040840997950409,0.11755490708032561,0.0741028539135349,1.33822061392563,1.0577273151094468,1.4775900549814087,-0.3079026466361835,Communication Equipment,Technology,CIEN
2007Q3,2007,Q3,2007-08-31,2007-07-31,28312000.0,204951000.0,16028000.0,0.29,97665000.0,0.4765285361,2413679000.0,795223000.0,1995092000.0,742314000.0,1618456000.0,105141000.0,-4699622000.0,3128831030.0,3781701030.0,9.28445669052317,2.6876658664662125,0.5705568138928168,1.731767064081396,0.007079027419489606,9.28445669052317,0.03560259197734472,15.266239393806325,27.628134978101162,3.9345328668813653,0.0,1.0204011755642424,0.0,0.08491228535360336,2.503586083517218,0.011729811627809663,54.79180144998599,0.476528536089114,1.0714285714285712,1.111176095752287,1.5736947406261639,-0.7799398964225635,0.19351093730905536,1.1761721752498078,11.620472440944882,1.189064999083247,1.5614576089791254,-0.5425821257110458,Communication Equipment,Technology,CIEN
2007Q2,2007,Q2,2007-06-01,2007-04-30,13010000.0,193527000.0,1270000.0,0.14,81830000.0,0.4228350566,1923056000.0,792127000.0,1425174000.0,753974000.0,1130929000.0,118790000.0,-4727934000.0,2484373680.0,2892578680.0,9.297483509002559,1.8902163735089008,0.4568306903179107,1.109053220001338,0.0007209621592185633,9.297483509002559,0.016424134008814244,12.837349207087383,47.73969408147579,3.136332532535818,0.0,0.9402895866655442,0.0,0.10063513491026782,1.6858353205813463,0.006765273606176835,67.63329104619824,0.4228350566070884,0.16666666666666682,1.0117193734424341,0.22587136682331843,-0.7021858411155667,0.11139783777910578,0.17673661360347323,-0.30903155603917304,1.1360505655072675,1.0648855418126872,-0.4710215722390828,Communication Equipment,Technology,CIEN
2007Q1,2007,Q1,2007-03-02,2007-01-31,11056000.0,165101000.0,1838000.0,0.12,73628000.0,0.4459573231,1861656000.0,770085000.0,1160077000.0,169610000.0,1091571000.0,103548000.0,-4740944000.0,2386329770.0,2886785770.0,9.064835850411404,6.839673368315547,0.46976186792833907,1.1356343780232052,0.0010568654859542995,9.064835850411404,0.014356856710622853,14.453757215280344,53.96006173118668,3.098787497484044,0.0,0.8833874145323908,0.0,0.0886850202185581,6.02350686869878,0.005938798575032122,-133.43378271080294,0.4459573230931369,-0.2,1.086312284302144,-0.4388995775090114,-0.7948198236793534,0.0119852658200011,-0.15480467854139593,-0.5264107188868848,1.1146601040672728,0.9776299340304966,-0.5151803346994938,Communication Equipment,Technology,CIEN
