Quarters,Year,Quarter,FillingDate,Date,NetIncome,Revenue,OperatingIncome,EPSDiluted,GrossProfit,GrossProfitRatio,TotalAssets,CommonStockEquity,CurrentAssets,CurrentLiability,TotalLiability,Inventory,RetainedEarnings,MarketCap,EnterpriseValue,bookValuePerShare,currentRatio,debtToAssets,debtToEquity,roic,shareholdersEquityPerShare,roe,priceToSalesRatio,peRatio,pbRatio,payoutRatio,inventoryTurnover,dividendYield,assetTurnover,quickRatio,returnOnAssets,priceToFreeCashFlowsRatio,grossProfitMargin,epsdilutedGrowth,fiveYNetIncomeGrowthPerShare,fiveYRevenueGrowthPerShare,fiveYShareholdersEquityGrowthPerShare,grossProfitGrowth,netIncomeGrowth,operatingIncomeGrowth,threeYNetIncomeGrowthPerShare,threeYRevenueGrowthPerShare,threeYShareholdersEquityGrowthPerShare,Industry,Sector,Symbol
2023Q1,2023,Q1,2023-05-10,2023-03-31,-81999000.0,1491000.0,15294000.0,-1.08,1491000.0,1.0,43044000.0,-38611000.0,39063000.0,20192000.0,81655000.0,0.0,-666083000.0,151430000.0,119023000.0,-0.509951792907614,1.9345780507131538,0.08170709041910604,-0.09108803190800549,-0.7950073025341566,-0.509951792907614,2.1237212193416384,101.56270959087861,-0.46168245954218956,-3.9219393437103416,0.0,0.0,0.0,0.03463897407304154,1.7791204437400951,-1.9050041817674936,-8.5303064443443,1.0,-0.7704918032786887,0.2760923705428653,0.0,-1.0399495156497918,0.011533242876526458,-1.1362250879249707,1.7699743241202235,-0.5060217295621436,0.0,-1.1297545254804333,Biotechnology,Healthcare,ARAV
2022Q4,2022,Q4,2023-03-15,2022-12-31,-38385000.0,1474000.0,-19863000.0,-0.61,1474000.0,1.0,62153000.0,10657000.0,56134000.0,20538000.0,51496000.0,0.0,-616127000.0,83078160.0,35661160.0,0.16932536782230131,2.7331775245885677,0.10091226489469535,0.5885333583560102,-1.2462268168628705,0.16932536782230131,-3.601857933752463,56.362388059701495,-0.5410847987495115,7.795642300835132,0.0,0.0,0.0,0.02371566939648931,2.6141299055409486,-0.6175888533135971,-5.831273952411034,1.0,-0.27083333333333337,-1.1171392806888585,-0.9964995029346341,-0.9877671485881253,-0.7025827280064568,-1.623539060898093,-0.20032632342277013,-0.7622997479137553,0.0,-0.9693321691844097,Biotechnology,Healthcare,ARAV
2022Q3,2022,Q3,2022-11-10,2022-09-30,-14631000.0,4956000.0,-16548000.0,-0.48,4956000.0,1.0,42222000.0,15042000.0,37839000.0,23730000.0,27180000.0,0.0,-587002000.0,24939309.6,1689309.6000000015,0.4928894422963497,1.5945638432364095,0.11003742124958553,0.308868501529052,-0.6352301032113784,0.4928894422963497,-0.9726765057838054,5.032144794188862,-0.4261381587041214,1.657978300757878,0.0,0.0,0.0,0.11737956515560609,1.4284028655710073,-0.3465255080289896,-1.3173098246355377,1.0,0.15789473684210523,0.9427378455856712,0.0,-0.9404741104196593,2.068730650154799,0.15339659761601668,0.14819580995521697,0.1191343129908717,0.0,-0.882973756441946,Biotechnology,Healthcare,ARAV
2022Q2,2022,Q2,2022-08-11,2022-06-30,-17282000.0,1615000.0,-19427000.0,-0.57,1615000.0,1.0,55891000.0,30066000.0,51291000.0,21470000.0,25825000.0,0.0,-571339000.0,30135889.5,-11486110.5,0.9856089165710539,2.3889613414066138,0.0932350467874971,0.1733186988625025,-0.44878874601646457,0.9856089165710539,-0.5748021020421739,18.659993498452014,-0.43594331529915525,1.0023245360207544,0.0,0.0,0.0,0.028895528797122972,2.1813227759664646,-0.3092089960816589,-1.584348325534935,1.0,-0.21276595744680848,0.908883179898134,0.0,-0.9389458432036192,0.47893772893772896,-0.7495444421947762,-0.2953060408054407,-1.099362440529665,-0.8044573194706398,-0.7897208568228048,Biotechnology,Healthcare,ARAV
2022Q1,2022,Q1,2022-05-12,2022-03-31,-9878000.0,1092000.0,-14998000.0,-0.47,1092000.0,1.0,73871000.0,39199000.0,69052000.0,19780000.0,34672000.0,0.0,-552862000.0,40780900.0,-19257100.0,1.8551348793185045,3.491001011122346,0.07833926710075673,0.14763131712543687,-0.22347355710538164,1.8551348793185045,-0.2519962243934794,37.34514652014652,-1.032114294391577,1.0403556213168703,0.0,0.0,0.0,0.014782526295840046,3.3278564206268957,-0.1337195922621868,-3.1637626066718387,1.0,0.24193548387096778,0.9082388730648766,0.0,-0.9144436577673689,0.0,0.2375733251003396,-0.15761037357209015,-0.12031904456055972,-0.6570985911648147,-0.6194949965510543,Biotechnology,Healthcare,ARAV
2021Q4,2021,Q4,2022-03-31,2021-12-31,-12956000.0,0.0,-12956000.0,-0.62,0.0,0.0,67787000.0,42222000.0,62745000.0,17941000.0,25565000.0,-33000.0,-539805000.0,45985620.0,-7065380.0,2.0107629298028384,3.4972966947215873,0.09401507663711331,0.15094026810667424,-0.26661179133655727,2.0107629298028384,-0.3068542466012979,0.0,-0.8873421580734794,1.0891388375728293,0.0,0.0,0.0,0.0,3.3140293183211638,-0.19112809240709872,-5.51188061848256,0.0,-0.16981132075471692,0.8391980252968263,0.0,-0.923223215560617,0.0,-0.168681219556197,-0.11940556419561085,0.8718848784657262,-1.0,-0.6451101543529231,Biotechnology,Healthcare,ARAV
2021Q3,2021,Q3,2021-10-28,2021-09-30,-11086000.0,2412000.0,-11574000.0,-0.53,0.0,0.0,76793000.0,54336000.0,71523000.0,14194000.0,22457000.0,0.0,-526849000.0,77238360.0,16697360.0,2.616962866637769,5.038960123996055,0.09076348104644955,0.12827591283863368,-0.1695178393579003,2.616962866637769,-0.20402679623085984,32.022537313432835,-1.7417995670214688,1.4214951413427563,0.0,0.0,0.0,0.03140911280976131,4.7563054811892345,-0.14436211633872878,-8.91589056908692,0.0,-0.5142857142857145,0.9037223894628096,0.0,-0.8837935376949454,0.0,-0.5603096410978184,-0.5617325597085414,0.5076426688255276,0.0,-0.7519310757636442,Biotechnology,Healthcare,ARAV
2021Q2,2021,Q2,2021-08-05,2021-06-30,-7105000.0,3789000.0,-7411000.0,-0.35,0.0,0.0,85230000.0,64058000.0,79702000.0,11599000.0,21172000.0,0.0,-515763000.0,122075720.00000001,54269720.000000015,3.137944547859312,6.871454435727218,0.08953420157221635,0.11912641668487933,-0.09343166918809884,3.137944547859312,-0.11091510818320896,32.21845341778834,-4.295415904292752,1.9057060788660278,0.0,0.0,0.0,0.044456177402323126,6.503750323303733,-0.08336266572803004,-23.69482142857143,0.0,0.2045454545454546,0.9226607836223132,0.0,-0.8863828556189028,0.0,0.11231884057971014,0.07455044955044955,0.7871598466923554,0.0,-0.7258727456833997,Biotechnology,Healthcare,ARAV
2021Q1,2021,Q1,2021-05-06,2021-03-31,-8004000.0,256000.0,-8008000.0,-0.44,0.0,0.0,87267000.0,68716000.0,81486000.0,9102000.0,18551000.0,0.0,-508658000.0,119061530.0,48619530.0,3.803398461283002,8.952537903757415,0.094422863167062,0.11991384830316083,-0.09399502324052772,3.803398461283002,-0.11647942255078875,465.0841015625,-3.7188134057971016,1.7326609523255136,0.0,0.0,0.0,0.002933525845966975,8.644473742034718,-0.0917185190278112,-11.883574209002894,0.0,-0.76,0.9103456295753692,0.0,-0.8794423265674849,0.0,-0.9782501235788433,-0.9777722894541863,0.7038733048527809,0.0,-0.702042568602271,Biotechnology,Healthcare,ARAV
2020Q4,2020,Q4,2021-03-16,2020-12-31,-4046000.0,5685000.0,-4049000.0,-0.25,0.0,0.0,67710000.0,48055000.0,61689000.0,9461000.0,19655000.0,0.0,-500654000.0,91272120.0,39248120.0,2.9694741395291353,6.5203466863967865,0.1257864421798848,0.17723441889501612,-0.06220713177341793,2.9694741395291353,-0.08419519300801165,16.054902374670185,-5.639651507661888,1.8993261887420665,0.0,0.0,0.0,0.08396101019051838,6.426699080435472,-0.05975483680401713,21.607982954545456,0.0,0.6212121212121212,0.9391700425943489,0.0,-0.9176200745072427,0.0,0.6204502814258912,0.6215534162071221,-1.0480198490256638,-0.9474930723135389,-0.7854713892700014,Biotechnology,Healthcare,ARAV
2020Q3,2020,Q3,2020-11-05,2020-09-30,-10660000.0,0.0,-10699000.0,-0.66,0.0,0.0,61230000.0,49366000.0,55436000.0,4877000.0,11864000.0,0.0,-496608000.0,75458500.0,29898500.0,3.074805356586733,11.366823867131433,0.13730197615547934,0.17029939634566302,-0.16166515563614384,3.074805356586733,-0.21593809504517278,0.0,-1.7696646341463413,1.5285520398654946,0.0,0.0,0.0,0.0,11.065614107033012,-0.1740976645435244,-11.983245990154042,0.0,-1.0625,0.8406027137962334,0.0,-0.922529033131491,0.0,-1.1146597897242612,-0.8694740520705924,0.9206957181038697,0.0,-0.6286580550711519,Biotechnology,Healthcare,ARAV
2020Q2,2020,Q2,2020-08-03,2020-06-30,-5041000.0,0.0,-5723000.0,-0.32,0.0,0.0,71013000.0,59447000.0,61268000.0,4532000.0,11566000.0,0.0,-485948000.0,185099280.0,134032280.0,3.738334800654006,13.518976169461606,0.1266669483052399,0.15131125203963194,-0.073905239097589,3.738334800654006,-0.08479822362776927,0.0,-9.179690537591748,3.1136858041616904,0.0,0.0,0.0,0.0,13.252868490732569,-0.07098700237984594,-32.85397231096912,0.0,0.5555555555555556,0.921306246245619,0.0,-0.9140112016258214,0.0,0.5330678028899593,0.4450155159038014,0.9490152221104023,0.0,-0.7684265277646336,Biotechnology,Healthcare,ARAV
2020Q1,2020,Q1,2020-05-06,2020-03-31,-10796000.0,0.0,-10312000.0,-0.72,0.0,0.0,71542000.0,59003000.0,61280000.0,4959000.0,12539000.0,0.0,-480907000.0,86474880.0,35383880.0,3.9301272230733364,12.357330106876386,0.032484414749377986,0.03938782773757266,-0.14537047479418067,3.9301272230733364,-0.1829737470976052,0.0,-2.0024749907373103,1.4656014100977917,0.0,0.0,0.0,0.0,12.251865295422464,-0.15090436387017417,-19.38029583146571,0.0,-1.0571428571428572,0.848537589443749,0.0,-0.9199552892449087,0.0,-1.4944547134935304,-0.9972883982180902,0.8588487901114417,0.0,-0.818747782997555,Biotechnology,Healthcare,ARAV
2019Q4,2019,Q4,2020-03-27,2019-12-31,-4328000.0,0.0,-5163000.0,-0.35,0.0,0.0,82121000.0,69049000.0,68213000.0,4968000.0,13072000.0,0.0,-470111000.0,170957020.0,116056020.0,5.521269790500559,13.730475040257648,0.029139927667709842,0.03465654824834538,-0.0632139577594123,5.521269790500559,-0.06268012570783067,0.0,-9.875058918669131,2.4758797375776624,0.0,0.0,0.0,0.0,13.614734299516908,-0.05270271915831517,-33.706037066246054,0.0,0.3518518518518519,0.9107711510740865,0.0,-0.8668632363665698,0.0,0.29534353630739174,0.2622177765075736,0.9098081702818522,0.0,-0.7891818402587598,Biotechnology,Healthcare,ARAV
2019Q3,2019,Q3,2019-11-07,2019-09-30,-6142000.0,0.0,-6998000.0,-0.54,0.0,0.0,62586000.0,47530000.0,48468000.0,6385000.0,15056000.0,0.0,-465783000.0,84637500.0,50533500.0,4.211785556047851,7.590916209866876,0.03936982711788579,0.05184094256259205,-0.11497576603959583,4.211785556047851,-0.12922364822217547,0.0,-3.4450301204819276,1.7807174416158216,0.0,0.0,0.0,0.0,7.499765074393109,-0.09813696353817147,-24.886062922669804,0.0,-1.0,0.841352852203054,0.0,-0.9062868011239145,0.0,-1.0177398160315374,-0.806401652039236,0.901859383544186,0.0,-0.8129752983141606,Biotechnology,Healthcare,ARAV
2019Q2,2019,Q2,2019-08-07,2019-06-30,-3044000.0,3054000.0,-3874000.0,-0.27,0.0,0.0,66746000.0,52871000.0,52051000.0,4616000.0,13875000.0,0.0,-459641000.0,67341600.0,30457600.0,4.687145390070922,11.276213171577123,0.03753033889671291,0.04737947078738817,-0.05792810574795143,4.687145390070922,-0.057574095439844146,22.050294695481337,-5.530683311432326,1.273696355279832,0.0,0.0,0.0,0.04575555089443562,11.111351819757365,-0.0456057291822731,-9.337437603993344,0.0,0.3571428571428571,0.8734645147616691,0.0,-0.9023050138129409,0.0,0.352891156462585,0.3249695068827322,0.9400347920630736,0.0,-0.8302901576504348,Biotechnology,Healthcare,ARAV
2019Q1,2019,Q1,2019-05-08,2019-03-31,-4704000.0,1699000.0,-5739000.0,-0.42,0.0,0.0,72063000.0,54961000.0,57483000.0,7388000.0,17102000.0,0.0,-456597000.0,81729250.0,38121250.0,4.875454626097755,7.780590146182999,0.03516367622774517,0.046105420207055915,-0.08260049799219908,4.875454626097755,-0.08558796237331927,48.10432607416127,-4.343603847789116,1.4870408107567186,0.0,0.0,0.0,0.023576592703606566,7.655793178126692,-0.06527621664377004,-58.54530802292263,0.0,0.9128630705394191,0.9900183974835153,0.0,-0.988734001310006,0.0,0.907681438159909,0.8879889140448123,0.9155541647120606,0.0,-0.8454609811116491,Biotechnology,Healthcare,ARAV
2018Q4,2018,Q4,2019-03-15,2018-12-31,-50954000.0,1371000.0,-51236000.0,-4.82,0.0,0.0,69470000.0,59945000.0,58030000.0,1937000.0,9525000.0,0.0,-450565000.0,37241600.0,-12426400.0,5.665879017013233,29.958699019101704,0.0,0.0,-0.7616584162095468,5.665879017013233,-0.8500125114688465,27.163822027716996,-0.18272167052635713,0.6212628242555676,0.0,0.0,0.0,0.019735137469411256,29.735673722250905,-0.7334676838923276,-3.4210545654969686,0.0,-3.462971227724496,0.6150773761658678,0.0,-0.753940935197781,0.0,-6.779236641221374,-7.239948536506915,-0.1717724504737639,0.0,-0.8428157076503318,Biotechnology,Healthcare,ARAV
2018Q3,2018,Q3,2018-11-09,2018-09-30,-6550000.0,0.0,-6218000.0,-1.079998,0.0,0.0,74171000.0,63718000.0,63069000.0,3129000.0,10453000.0,0.0,-399611000.0,52547999.99999999,-2733000.0000000075,10.54933774834437,20.15627996164909,0.0,0.0,-0.08752568902902508,10.54933774834437,-0.1027966979503437,0.0,-2.005648854961832,0.8246963181518565,0.0,0.0,0.0,0.0,20.007989773090443,-0.08830944708848472,-10.136574074074073,0.0,0.3333333333333333,0.9909525602260302,0.0,-0.9300227262693156,0.0,0.3348903330625508,0.34138332803728416,0.7396615051236031,0.0,-0.7342051608450666,Biotechnology,Healthcare,ARAV
2018Q2,2018,Q2,2018-08-08,2018-06-30,-9848000.0,0.0,-9441000.0,-1.619997,0.0,0.0,80300000.0,68938000.0,68462000.0,4038000.0,11362000.0,0.0,-393061000.0,73171491.75,12719491.75,11.447035996775343,16.954432887568103,0.0,0.0,-0.1237969106501272,11.447035996775343,-0.1428529983463402,0.0,-1.8575216224106417,1.0614101330180743,0.0,0.0,0.0,0.0,16.784546805349184,-0.122640099626401,-10.039996123765093,0.0,-0.08000016000031993,0.9889859309511144,0.0,0.0,0.0,-0.09653713394944884,-0.10848890454385347,0.5940638556190247,0.0,-0.7366964376394333,Biotechnology,Healthcare,ARAV
2018Q1,2018,Q1,2018-05-08,2018-03-31,-8981000.0,0.0,-8517000.0,-1.499997,0.0,0.0,87109000.0,76630000.0,75155000.0,3535000.0,10479000.0,0.0,-383213000.0,59431462.2,-8310537.799999997,12.764905521708668,21.26025459688826,0.0,0.0,-0.10190968483021036,12.764905521708668,-0.11719953021010049,0.0,-1.6543665015031734,0.7755639070859977,0.0,0.0,0.0,0.0,21.12758132956153,-0.10310071289992997,-7.421511263736264,0.0,-1.2873562976174282,0.9917507432055651,0.0,0.0,0.0,-1.2885183757388845,-1.2737352960082278,0.6848967019719971,0.0,-0.7400177876424503,Biotechnology,Healthcare,ARAV
2017Q4,2017,Q4,2018-03-06,2017-12-31,31128000.0,40000000.0,31114000.0,5.21999,0.0,0.0,93777000.0,82756000.0,81708000.0,5593000.0,11021000.0,0.0,-374232000.0,78918549.6,3200549.599999994,13.841856008970545,14.608975505095655,0.0,0.0,0.3571328359970068,13.841856008970545,0.3761419111605201,1.9729637399999997,0.6338228411719351,0.9536293392624099,0.0,0.0,0.0,0.42654382204591745,14.50849275880565,0.331936402316133,-2.0891740463269355,0.0,1.6214286386055783,6.179802162078177,0.0,0.0,0.0,1.6252108941913714,1.6254573232018654,2.3424017720106125,0.0,-0.6662253464076401,Biotechnology,Healthcare,ARAV
2017Q3,2017,Q3,2017-11-09,2017-09-30,-49788000.0,0.0,-49746000.0,-8.399983,0.0,0.0,135571000.0,49240000.0,123376000.0,80903000.0,86331000.0,0.0,-405360000.0,87416166.6,-25938833.400000006,8.280253277544203,1.5249867124828498,0.0,0.0,-0.9099656105948636,8.280253277544203,-1.0111291632818846,0.0,-0.43894194685466376,1.7753080138099104,0.0,0.0,0.0,0.0,1.4682150229286923,-0.3672466825501029,-3.4962271167459904,0.0,-0.3461537105520075,0.0,0.0,0.0,0.0,-0.3604393802770719,-0.3745786128764852,-1.4404745204841,0.0,-0.8157624570822182,Biotechnology,Healthcare,ARAV
2017Q2,2017,Q2,2017-08-07,2017-06-30,-36597000.0,0.0,-36190000.0,-6.239988,0.0,0.0,167924000.0,95019000.0,154981000.0,64731000.0,72905000.0,0.0,-355572000.0,616265351.7,481081351.70000005,16.143191033791815,2.394231511949452,0.0,0.0,-0.3519329872894049,16.143191033791815,-0.3851545480377609,0.0,-4.209807851053365,6.485706560793105,0.0,0.0,0.0,0.0,2.2146730314686933,-0.21793787665848838,-26.6943321363597,0.0,-0.2235294579008979,0.9581216268109117,0.0,0.0,0.0,-0.23131014063656552,-0.22016183412002696,-1.915420498724226,0.0,-0.6635246629212237,Biotechnology,Healthcare,ARAV
2017Q1,2017,Q1,2017-05-10,2017-03-31,-29722000.0,0.0,-29660000.0,-5.09999,0.0,0.0,189319000.0,126500000.0,178555000.0,54645000.0,62819000.0,0.0,-318975000.0,747336809.1,590429809.1,21.683195317938207,3.2675450635922774,0.0,0.0,-0.22023553172847024,21.683195317938207,-0.23495652173913043,0.0,-6.28605754239284,5.907800862450593,0.0,0.0,0.0,0.0,3.020971726598957,-0.15699427949651118,-21.519719220801658,0.0,-0.3281251627607557,0.9719080340237543,0.0,0.0,0.0,-0.34288166990466723,-0.31869109016539215,0.8781338049350942,0.0,-0.9498953700155143,Biotechnology,Healthcare,ARAV
2016Q4,2016,Q4,2017-03-10,2016-12-31,-22133000.0,0.0,-22492000.0,-3.839992,0.0,0.0,205570000.0,151067000.0,205305000.0,54503000.0,54503000.0,0.0,-289253000.0,515675113.20000005,314522113.20000005,26.18972576782478,3.7668568702640224,0.0,0.0,-0.15056788819921305,26.18972576782478,-0.1465111506814857,0.0,-5.824731319748792,3.413552352267537,0.0,0.0,0.0,0.0,3.6906775773810616,-0.10766648830082211,-27.67536699404283,0.0,0.3043478890990543,-2.817409489772583,0.0,0.0,0.0,0.1903054691787086,0.17960315144441202,0.6933221198008822,0.0,0.1373732849761078,Biotechnology,Healthcare,ARAV
2016Q3,2016,Q3,2016-11-04,2016-09-30,-27335000.0,0.0,-27416000.0,-5.519989,0.0,0.0,165208000.0,111001000.0,163897000.0,54207000.0,54207000.0,0.0,-267120000.0,362282161.5,201848161.5,22.519942649729387,3.0235393952810523,0.0,0.0,-0.24698876586697416,22.519942649729387,-0.24625904271132693,0.0,-3.3133543213828425,3.263773853388708,0.0,0.0,0.0,0.0,2.959654657147601,-0.16545808919664906,15.822254509324365,0.0,-0.2266666755555734,0.0,0.0,0.0,0.0,-0.23587123609729632,-0.22908634448130547,0.9537319915168355,0.0,-0.8506177137567951,Biotechnology,Healthcare,ARAV
2016Q2,2016,Q2,2016-08-03,2016-06-30,-22118000.0,0.0,-22306000.0,-4.499991,0.0,0.0,144176000.0,135741000.0,143192000.0,8435000.0,8435000.0,0.0,-239785000.0,326148981.48,188651981.48000002,27.618583136836723,16.975933609958506,0.0,0.0,-0.16432765339875202,27.618583136836723,-0.16294266286530967,0.0,-3.6864655651505562,2.4027300629876014,0.0,0.0,0.0,0.0,16.30077059869591,-0.1534097214515592,-13.67730359305544,0.0,0.08536582391427638,0.9696889074559835,0.0,0.0,0.0,0.08720234410465932,0.07467020658757156,0.9696889074559835,0.0,0.0,Biotechnology,Healthcare,ARAV
2016Q1,2016,Q1,2016-05-04,2016-03-31,-24231000.0,0.0,-24106000.0,-4.91999,0.0,0.0,164551000.0,154703000.0,163798000.0,9848000.0,9848000.0,0.0,-217667000.0,235964889.11999997,75031889.11999997,31.548373098059496,16.632615759545086,0.0,0.0,-0.1558211540823384,31.548373098059496,-0.15662915392720245,0.0,-2.434535193760059,1.5252767504185438,0.0,0.0,0.0,0.0,16.34169374492283,-0.14725525824820268,-11.162537921377547,0.0,-0.18840567807860495,0.972752860341478,0.0,0.0,0.0,-0.2040248447204969,-0.1929529371010046,0.972752860341478,0.0,0.0,Biotechnology,Healthcare,ARAV
2015Q4,2015,Q4,2016-03-08,2015-12-31,-20125000.0,0.0,-20207000.0,-4.139992,0.0,0.0,185327000.0,176500000.0,184611000.0,8827000.0,8827000.0,0.0,-193436000.0,364006479.06,181937479.06,36.04608916270755,20.914353687549564,0.0,0.0,-0.11448725212464589,36.04608916270755,-0.11402266288951841,0.0,-4.521819615652174,2.0623596547308782,0.0,0.0,0.0,0.0,20.626373626373628,-0.10859184036864569,-22.490360151992586,0.0,0.0,-3.0889937855306444,0.0,0.0,0.0,0.01246381078561264,0.015445332293899824,-3.0889937855306444,0.0,0.0,Biotechnology,Healthcare,ARAV
2015Q3,2015,Q3,2015-11-04,2015-09-30,-20379000.0,0.0,-20524000.0,-4.139992,0.0,0.0,201564000.0,194176000.0,200667000.0,7388000.0,7388000.0,0.0,-173311000.0,338452288.74,140438288.74,39.689776452713964,27.161207363291826,0.0,0.0,-0.10569792353328938,39.689776452713964,-0.1049511783124588,0.0,-4.151973707493008,1.7430181316949573,0.0,0.0,0.0,0.0,26.8021115322144,-0.1011043638745014,-20.27267377897574,0.0,-0.029850805673245145,0.0,0.0,0.0,0.0,-0.036202776224131795,-0.052728764874846124,0.0,0.0,0.0,Biotechnology,Healthcare,ARAV
2015Q2,2015,Q2,2015-08-05,2015-06-30,-19667000.0,0.0,-19496000.0,-4.019992,0.0,0.0,219560000.0,212251000.0,218602000.0,7309000.0,7309000.0,0.0,-152932000.0,445840312.32,231167312.32,43.47467194955692,29.9086058284307,0.0,0.0,-0.09185351305765344,43.47467194955692,-0.09265916297214147,0.0,-5.667365540245081,2.10053338886507,0.0,0.0,0.0,0.0,29.37104939116158,-0.08957460375296046,-28.40289942791616,0.0,0.15189881162221608,0.9728674837130326,0.0,0.0,0.0,0.10628919385622103,0.12499438983887617,0.9728674837130326,0.0,0.0,Biotechnology,Healthcare,ARAV
2015Q1,2015,Q1,2015-05-11,2015-03-31,-22006000.0,0.0,-22281000.0,-4.739991,0.0,0.0,235395000.0,227575000.0,234447000.0,7820000.0,7820000.0,0.0,-133266000.0,510870691.98,280609691.98,49.099149537789465,29.980434782608697,0.0,0.0,-0.09790618477425024,49.099149537789465,-0.09669779193672416,0.0,-5.803765927247115,2.2448454003295617,0.0,0.0,0.0,0.0,29.445140664961638,-0.09348541812697805,-24.88531793950022,0.0,-0.21538480078933486,0.9738204682525985,0.0,0.0,0.0,-0.4058646904746694,-0.3978042659974906,0.9738204682525985,0.0,0.0,Biotechnology,Healthcare,ARAV
2014Q4,2014,Q4,2015-03-06,2014-12-31,-15653000.0,0.0,-15940000.0,-3.899992,0.0,0.0,174294000.0,167369000.0,172964000.0,6925000.0,6925000.0,0.0,-111259000.0,543627782.6999999,373061782.6999999,41.47066249636693,24.976750902527076,0.0,0.0,-0.0952386642687714,41.47066249636693,-0.09352389032616554,0.0,-8.68248550916757,3.248079290071638,0.0,0.0,0.0,0.0,24.630469314079424,-0.08980802552009823,-48.240995891383434,0.0,-0.14035087206318853,-2.858607959314603,0.0,0.0,0.0,-0.13148763914992048,-0.13113823445926767,-2.858607959314603,0.0,0.0,Biotechnology,Healthcare,ARAV
2014Q3,2014,Q3,2014-11-07,2014-09-30,-13834000.0,0.0,-14092000.0,-3.419993,0.0,0.0,185522000.0,181233000.0,184703000.0,4289000.0,4289000.0,0.0,-95606000.0,459460315.44,277878315.44,44.94335490155428,43.064350664490554,0.0,0.0,-0.07775625851804031,44.94335490155428,-0.07633267672002339,0.0,-8.303099527251698,2.535191247951532,0.0,0.0,0.0,0.0,42.33667521566799,-0.07456797576567739,-40.899084514865585,0.0,-0.5833330246907864,0.0,0.0,0.0,0.0,-0.6086046511627907,-0.6580774208730439,0.0,0.0,0.0,Biotechnology,Healthcare,ARAV
2014Q2,2014,Q2,2014-08-12,2014-06-30,-8600000.0,0.0,-8499000.0,-2.159996,0.0,0.0,198656000.0,193469000.0,197890000.0,5187000.0,5187000.0,0.0,-81772000.0,678429145.9200001,485656145.9200001,47.977338172670706,38.15114709851552,0.0,0.0,-0.0439295184241403,47.977338172670706,-0.044451565883940065,0.0,-19.72177749767442,3.506655567145124,0.0,0.0,0.0,0.0,37.16464237516869,-0.04329091494845361,-55.92524490314072,0.0,0.9483315524929476,0.9856355633064205,0.0,0.0,0.0,0.557294347781324,-0.12079651852828696,0.9856355633064205,0.0,0.0,Biotechnology,Healthcare,ARAV
2014Q1,2014,Q1,2014-05-14,2014-03-31,-19426000.0,0.0,-7583000.0,-41.804933266190645,0.0,0.0,206553000.0,201095000.0,206215000.0,5458000.0,5458000.0,0.0,-73172000.0,83782164.60000001,-121139835.39999999,432.75831644006007,37.78215463539758,0.0,0.0,-0.037708545712225566,432.75831644006007,-0.09660110892861583,0.0,-1.078222029753938,0.41662977498197373,0.0,0.0,0.0,0.0,37.54525467204104,-0.09404850086902636,-14.331536879917895,0.0,-2.3412458711862456,0.7694851639432567,0.0,0.0,0.0,-2.34124527003784,-0.29424816521590713,0.7694851639432567,0.0,0.0,Biotechnology,Healthcare,ARAV
2013Q4,2013,Q4,2013-12-31,2013-12-31,-5814000.0,0.0,-5859000.0,-12.51178,0.0,0.0,14683000.0,10700000.0,14266000.0,3983000.0,3983000.0,0.0,-55347000.0,87462446.04,74749446.04,23.02649984290332,3.5817223198594026,0.0,0.0,-0.5475700934579439,23.02649984290332,-0.5433644859813084,0.0,-3.760855092879257,8.174060377570093,0.0,0.0,0.0,0.0,3.3173487321114736,-0.3959681264046857,-18.77682396736797,0.0,0.89563058851636,-11.447619265184827,0.0,0.0,0.0,-0.16071072070273507,-0.11366660330735602,-11.447619265184827,0.0,0.0,Biotechnology,Healthcare,ARAV
2013Q3,2013,Q3,2013-09-30,2013-09-30,-5009000.0,0.0,-5261000.0,-119.87976,0.0,0.0,9900000.0,6300000.0,9800000.0,3200000.0,3600000.0,0.0,-47900000.0,7865713.8,165713.7999999998,150.7537688442211,3.0625,0.04040404040404041,0.06349206349206349,-0.785223880597015,150.7537688442211,-0.795079365079365,0.0,-0.39257904771411456,1.248526,0.0,0.0,0.0,0.0,2.53125,-0.5059595959595959,-1.4953828517110266,0.0,0.19240097105287257,0.0,0.0,0.0,0.0,-0.3704514363885089,-0.32119537920642893,0.0,0.0,0.0,Biotechnology,Healthcare,ARAV
2013Q2,2013,Q2,2013-06-30,2013-06-30,-3655000.0,0.0,-3982000.0,-148.439703,0.0,0.0,,,,,,,,4633599.96,,,0.0,0.0,0.0,0.0,,0.0,0.0,-0.31693570177838576,0.0,0.0,0.0,0.0,0.0,0.0,0.0,-1.8805194642857144,0.0,0.18160767407424017,0.0,0.0,0.0,0.0,0.09056979348096542,0.04759626883520689,0.0,0.0,0.0,Biotechnology,Healthcare,ARAV
2013Q1,2013,Q1,2013-03-31,2013-03-31,-4019000.0,0.0,-4181000.0,-181.379637,0.0,0.0,,,,,,,,4171143.42,,,0.0,0.0,0.0,0.0,,0.0,0.0,-0.25946400970390643,0.0,0.0,0.0,0.0,0.0,0.0,0.0,-0.8842788679245283,0.0,-179.45031786300555,0.0,0.0,0.0,0.0,-0.03051282051282051,-0.19457142857142856,0.0,0.0,0.0,Biotechnology,Healthcare,ARAV
2012Q4,2012,Q4,2012-12-31,2012-12-31,-3900000.0,0.0,-3500000.0,-1.00515,0.0,0.0,,,,,,,,730293600.0,,,0.0,0.0,0.0,0.0,,0.0,0.0,-46.81369230769231,0.0,0.0,0.0,0.0,0.0,0.0,0.0,-168.65903002309466,0.0,0.0,0.0,0.0,0.0,0.0,0.0,0.0,0.0,0.0,0.0,Biotechnology,Healthcare,ARAV
2012Q3,,,,,,,,,,,,,,,,,,0.0,,0.0,0.0,0.0,0.0,0.0,0.0,0.0,0.0,0.0,0.0,0.0,0.0,,0.0,0.0,0.0,0.0,0.0,0.0,0.0,0.0,0.0,0.0,0.0,0.0,0.0,0.0,0.0,Biotechnology,Healthcare,ARAV
