Quarters,Year,Quarter,FillingDate,Date,NetIncome,Revenue,OperatingIncome,EPSDiluted,GrossProfit,GrossProfitRatio,TotalAssets,CommonStockEquity,CurrentAssets,CurrentLiability,TotalLiability,Inventory,RetainedEarnings,MarketCap,EnterpriseValue,bookValuePerShare,currentRatio,debtToAssets,debtToEquity,roic,shareholdersEquityPerShare,roe,priceToSalesRatio,peRatio,pbRatio,payoutRatio,inventoryTurnover,dividendYield,assetTurnover,quickRatio,returnOnAssets,priceToFreeCashFlowsRatio,grossProfitMargin,epsdilutedGrowth,fiveYNetIncomeGrowthPerShare,fiveYRevenueGrowthPerShare,fiveYShareholdersEquityGrowthPerShare,grossProfitGrowth,netIncomeGrowth,operatingIncomeGrowth,threeYNetIncomeGrowthPerShare,threeYRevenueGrowthPerShare,threeYShareholdersEquityGrowthPerShare,Industry,Sector,Symbol
2023Q1,2023,Q1,2023-04-04,2023-03-31,-907000.0,965903000.0,51932000.0,-0.0211,379643000.0,0.3930446432,5208709000.0,493271000.0,1324166000.0,1270670000.0,3641803000.0,37996000.0,-404351000.0,4543610850.0,6739197850.0,11.458893767277626,1.0421006240802098,0.45582235444521857,4.813268973850074,-0.005448822429308308,11.458893767277626,-0.0018387458415353832,4.704003248773428,-1252.3734426681367,9.211185839021553,-7.100330760749724,15.429518896725972,0.001417374905687621,0.1854400005836379,0.7724247837754885,-0.00017413144024747783,-30.00053383602617,0.3930446431991618,-1.0161068702290075,-1.096328427226385,0.5859093547767945,0.4170114888926578,-0.22578717676808874,-1.0146356419027949,-0.49960494112659226,-1.1300936685314242,0.41875426327751825,-0.07373078669720753,Real Estate Services,Real Estate,CIGI
2022Q4,2022,Q4,2022-12-31,2022-12-31,61972000.0,1222405000.0,103782000.0,1.31,490360000.0,0.4011436472,5098177000.0,493374000.0,1213426000.0,1341582000.0,4604803000.0,45353000.0,-384199000.0,3954774720.0000005,5878517720.0,11.482358964811022,0.9044739717736224,0.411402742588184,4.251144162440664,0.02467108365574831,11.482358964811022,0.1256085646993964,3.2352409553298624,15.953877234880268,8.015774483454743,0.0,16.14104910369766,0.0,0.2397729619822929,0.6715482169558029,0.012155717622201034,18.59958857529853,0.4011436471545846,0.2843137254901961,0.6431827040652214,0.5075366796051737,0.5651581870769388,0.15178548359440877,0.39187853741802176,0.23505890753302391,-0.15525085260027657,0.21833880010820594,-0.1099803884621286,Real Estate Services,Real Estate,CIGI
2022Q3,2022,Q3,2022-09-30,2022-09-30,44524000.0,1108324000.0,84030000.0,1.02,425739000.0,0.3841286483,4561649000.0,477061000.0,1368218000.0,1325817000.0,3210943000.0,209906000.0,-375685000.0,3967319780.0,5649776780.0,11.021902363514544,1.0319810350900613,0.41059209071105646,3.926074443310185,0.019554686127903627,11.021902363514544,0.09332978382219465,3.579566787329337,22.276299186955352,8.316168749908293,0.14580900188662294,3.2518603565405466,0.0016363692265814781,0.2429656468527061,0.6564654096304392,0.009760505466334652,67.87660661431333,0.38412864830139926,-0.27142857142857135,1.1824735086189306,0.7333934942541728,0.7531174056590093,0.0028147848044018996,-0.33278386357165335,-0.1908521906596052,0.3742918765475985,0.37636543950268797,-0.035536973420251326,Real Estate Services,Real Estate,CIGI
2022Q2,2022,Q2,2022-06-30,2022-06-30,66731000.0,1127846000.0,103850000.0,1.4,424544000.0,0.376420185,4182146000.0,484793000.0,1313396000.0,1229151000.0,2972503000.0,199461000.0,-381304000.0,4754392560.0,6252399560.0,11.18684234816319,1.0685391786688536,0.3991536880826255,3.443364487523541,0.028725674136275088,11.18684234816319,0.1376484396433117,4.215462536551976,17.8117837287018,9.807056950079724,0.0,3.526012603967693,0.0,0.2696811636896464,0.6830340617222782,0.015956162219109518,252.65132107556596,0.37642018502526053,1.9166666666666665,1.342719605372696,0.8568853206820567,0.8929276841480811,0.14940748702481868,2.130412346953136,0.21982733305925883,0.711128750474645,0.3800417228217716,0.04059242213899999,Real Estate Services,Real Estate,CIGI
2022Q1,2022,Q1,2022-03-31,2022-03-31,21317000.0,1000912000.0,85135000.0,0.48,369359000.0,0.3690224515,3596489000.0,525575000.0,1247618000.0,1148795000.0,2525392000.0,44492000.0,-363296000.0,5745945600.0,6948613600.0,11.92753721859114,1.0860231808111978,0.3984558273360491,2.726617514151168,0.020637932140613748,11.92753721859114,0.040559387337677784,5.740710072413958,67.38689309002204,10.932684393283546,0.30998733405263407,14.194754113098984,0.001150028291252879,0.2783025333874231,0.8318290034340331,0.0059271695256123405,-19.77650751693375,0.3690224515242099,-0.7647058823529412,2.4020548257779653,1.0800232082582137,1.1538465607880168,-0.2829428620239796,-0.7862764560210946,-0.38465819564306053,2.4800173920389508,0.4054797265460521,0.1696424350052892,Real Estate Services,Real Estate,CIGI
2021Q4,2021,Q4,2021-12-31,2021-12-31,99741000.0,1345465000.0,138354000.0,2.04,515104000.0,0.3828445928,3873730000.0,581599000.0,1528204000.0,1514166000.0,2751558000.0,312821000.0,-279724000.0,6546248700.0,7446243700.0,13.206753258549435,1.0092711103009842,0.3347522930095799,2.2296118115746415,0.04472839616521957,13.206753258549435,0.17149444892443075,4.865417309257395,16.408118777634073,11.255605150627838,0.0,2.6544285709718975,0.0,0.3473306089995947,0.79502445570697,0.02574805161949852,101.6387768410266,0.3828445927616103,0.8053097345132746,0.977148837282291,1.0489774256946796,1.4799012547077397,0.3640333339512172,0.9752257604562737,0.8212621435905537,0.6862338833600998,0.3460600750794285,0.33603395730310226,Real Estate Services,Real Estate,CIGI
2021Q3,2021,Q3,2021-09-30,2021-09-30,50496000.0,1022756000.0,75966000.0,1.13,377633000.0,0.3692307843,3325154000.0,538185000.0,1040207000.0,1241217000.0,2307937000.0,0.0,-316404000.0,5619623130.0,6614462130.0,12.230643365225099,0.838054103351791,0.33952171839259176,2.0977210438789635,0.027152695297539945,12.230643365225099,0.09382647230970763,5.494588279120338,27.82212021744296,10.441805568717076,0.04356780735107731,0.0,0.00039148532723759364,0.30758154359166523,0.6412359804933384,0.015186063562770327,31.103146111569263,0.36923078427308176,1.1186974789915964,2.2907578211245108,0.941768496439797,1.6689754341175538,0.022448029197870808,1.1223845797756187,-0.2613616475118138,0.7720604801613712,0.2729457576208984,0.4097258823860804,Real Estate Services,Real Estate,CIGI
2021Q2,2021,Q2,2021-06-30,2021-06-30,-412601000.0,945994000.0,102846000.0,-9.52,369342000.0,0.3904274234,3180912000.0,518145000.0,901916000.0,1006581000.0,2210170000.0,0.0,-334408000.0,4851981420.0,5904520420.0,11.958388146506959,0.8960192970064009,0.3772672742911467,2.316058246243812,0.051632624002304985,11.958388146506959,-0.7963041233631513,5.128976949113842,-2.9398749760664664,9.36413826245549,0.0,0.0,0.0,0.29739709869370795,0.6744623631878607,-0.12971154184711806,105.07355220131234,0.3904274234297469,-16.606557377049178,-18.171848294790447,0.7462233397513126,1.8860278654186546,0.2023516926392411,-17.632442455758454,0.6919634778317019,-16.640450376167802,0.2814080478539061,0.43393903105954984,Real Estate Services,Real Estate,CIGI
2021Q1,2021,Q1,2021-03-31,2021-03-31,24807000.0,774914000.0,60785000.0,0.61,307183000.0,0.3964091499,3186282000.0,594655000.0,888858000.0,960607000.0,2147537000.0,0.0,123908000.0,3954847680.0,5080628680.0,14.771468316069255,0.9253086850293616,0.3905024727880332,2.0923913866023156,0.020096294286099634,14.771468316069255,0.041716625606444076,5.1035955989955015,39.85616640464385,6.650659088042646,0.08098520578868867,0.0,0.0005079841659034514,0.24320320674692322,0.7087601901714229,0.007785563236399038,-65.66024173196972,0.3964091499185716,-0.4553571428571429,4.892869378232947,0.9733950175951875,2.9295599297029042,-0.1711019126154909,-0.4995359909619109,-0.47307969035792613,1.8172339400071083,0.36050404013493287,0.8266458121338207,Real Estate Services,Real Estate,CIGI
2020Q4,2020,Q4,2020-12-31,2020-12-31,49568000.0,913716000.0,115359000.0,1.12,370592000.0,0.4055877319,3292167000.0,582406000.0,1035811000.0,1108286000.0,2263683000.0,0.0,119421000.0,3575093430.0,4670952430.0,14.519857395726858,0.9346062297998892,0.38044029965673065,2.1505152762849282,0.03639760908445904,14.519857395726858,0.08510901330000034,3.912696538092799,18.031257212314394,6.138490039594372,2.0174306003873465e-05,0.0,2.7971296962720215e-07,0.2775424211469224,0.7869142080654271,0.015056344347051654,69.5462286503521,0.4055877318554124,0.5555555555555558,0.32577588815218406,0.5687726412401154,2.924662454682771,0.3917589268278027,0.5500171987867037,1.2152897799285631,0.4079051214998961,0.20710667052074205,0.979199025893331,Real Estate Services,Real Estate,CIGI
2020Q3,2020,Q3,2020-09-30,2020-09-30,31979000.0,692307000.0,52074000.0,0.72,266276000.0,0.3846212735,3327349000.0,528596000.0,1014988000.0,1059334000.0,2363766000.0,0.0,87801000.0,2669400630.0,3914381630.0,13.205985959477353,0.9581378488748591,0.4129927458766724,2.599662123814785,0.017094644115982136,13.205985959477353,0.06049799847142241,3.855804765804766,20.868387301041306,5.049982652157792,0.06250977203789987,0.0,0.000748857244406959,0.20806564024392993,0.6798507364060815,0.009610954546697687,14.297654176173795,0.3846212735101624,3.4999999999999996,0.647550018161549,0.5627299444402922,3.9304476972463935,0.3665060376990542,3.9327471849452413,2.585622805205536,0.6950557991176441,0.1708289730231623,1.1005125141632897,Real Estate Services,Real Estate,CIGI
2020Q2,2020,Q2,2020-06-30,2020-06-30,6483000.0,550206000.0,14523000.0,0.16,194859000.0,0.3541564432,2794989000.0,495310000.0,716276000.0,720280000.0,1920922000.0,0.0,66632000.0,2288388300.0,3315256300.0,12.404457801152017,0.9944410507025045,0.4200506692512922,2.370307484201813,0.005556168733436297,12.404457801152017,0.013088772687811674,4.159148209943185,88.24573114298937,4.620113262401325,0.0,0.0,0.0,0.19685444200317068,0.7352835008607763,0.002319508234200564,136.27036860596678,0.3541564432230837,0.0,1.2782734666981885,0.2308245474985195,3.504358434191412,-0.09059131002940216,0.00387116754413131,-0.21653989318659977,-0.7529879084887857,-0.01687188997469035,1.0989606224765185,Real Estate Services,Real Estate,CIGI
2020Q1,2020,Q1,2020-03-31,2020-03-31,6458000.0,630628000.0,18537000.0,0.16,214270000.0,0.3397724173,2735832000.0,493282000.0,627135000.0,692359000.0,1889876000.0,0.0,78943000.0,1914350740.0,2837212740.0,12.37101870893314,0.9057945372270744,0.37500548279280305,2.079848849137005,0.005693115231152099,12.37101870893314,0.013091902806102796,3.035625979182656,74.10772452771755,3.880844506793274,0.3084546299163828,0.0,0.0010405616684432655,0.2305068439874963,0.6751714067413004,0.0023605250614803833,-14.865857037468453,0.3397724173363695,-0.9053254437869823,4.934293586595529,-0.06683519246550794,1.1290231541309987,-0.3907193248350048,-0.9048531101747356,-0.8135598334439684,0.13895713014338784,0.4482370317288048,1.233929403141879,Real Estate Services,Real Estate,CIGI
2019Q4,2019,Q4,2019-12-31,2019-12-31,67874000.0,928288000.0,99426000.0,1.69,351677000.0,0.378844712,2892714000.0,512876000.0,718057000.0,924266000.0,2016265000.0,0.0,77181000.0,3099619380.0,3895120380.0,12.901242642249837,0.7768943139745484,0.31475424117282247,1.775271215654466,0.04185039358528829,12.901242642249837,0.1323399808140759,3.339070827157089,11.416814170374517,6.043603873060935,0.0,0.0,0.0,0.32090555789476594,0.6418531028946213,0.023463778306462374,17.74415161090884,0.3788447119859354,1.2837837837837838,0.618409716129667,0.015549497947724642,1.0525420293209655,0.35511602278069343,1.2894053361216986,1.0638077050813683,0.4904446189226783,0.56600901903341,1.4225339255954577,Real Estate Services,Real Estate,CIGI
2019Q3,2019,Q3,2019-09-30,2019-09-30,29647000.0,736883000.0,48176000.0,0.74,259518000.0,0.3521834538,2439915000.0,452641000.0,604559000.0,716191000.0,1659473000.0,0.0,31162000.0,2972580400.0,3776383400.0,11.428019592001617,0.8441309650637888,0.3711108788625833,2.000435223499418,0.020119850658036967,11.428019592001617,0.06549782277787473,4.033992370566291,25.066451917563327,6.567192101466724,0.06675211657165986,0.0,0.0006657515470397369,0.30201175040933803,0.6488352967295037,0.012150833123285033,37.56056152942217,0.35218345381831306,-0.16853932584269665,0.0962692549670482,-0.02236728615052029,0.7646203116230857,-0.006808344527491705,-0.16663387210119465,-0.15773278785971537,1.1464415738241902,0.5542587654893749,1.493826583022525,Real Estate Services,Real Estate,CIGI
2019Q2,2019,Q2,2019-06-30,2019-06-30,35575000.0,745517000.0,57198000.0,0.89,261297000.0,0.3504910015,2492247000.0,424987000.0,603890000.0,687221000.0,1725004000.0,0.0,1516000.0,2829700560.0,3729567560.0,10.750455327329759,0.8787420640521754,0.4020303766039241,2.3576227037532913,0.02403085396676237,10.750455327329759,0.08370844284648707,3.7956217765657927,19.88545720309206,6.658322631045184,0.0,0.0,0.0,0.299134475836464,0.687348029236592,0.014274267357930413,21.883076018869385,0.35049100154657775,5.357142857142857,0.26504913063364244,0.02671517343876675,0.6259544441185259,0.22230486401526847,5.511989749222039,2.1156988778734065,0.6227871304050874,0.5083385718054008,1.594506321462297,Real Estate Services,Real Estate,CIGI
2019Q1,2019,Q1,2019-03-31,2019-03-31,5463000.0,635123000.0,18358000.0,0.14,213774000.0,0.3365867714,2606866000.0,400745000.0,722233000.0,698207000.0,1856867000.0,0.0,-20289000.0,2693877900.0,3696887900.0,10.197592752811849,1.0344109984574774,0.4297716108154389,2.7956855356897776,0.008170974582461356,10.197592752811849,0.013632110194762256,4.24150581855798,123.27832235035694,6.722174699621953,0.3589602782354018,0.0,0.0007279468753947608,0.24363469391982556,0.9246369629637056,0.0020956197978722344,-23.108736939626333,0.3365867713812915,-0.894736842105263,1.8315765463683327,0.057642405110105474,0.5718723056305984,-0.36652235369420466,-0.8962590201291303,-0.8129159150896288,0.3293971021789549,0.6568733776799063,1.7128008538789259,Real Estate Services,Real Estate,CIGI
2018Q4,2018,Q4,2018-12-31,2018-12-31,52660000.0,889883000.0,98127000.0,1.33,337461000.0,0.3792195154,2357580000.0,387553000.0,760313000.0,798701000.0,1622246000.0,0.0,-21751000.0,2157506180.0,2702597180.0,9.885043105647094,0.9519369576349598,0.28509021963199555,1.7342737638464933,0.06680355505820677,9.885043105647094,0.13587818956375,2.424482971356909,10.242623338397266,5.566996462419334,0.0,0.0,0.0,0.37745612025890957,0.8699400651808373,0.02233646366189058,12.321636217225684,0.37921951537449305,1.078125,0.6800813830019796,0.2066107702322929,0.45909203524932557,0.3850690767601645,1.074535140245824,1.3388073219563352,0.44098854616653305,0.5631211558888033,1.671889708164165,Real Estate Services,Real Estate,CIGI
2018Q3,2018,Q3,2018-09-30,2018-09-30,25384000.0,715721000.0,41956000.0,0.64,243642000.0,0.3404147706,2303239000.0,340078000.0,690702000.0,653343000.0,1624709000.0,0.0,-72451000.0,3006878579.9999995,3712669579.9999995,8.675901831726108,1.057181296807343,0.3562496119595057,2.4127641305818077,0.025746573783594108,8.675901831726108,0.0746416998453296,4.201188144542356,29.613916049479982,8.841732132040296,0.0771745981720769,0.0,0.0006515061875228763,0.31074543284478945,0.9534073220345209,0.011021001294264294,33.17898373535188,0.34041477056003666,0.06666666666666674,-0.009196975375151736,0.011970778909077934,0.22693123540134894,0.029654516640253564,0.06445255168364994,-0.07928635695319186,0.3354355124359849,0.6497498740238065,2.239143244512634,Real Estate Services,Real Estate,CIGI
2018Q2,2018,Q2,2018-06-30,2018-06-30,23847000.0,667350000.0,45569000.0,0.6,236625000.0,0.3545740616,1579306000.0,326643000.0,632281000.0,569717000.0,1092482000.0,0.0,-88637000.0,2965017600.0,3280608600.0,8.33953737745098,1.109815926152809,0.26583638636211093,1.2853084254063305,0.04220399717970166,8.33953737745098,0.0730063096408005,4.4429723533378285,31.08375896339162,9.077242126725508,0.0,0.0,0.0,0.4225590227606303,0.9905356519113876,0.01509967036153855,69.63404415218412,0.35457406158687343,1.7272727272727273,3.3543297617839163,-0.09083215549889499,0.560105310826061,0.244261803726081,1.7920618194590798,1.8941886313115275,2.043511987874882,0.5219220386430939,2.028287582218,Real Estate Services,Real Estate,CIGI
2018Q1,2018,Q1,2018-03-31,2018-03-31,8541000.0,552473000.0,15745000.0,0.22,190173000.0,0.3442213466,1578300000.0,315768000.0,631656000.0,565223000.0,1104641000.0,0.0,-110523000.0,2655264000.0,2980138000.0,8.086662569145666,1.1175341413919815,0.2765779636317557,1.3824168376782955,0.01348404720929936,8.086662569145666,0.02704833928707152,4.80614256262297,77.72110994028802,8.40890780573079,0.22795925535651562,0.0,0.0007332604215626017,0.3500430843312425,1.0015268310029846,0.005411518722676297,-30.732577923355596,0.3442213465635425,-0.7441860465116279,1.8010725874424267,-0.14489686416722486,0.08095809683485522,-0.3008936744319414,-0.7499048344118767,-0.812445651526522,7.01439455674261,-0.1651909076376945,0.3916955631894229,Real Estate Services,Real Estate,CIGI
2017Q4,2017,Q4,2017-12-31,2017-12-31,34151000.0,734245000.0,83949000.0,0.86,272023000.0,0.3704798807,1441925000.0,285438000.0,601834000.0,673029000.0,1006979000.0,0.0,-128411000.0,2377278800.0,2518648800.0,7.336229053151023,0.8942170396817968,0.17330513029457148,0.8754720815028132,0.0839848509517933,7.336229053151023,0.11964419593747154,3.2377187451055165,17.402702702702705,8.328529488014912,0.0,0.0,0.0,0.5092116441562494,0.8128817628958039,0.023684310903826482,17.703366000417027,0.37047988069377386,0.8297872340425533,0.5037777507865807,-0.10305672370114426,-0.08076608142233378,0.3492535092505332,0.8645446604062023,1.6715781433981478,-0.1679864786419395,-0.17926815743934782,0.1671680694544388,Real Estate Services,Real Estate,CIGI
2017Q3,2017,Q3,2017-09-30,2017-09-30,18316000.0,574057000.0,31423000.0,0.47,201610000.0,0.3512020583,1385450000.0,244314000.0,532462000.0,539214000.0,994915000.0,0.0,-160615000.0,1931342000.0,2193416000.0,6.287030365414307,0.9874780699314187,0.2684297520661157,1.522205031230302,0.033041096834615584,6.287030365414307,0.07496909714547673,3.364373224261702,26.361405328674383,7.9051630279067115,0.10602751692509281,0.0,0.0010055184426165846,0.41434696308058755,0.8837864002047424,0.013220253347287885,24.17925284190495,0.35120205833218654,-0.276923076923077,-0.2768543556763982,-0.2477942345775404,-0.20953119440058765,-0.0421235675326403,-0.2823446438366899,-0.22561486519789048,-0.3096851230219627,-0.22373085838273127,-0.029208744937227922,Real Estate Services,Real Estate,CIGI
2017Q2,2017,Q2,2017-06-30,2017-06-30,25522000.0,544217000.0,40578000.0,0.65,210476000.0,0.3867501383,1360675000.0,229472000.0,531499000.0,477439000.0,986951000.0,0.0,-164825000.0,2191897050.0,2496346050.0,5.909809678333205,1.1132291245583206,0.31413158910099764,1.862671698507879,0.04137240179676871,5.909809678333205,0.11122054106819132,4.027615914240092,21.470663055403183,9.55191504845907,0.0,0.0,0.0,0.3999610487441895,1.0037805876771693,0.018756866996159995,46.15588978500284,0.38675013827204957,3.642857142857143,0.3473840109016708,-0.29048635742686296,-0.26191284798424636,0.28360939672627034,3.6353069378859426,1.6275982645858966,-0.07600468565429916,-0.23694276592200025,-0.10616983022548007,Real Estate Services,Real Estate,CIGI
2017Q1,2017,Q1,2017-03-31,2017-03-31,5506000.0,422843000.0,15443000.0,0.14,163972000.0,0.3877845914,1258328000.0,214423000.0,477637000.0,429560000.0,913976000.0,0.0,-173717000.0,1827584000.0,2134877000.0,5.537784090909091,1.1119215010708632,0.3218461323279781,1.8887339511153187,0.014979726509040687,5.537784090909091,0.025678215489942778,4.322133747040864,82.98147475481294,8.523264761709331,0.3508899382491827,0.0,0.0010571333520100854,0.33603559644226305,1.0021370704907346,0.0043756476848643595,-20.70424035073807,0.3877845914441057,-0.8771929824561403,1.3934294536928507,-0.33185123394187566,-0.29566136813866545,-0.2844743697717345,-0.8755790567871105,-0.7969495759647623,1.896465851633662,-0.2853469363149882,-0.14639761970671758,Real Estate Services,Real Estate,CIGI
2016Q4,2016,Q4,2016-12-31,2016-12-31,44253000.0,576028000.0,76055000.0,1.14,229163000.0,0.3978330914,1194779000.0,205730000.0,524636000.0,510603000.0,847463000.0,0.0,-174311000.0,1419689250.0,1569039250.0,5.325515777484403,1.027483191442275,0.21970422981990811,1.275934477227434,0.11043774049821027,5.325515777484403,0.21510231857288678,2.4646184734075427,8.02029947122229,6.90074004763525,0.0,0.0,0.0,0.4821209612823794,0.9189879417081372,0.03703864898864141,14.265939647895816,0.39783309144694357,2.257142857142857,-0.46977856253028233,-0.2104505431109821,-0.31140942623211365,0.4235583523316706,2.287497214174281,2.2189867524442377,0.43287652472060567,-0.20732626743319393,-0.21392172280128405,Real Estate Services,Real Estate,CIGI
2016Q3,2016,Q3,2016-09-30,2016-09-30,13461000.0,462052000.0,23627000.0,0.35,160979000.0,0.3484001801,1160277000.0,176890000.0,482688000.0,432226000.0,842687000.0,0.0,-216629000.0,1623944070.0,1850806070.0,4.582523768814279,1.116749108105482,0.28938951646891214,1.8981966193679687,0.028630962699778547,4.582523768814279,0.07609814008705976,3.5146348679369424,30.160167706708272,9.180530668777207,0.14345145234380804,0.0,0.001189080360384579,0.39822559612920017,0.9910116466848362,0.011601539977091678,27.81821727735238,0.3484001800663129,-0.3636363636363637,-0.23873182392119965,-0.3851902289107207,-0.22061196750769793,-0.14175658961016804,-0.3710400897112419,-0.37202317669572615,-0.46645636689178427,-0.33659243508662723,-0.3519473066918347,Real Estate Services,Real Estate,CIGI
2016Q2,2016,Q2,2016-06-30,2016-06-30,21402000.0,482536000.0,37624000.0,0.55,187568000.0,0.3887129665,1130841000.0,159916000.0,481761000.0,410288000.0,821651000.0,0.0,-226135000.0,1317599160.0,1560414160.0,4.143545628854226,1.1742020239441564,0.30021638762655406,2.1229708096750795,0.048876002597079284,4.143545628854226,0.13383276220015508,2.7305717293631977,15.391075133165126,8.239320393206434,0.0,0.0,0.0,0.42670543427413754,1.0316606871270912,0.01892573757053379,63.787720759101475,0.38871296649369164,4.5,0.5265127263942277,-0.3346283276294806,-0.35209598860449653,0.3470744967358752,4.308035714285714,3.243148753806248,2.9660074670769734,-0.3328373488813753,-0.22485298060964462,Real Estate Services,Real Estate,CIGI
2016Q1,2016,Q1,2016-03-31,2016-03-31,4032000.0,376108000.0,8867000.0,0.1,139241000.0,0.37021547,1123207000.0,144942000.0,469805000.0,402919000.0,824532000.0,0.0,-245607000.0,1459805880.0,1701232880.0,3.7590642668188186,1.1660035888106544,0.31062395444472835,2.4071352679002636,0.010192290456554369,3.7590642668188186,0.02781802376122863,3.8813475916492073,90.51375744047618,10.071655420789005,0.3821924603174603,0.0,0.001055619806107371,0.33485190174206536,1.0248983046220208,0.0035897212179055154,-30.845096456568132,0.3702154700245674,-0.891304347826087,3.4541463961872,-0.3826841984472415,-0.384528140059166,-0.3817007104795737,-0.8870524959381478,-0.8635363282392231,1.382972833249674,-0.4104721757885835,-0.497519412860865,Real Estate Services,Real Estate,CIGI
2015Q4,2015,Q4,2015-12-31,2015-12-31,35698000.0,556114000.0,64977000.0,0.92,225200000.0,0.4049529413,1092421000.0,141689000.0,495979000.0,479141000.0,803336000.0,0.0,-238411000.0,1706175900.0,1850972900.0,3.6996448900725887,1.035142056304929,0.23887036225045105,1.8416884867562056,0.10917272972674182,3.6996448900725887,0.2519461637812392,3.0680326335967085,11.948679898033502,12.041696250238196,0.10076194744803631,0.0,0.0021082234252634796,0.5090656441060727,0.9360668362757518,0.0326778778511215,17.607231016903675,0.4049529413034018,0.9166666666666669,1.3106417019898216,-0.20306943962876267,-0.4373883794607753,0.4550811537268686,0.9386336483110677,1.1797047970479704,0.5969338527349907,-0.30983867041230523,-0.5364322671759338,Real Estate Services,Real Estate,CIGI
2015Q3,2015,Q3,2015-09-30,2015-09-30,18414000.0,420278000.0,29810000.0,0.48,154768000.0,0.3682514907,1037063000.0,101709000.0,452881000.0,410039000.0,793441000.0,18227000.0,-273294000.0,1541324070.0000002,1763200070.0000002,2.678455744871356,1.1044827443243204,0.3086051667063621,3.1466536884641476,0.04708850749772934,2.678455744871356,0.1810459251393682,3.6673917502224724,20.925981182795702,15.154254490753031,0.0,14.566851374334778,0.0,0.4052579255069364,0.930052994959016,0.017755912610902133,23.744824839783096,0.3682514906799785,1.827586206896552,0.020918223954482926,-0.368901594653099,-0.5808850316437949,-0.08929464585184445,1.8621190130624092,13.207207207207206,-0.2560030320747479,-0.4364321826909682,-0.6632375556595833,Real Estate Services,Real Estate,CIGI
2015Q2,2015,Q2,2015-06-30,2015-06-30,-21359000.0,409832000.0,-2442000.0,-0.58,169943000.0,0.4146650335,1059107000.0,100814000.0,476908000.0,377409000.0,816987000.0,16868000.0,-282904000.0,1408675840.0,1666084840.0,2.7538789335664338,1.2636370621792272,0.3598626012291487,3.780556271946357,-0.006014500675078969,2.7538789335664338,-0.21186541551768603,3.437203146655215,-16.48808277541083,13.973018033209671,0.0,14.221543751482097,0.0,0.3869599577757488,1.0782705234904308,-0.020166989737580812,28.62929517925372,0.4146650334771321,-22.48148148148148,-2.1972012282856506,-0.32767301646659186,-0.5431544500964975,-0.1608706171644702,-22.817160367722167,-1.4174358974358974,-2.196018242596454,-0.43327194125453505,-0.6560629242386191,Real Estate Services,Real Estate,CIGI
2015Q1,2015,Q1,2015-03-31,2015-03-31,979000.0,607951000.0,5850000.0,0.027,202523000.0,0.3331238866,1522809000.0,208434000.0,624943000.0,493148000.0,1091840000.0,25581000.0,-115798000.0,1358434770.0,1793429770.0,5.810654846533412,1.267252427263215,0.3649157576557533,2.6660573610831246,0.0077991514034664285,5.810654846533412,0.004696930443209841,2.2344477926675013,346.89345505617973,6.517337718414462,3.657814096016343,15.848794026816778,0.002636122159917918,0.39922997565682894,1.021819007681264,0.0006428908681259435,-17.227869906532575,0.3331238866290211,-0.9740384615384616,-0.8778942559338458,0.25067808155258264,-0.007520405564811254,-0.3303940142370169,-0.9740991586856448,-0.8893847142911168,1.075510130220733,0.03694200413094273,-0.2609555342642625,Real Estate Services,Real Estate,CIGI
2014Q4,2014,Q4,2014-12-31,2014-12-31,37798000.0,823826000.0,52886000.0,1.04,302451000.0,0.3671297094,1639427000.0,225203000.0,707819000.0,630159000.0,1175220000.0,18950000.0,-118242000.0,1066271040.0,1402826040.0,6.285494990091825,1.1232387381597342,0.3009270922096562,2.190681296430332,0.05740985601210835,6.285494990091825,0.1678396824198612,1.2942915615676125,7.052430287316789,4.734710638845842,0.09487274458966083,27.513192612137203,0.003363122382091518,0.5025084983960859,0.9448615349459422,0.02305561638304115,9.628251101639817,0.3671297094289328,0.5522388059701492,2.5726307827074844,0.456242142585623,0.11677187930007621,0.2644378297477404,0.538818548222937,0.3979910124240021,-0.5117023331989983,0.21750990272733936,-0.18728386460870253,Real Estate Services,Real Estate,CIGI
2014Q3,2014,Q3,2014-09-30,2014-09-30,24563000.0,684606000.0,37830000.0,0.67,239198000.0,0.3493951265,1468524000.0,232981000.0,578811000.0,489066000.0,1007236000.0,15754000.0,-124494000.0,1099396000.0,1448200000.0,6.476191799861015,1.18350284010747,0.3260477867573155,2.055141835600328,0.03773953848610998,6.476191799861015,0.10542919808911456,1.605881339047569,11.18955339331515,4.718822564930187,0.1464397671294223,28.272692649485844,0.00327179651372208,0.46618645660540786,0.9988365578469982,0.01672631839860976,20.07442573859694,0.3493951265399368,-0.04285714285714274,0.20532438942214212,0.24209162942918924,0.12891827595062105,-0.011688778524710054,-0.04009535347219508,-0.0246480688908369,0.4905258489749095,-0.022563931948013406,0.10145994643525462,Real Estate Services,Real Estate,CIGI
2014Q2,2014,Q2,2014-06-30,2014-06-30,25589000.0,660729000.0,38786000.0,0.7,242027000.0,0.3663029775,1519301000.0,237839000.0,624069000.0,497378000.0,1051471000.0,21531000.0,-136848000.0,1064771200.0,1448765200.0,6.611781385522073,1.2547177398276563,0.34156299508787263,2.181883543069051,0.03686100902797575,6.611781385522073,0.1075895879145136,1.6115097112431875,10.402626128414553,4.4768570335394955,0.1406072921958654,19.44647252798291,0.003379129713500891,0.4348901238135169,1.0597030829670793,0.01684261380727058,29.79297686001287,0.3663029774688261,13.432989690721648,0.6935880926936193,0.26981267232040895,0.22803888174533726,0.30548078945807017,13.522701475595914,6.216,0.9581889325921624,-0.022508107422086962,0.033848801451337625,Real Estate Services,Real Estate,CIGI
2014Q1,2014,Q1,2014-03-31,2014-03-31,1762000.0,548431000.0,5375000.0,0.0485,185393000.0,0.3380425249,1416893000.0,232838000.0,576775000.0,452860000.0,962534000.0,27148000.0,-136638000.0,997742000.0,1363853000.0,6.4875452772359985,1.2736276111822638,0.34265749072089424,2.0851793951159174,0.004334019695248053,6.4875452772359985,0.007567493278588546,1.8192662340385573,141.5638479001135,4.285133869900961,2.031782065834279,13.372550464122588,0.0035881019341673496,0.38706592523218053,1.0511504659276598,0.0012435660279216567,-10.544949164006848,0.33804252494844383,-0.9386075949367089,1.0325132950391485,0.24258866291476894,0.2794908809619272,-0.2860355763343051,-0.9382793890990613,-0.8910598106974199,2.1521973903896705,-0.032930116765299305,0.062206249963873125,Real Estate Services,Real Estate,CIGI
2013Q4,2013,Q4,2013-12-31,2013-12-31,28548000.0,671724000.0,49339000.0,0.79,259667000.0,0.3865679952,1443511000.0,241921000.0,615260000.0,570164000.0,972389000.0,15804000.0,-123111000.0,899509710.0,1129599710.0,6.774790669019015,1.0790930328817674,0.25825504620331957,1.5409741196506297,0.05112347521741472,6.774790669019015,0.11800546459381368,1.3391061060792826,7.877169241277848,3.718196064004365,0.12484237074401008,26.072956213616806,0.003962158451852621,0.46534040959854134,0.9323913821286507,0.01977678036398753,10.30342615289455,0.38656799518850005,0.2153846153846154,1.707397365686026,0.1913680938593537,0.2037072210273856,0.22811738832265235,0.29563402015067625,0.46576156382757494,0.9818136553080019,0.03239507670794466,0.030254543439714114,Real Estate Services,Real Estate,CIGI
2013Q3,2013,Q3,2013-09-30,2013-09-30,22034000.0,608270000.0,33661000.0,0.65,211435000.0,0.3476005721,1403696000.0,238385000.0,570668000.0,454308000.0,953397000.0,17129000.0,-120747000.0,765262400.0,1065616400.0,7.071220930232558,1.2561258001179816,0.33303151109641976,1.9610084527130482,0.03676285000232061,7.071220930232558,0.09243031230991883,1.258096568957864,8.682744848869927,3.2101952723535456,0.15094853408368886,23.167435343569384,0.004346221635872872,0.4333345681686063,1.0982285145760144,0.015697131002724237,13.849900459695226,0.34760057211435713,3.642857142857143,0.06363448478235273,0.1688561030452365,-0.47415126607286434,0.004976519573359697,3.906256958361167,1.1808228053126013,0.3760257262820821,0.028838516305834123,0.1064788141782403,Real Estate Services,Real Estate,CIGI
2013Q2,2013,Q2,2013-06-30,2013-06-30,4491000.0,601922000.0,15435000.0,0.14,210388000.0,0.3495270151,1408967000.0,171692000.0,518436000.0,451680000.0,1044334000.0,15550000.0,-105405000.0,573324150.0,1035116150.0,5.345496435131853,1.1477948990435707,0.3922249421029733,3.2187405353773038,0.01649449748036506,5.345496435131853,0.026157304941406705,0.9524891098846694,31.915172010688043,3.3392595461640617,0.055444221776887105,25.17903536977492,0.0004343092821050709,0.42720801835671096,0.9847923308537018,0.003187441579540188,50.473118232238754,0.349527015128206,1.5185185185185186,-0.7659820301440416,0.2238630165869304,-0.48336998810346665,0.33009641220167535,1.5464168390315123,6.331606217616581,-0.7130915888412666,0.125456932515482,-0.1132267186297818,Real Estate Services,Real Estate,CIGI
2013Q1,2013,Q1,2013-03-31,2013-03-31,-8219000.0,498052000.0,-2895000.0,-0.27,158175000.0,0.3175873202,1390874000.0,225186000.0,497321000.0,431915000.0,985041000.0,8803000.0,-90551000.0,590280610.0,1009317610.0,7.4810139198033285,1.151432573538775,0.3642278164664808,2.2496736031547253,-0.0031651123546615986,7.4810139198033285,-0.036498716616485925,1.185178676122172,-17.9547575739141,2.6213024344319806,-0.2783793648862392,38.60922412813814,0.003876122578378443,0.35808563536308824,0.9897063079541113,-0.005909234049957078,-8.146071182136843,0.31758732019949726,-1.4655172413793105,0.04797916425140805,1.2087615823483266,-0.2681364107767193,-0.28705039213918687,-1.4683724640984728,-1.093474540699364,-2.2216166498908247,0.22099591306202607,0.27778260061685733,Real Estate Services,Real Estate,CIGI
2012Q4,2012,Q4,2012-12-31,2012-12-31,17548000.0,632534000.0,30971000.0,0.58,221860000.0,0.350747944,1317910000.0,239935000.0,510541000.0,467897000.0,926006000.0,14918000.0,-74024000.0,496657280.0,802178280.0,7.98080761043108,1.0911397166470398,0.3142892913780152,1.7263217121303687,0.03125535914867062,7.98080761043108,0.07313647446183341,0.7851866935216131,7.075696375655345,2.0699659491112175,0.512537041258263,27.528757206059794,0.018109067081428867,0.4799523487946825,0.939612778025933,0.013315021511332337,7.962696679653055,0.3507479439840388,-0.09375000000000008,0.41086272122650913,0.2529845672750296,-0.23543923939908745,0.10724605856136867,-0.10345884636999948,-0.009498528847383907,0.9766731596326952,0.33250822931699264,0.4179856204615734,Real Estate Services,Real Estate,CIGI
2012Q3,2012,Q3,2012-09-30,2012-09-30,19573000.0,589754000.0,31268000.0,0.64,200371000.0,0.3397535244,1281584000.0,238845000.0,482848000.0,411813000.0,894669000.0,17084000.0,-77442000.0,515615100.00000006,864945100.0,7.953546453546454,1.1724933404239304,0.3383711095019913,1.8156168226255522,0.03372823816848788,7.953546453546454,0.0819485440348343,0.8742884321259373,6.585795483574313,2.1587854047604096,0.12236243805241914,22.79226176539452,0.004644937667651704,0.46017584489194624,0.9999417211209942,0.015272506523177567,10.990176059340099,0.339753524350831,0.3333333333333334,0.10132036805862599,0.37264722387860827,-0.21906455341820558,-0.02902680254505454,0.3361321591917537,0.2331111724573096,0.15060273699199214,0.2818266587540331,0.3864481206723271,Real Estate Services,Real Estate,CIGI
2012Q2,2012,Q2,2012-06-30,2012-06-30,14649000.0,593193000.0,25357000.0,0.48,206361000.0,0.3478817181,1271124000.0,240440000.0,481997000.0,395038000.0,892006000.0,18431000.0,-77380000.0,491574730.00000006,870303730.0,8.00692663758367,1.2201281901994239,0.3585535321494992,1.8955498253202463,0.025148065402328064,8.00692663758367,0.06092580269505906,0.8286927357537935,8.389219912622023,2.0444798286474795,0.1679295515052222,20.988117844935164,0.005004325588502078,0.466668082736224,1.028918736931637,0.011524446080791489,46.89703587101699,0.3478817180917509,2.3333333333333335,-0.41768579322669264,0.40554222901873427,-0.1583548909664881,0.29859481093190526,2.3517578665682386,5.7727029914529915,0.16141163129386238,0.3656393441908002,0.48716611468223764,Real Estate Services,Real Estate,CIGI
2012Q1,2012,Q1,2012-03-31,2012-03-31,-10837000.0,490056000.0,3744000.0,-0.36,158911000.0,0.3242711037,1224406000.0,235738000.0,427605000.0,361312000.0,849473000.0,16007000.0,-85740000.0,537595190.0,918947190.0,7.862388686922589,1.183478544858737,0.36699346458609317,1.906137321942156,0.004373048645249564,7.862388686922589,-0.04597052660156615,1.097007668511354,-12.401845298514349,2.2804774368154477,-0.7837039771154378,20.687511713625288,0.01579813242004639,0.4002397897429447,0.9862113630325038,-0.008850822357943362,-8.787824928483857,0.32427110371059636,-1.1666666666666665,-2.8216194100143106,0.5440263712186845,-0.10059319598393796,-0.1905800017318046,-1.1592388509293954,-0.8701442841287459,0.7606339639265929,0.32907496049323004,0.5506411435453824,Real Estate Services,Real Estate,CIGI
2011Q4,2011,Q4,2011-12-31,2011-12-31,68055000.0,594893000.0,28832000.0,2.16,196327000.0,0.3300206928,1233718000.0,243619000.0,450204000.0,594250000.0,848695000.0,11831000.0,-63958000.0,488250000.0,783866000.0,7.733936507936508,0.7576003365586874,0.3188856772779517,1.6148781498979965,0.1611537635106367,7.733936507936508,0.2793501327893145,0.8207358298046875,1.793586070090368,2.004154027395236,0.08585702740430534,33.68827656157552,0.011967229902713773,0.48219528287663793,0.6621438788388725,0.05516252498545048,11.045880276910546,0.3300206927968559,3.8000000000000003,4.1993590378656105,0.5039575648829965,-0.10995580411197813,-0.03859771116845977,3.9408305503121825,-0.11193248321320766,6.316501850424477,0.19608238037612707,0.37412293255674733,Real Estate Services,Real Estate,CIGI
2011Q3,2011,Q3,2011-09-30,2011-09-30,13774000.0,585424000.0,32466000.0,0.45,204209000.0,0.348822392,1136444000.0,176795000.0,413723000.0,556935000.0,806012000.0,12139000.0,-129780000.0,452538450.0,763031450.0,5.879643486647378,0.74285688635119,0.34157160405616116,2.1956333606719647,0.029534331433252375,5.879643486647378,0.0779094431403603,0.7730097331165104,8.213635291128213,2.5596790067592408,0.2959924495426165,31.404151907076365,0.009009179220019866,0.5151366895333161,0.6508407623869931,0.012120262855010893,12.293565781967347,0.3488223919757304,0.25000000000000006,0.14166038062899383,0.7153767644932056,-0.31714540838675387,-0.025966716431436707,0.25997072813757777,0.1537313432835821,-0.25453943151405406,0.2612486292817413,-0.562762482759145,Real Estate Services,Real Estate,CIGI
2011Q2,2011,Q2,2011-06-30,2011-06-30,10932000.0,565472000.0,28140000.0,0.36,209653000.0,0.3707575265,1154326000.0,192454000.0,437262000.0,373334000.0,782338000.0,12099000.0,-131510000.0,608179530.0,895258530.0,6.395307878908716,1.171235408508199,0.31939244199645506,1.9156941398983653,0.023863662463504586,6.395307878908716,0.056803184137508185,1.0755254548412654,13.908240257958287,3.1601293296060358,0.3952616172703988,29.40895941813373,0.007104809989247746,0.4898720118926542,1.0281115569436483,0.009470461550723105,37.31849604221636,0.370757526455775,9.591885441527445,-0.4422154123506725,0.7320819942383618,-0.2110193926186972,0.17936298996444805,9.474418604651163,2.263365418067958,-0.3920017829977559,0.2271572846544153,-0.3819081116867107,Real Estate Services,Real Estate,CIGI
2011Q1,2011,Q1,2011-03-31,2011-03-31,-1290000.0,478382000.0,8623000.0,-0.0419,177768000.0,0.3716026105,1114127000.0,184908000.0,406617000.0,353174000.0,753281000.0,11879000.0,-133583000.0,673618750.0,963977750.0,6.107613542526837,1.151322011246581,0.3372012346886845,2.031740108594544,-0.006269410566534221,6.107613542526837,-0.006976442338892855,1.4081189300600776,-130.54626937984497,3.642994083544249,-4.92015503875969,25.306338917417293,0.009422243665278022,0.42937833837614564,0.9941813383771172,-0.0011578572281256984,-12.360884285085143,0.37160261046611287,-1.10475,0.6744306767063926,2.9870694194725482,-0.20877848720588435,-0.19524484261895816,-1.1055387384439173,-0.7257838834827959,0.851435873040905,1.109335945343186,-0.40249543487817496,Real Estate Services,Real Estate,CIGI
2010Q4,2010,Q4,2010-12-31,2010-12-31,12223000.0,552090000.0,31446000.0,0.4,220897000.0,0.4001104892,1129541000.0,199248000.0,419630000.0,411904000.0,755935000.0,9140000.0,-110553000.0,535098000.0,752479000.0,6.5758415841584155,1.018756797700435,0.28130010331630284,1.594696057174978,0.04130611808391168,6.5758415841584155,0.0613456596803983,0.9692224093897734,10.94448989609752,2.685587810166225,0.43958111756524587,36.235557986870894,0.010041151340502113,0.4887737585443999,0.8988113735239279,0.010821209677205165,11.806844509167936,0.4001104892318281,-0.14893617021276587,0.49351270402399006,0.6081619666285317,-0.05866054785938711,0.11333602136989063,-0.14917165529722956,-0.02444623689272197,-0.024922626840763597,0.0851152382719036,-0.3700348775975941,Real Estate Services,Real Estate,CIGI
2010Q3,2010,Q3,2010-09-30,2010-09-30,14366000.0,530418000.0,32234000.0,0.47,198410000.0,0.3740634745,1076304000.0,193288000.0,418823000.0,371774000.0,714118000.0,10008000.0,-106878000.0,426756950.0,641279950.0,6.3907422714498265,1.1265526906131145,0.2874801171416254,1.6008029468978933,0.03429890249483432,6.3907422714498265,0.07432432432432433,0.8045672469637154,7.426509640818598,2.2078812445676914,0.29792565780314634,33.17426059152678,0.01002912782088259,0.4928142978192035,0.9806737426501047,0.013347530065855,11.76481639741964,0.3740634744673069,-0.020833333333333353,0.6830102896842513,0.678240291357744,-0.10630804281316722,0.03299804240076638,-0.020989505247376312,0.016620935440123632,-0.19740974808333722,0.225767318285885,-0.3725117217969522,Real Estate Services,Real Estate,CIGI
2010Q2,2010,Q2,2010-06-30,2010-06-30,14674000.0,501372000.0,31707000.0,0.48,192072000.0,0.3830927934,1046991000.0,181504000.0,395403000.0,335749000.0,699767000.0,10763000.0,-112248000.0,367040900.0,603208900.0,6.028030554633013,1.17767439366908,0.31174766545271165,1.7982909467559944,0.035440321619934496,6.028030554633013,0.08084670310296192,0.7320729917107457,6.253252351097179,2.0222193450282084,0.3538230884557721,28.737340890086408,0.014145562524503401,0.4788694458691622,1.0280090186419022,0.014015402233639066,11.298780975835001,0.38309279337497903,1.1818181818181819,0.32372397133770897,0.74693458575949,-0.07457630069615945,0.25072117419531287,1.2109386771131536,9.62211055276382,-0.4182611930483376,0.18478097480224023,-0.3663658151184819,Real Estate Services,Real Estate,CIGI
2010Q1,2010,Q1,2010-03-31,2010-03-31,6637000.0,402391000.0,2985000.0,0.22,153569000.0,0.3816412395,964646000.0,173849000.0,342697000.0,269489000.0,622310000.0,10062000.0,-114542000.0,397305720.0,640321720.0,5.8546844480366405,1.2716548727406314,0.32469424016685916,1.8016497075047886,0.006331762111490448,5.8546844480366405,0.038176808609770546,0.9873623416030677,14.965561247551607,2.2853494699423065,0.5891215910803074,24.728880938183263,0.009841287963334631,0.4171385150614837,1.0719435672699071,0.006880244151740639,-12.617286036393661,0.38164123949094286,-0.26666666666666666,5.519134056262769,0.7382141548068509,-0.051890817363101936,-0.07365785981421161,-0.2380897715532086,1.6046181891837148,0.1264885195595203,0.2801581985149833,-0.3302616752222362,Real Estate Services,Real Estate,CIGI
2009Q4,2009,Q4,2009-12-31,2009-12-31,8711000.0,465789000.0,-4937000.0,0.3,165780000.0,0.3559122264,1009530000.0,166034000.0,382293000.0,321023000.0,679328000.0,9458000.0,-114016000.0,330105000.0,543321000.0,5.628271186440678,1.1908585989165885,0.31003932523055283,1.885119915198092,-0.005422363058844782,5.628271186440678,0.05246515773877639,0.7087007207125974,9.47379749741706,1.988177120348844,0.6281712776948686,31.72013110594206,0.01657654382696415,0.4613919348607768,1.0233410067191446,0.008628767842461343,6.69434811705299,0.3559122263514166,-0.46428571428571436,0.03191569148090432,1.1207361333101522,-0.08707390167034006,-0.05598168679638519,-0.47769516728624534,-1.175425505454287,-0.2893654448315404,0.2574029929360327,-0.35228197215807283,Real Estate Services,Real Estate,CIGI
2009Q3,2009,Q3,2009-09-30,2009-09-30,16678000.0,451080000.0,28143000.0,0.56,175611000.0,0.3893123171,941815000.0,168898000.0,338230000.0,282270000.0,610601000.0,10213000.0,-104665000.0,332400180.0,553857180.0,5.7366347394878066,1.1982499025755482,0.3023215812022531,1.685816291489538,0.036034612266438476,5.7366347394878066,0.09874598870324101,0.7368985102420856,4.982614522124955,1.9680527892574216,0.4188152056601511,26.972388132771957,0.02101382736916689,0.4789475640120406,1.0407694760335848,0.017708360983845022,10.331329023435071,0.3893123171056132,9.0,0.7651116405248178,1.4614843900680952,-0.03606872204429151,0.05771917989736671,0.35033600518176666,0.10672853828306264,0.4117977890531758,0.3498771589697468,-0.3337542690873292,Real Estate Services,Real Estate,CIGI
2009Q2,2009,Q2,2009-06-30,2009-06-30,12351000.0,425344000.0,25429000.0,-0.07,166028000.0,0.3903381733,955220000.0,158317000.0,339680000.0,258242000.0,617936000.0,10550000.0,-109458000.0,202600450.0,454174450.0,5.384016323754463,1.3153553643481695,0.33165553485061033,2.001073794980956,0.02672158874638133,5.384016323754463,0.07801436358698055,0.47632140103069515,4.100891628208243,1.27971380205537,0.4181037972633795,24.579715639810427,0.025488590968085215,0.4452838089654739,1.0905778300973505,0.012930005653147966,10.943685518284449,0.3903381733373458,0.9536423841059603,0.7168286427117173,1.5009421451603693,-0.03838843219128167,0.24461569600515753,1.2786337897895188,6.421961620469083,-0.35506891491649706,0.3333432116048115,-0.33578108361665043,Real Estate Services,Real Estate,CIGI
2009Q1,2009,Q1,2009-03-31,2009-03-31,-44327000.0,361009000.0,-4690000.0,-1.51,133397000.0,0.3695115634,913632000.0,148847000.0,309690000.0,240517000.0,586705000.0,10749000.0,-107540000.0,142670160.0,391729160.0,5.070411500204387,1.2876012922163507,0.33472448425624324,2.0545593797658,-0.012413094457084406,5.070411500204387,-0.2978024414331495,0.39519834685561855,-0.8046459268617322,0.9585020860346531,-0.13023665034854603,21.175179086426645,0.0404639624711993,0.3951361160729922,1.0086314065118058,-0.04851734615249904,-3.303850126207072,0.36951156342362657,0.0,-28.924938089230775,1.7847083102591672,-0.012730883062182043,0.0,0.0,0.0,-10.53743796924158,2.103017815158062,-0.34314464565473635,Real Estate Services,Real Estate,CIGI
2008Q3,2008,Q3,2008-09-30,2008-09-30,18063000.0,453758000.0,34451000.0,0.61,182611000.0,0.4024413895,1027103000.0,395282000.0,401459000.0,297058000.0,572459000.0,10593000.0,126936000.0,251327250.00000003,401272250.0,13.447252934172479,1.3514498852076025,0.23834026382943094,0.6193046989238062,0.03715512810704206,13.447252934172479,0.04569649010073821,0.5538794908299138,3.4784815645241656,0.6358175935155156,0.17820959973426342,25.596809213631644,0.012808002315705917,0.44178431958625375,1.03534663264413,0.017586356967120142,12.89849884526559,0.40244138946310587,0.29787234042553196,0.9202883143391732,1.6261617822701182,1.6354463208190013,0.001903831804415573,0.011083123425692695,0.018808221203607867,1.1773132493695666,0.47720343579225727,0.8804860661045878,Real Estate Services,Real Estate,CIGI
2008Q2,2008,Q2,2008-06-30,2008-06-30,17865000.0,457843000.0,33815000.0,0.47,182264000.0,0.398092796,1113162000.0,309371000.0,443151000.0,328172000.0,743323000.0,19683000.0,47469000.0,249366000.0,567715000.0,10.34685618729097,1.350362005289909,0.34156483961903117,1.229000132526966,0.03509912729053753,10.34685618729097,0.05774620116300493,0.5446539534294507,3.489588581024349,0.8060419367038282,0.4686817800167926,14.00086368947823,0.03357715165660114,0.41129952333981934,0.8719756712943213,0.01604887698286503,-44.58537457536206,0.398092796002123,2.620689655172414,1.5977897658143747,1.747049674047366,1.1710893498112778,0.8580545191347075,3.08289611752361,3.088763975538946,0.6228990519958617,0.6064703431247354,0.5884501318010624,Real Estate Services,Real Estate,CIGI
2008Q1,2008,Q1,2008-03-31,2008-03-31,-8577000.0,224021000.0,-16189000.0,-0.29,98094000.0,0.4378785917,1089343000.0,305685000.0,428815000.0,333642000.0,725190000.0,20519000.0,43415000.0,379195400.0,658407400.0,10.221869252633338,1.2852548540051911,0.32683002507015696,1.1646956834650048,-0.011642152262360105,10.221869252633338,-0.0280582953039894,1.6926779185879894,-11.052681590299638,1.240477615846378,-0.3050017488632389,6.137092450899167,0.006898817865406596,0.2056478078988895,0.8115075440142429,-0.007873553141664288,-20.42528413681659,0.4378785917391673,-1.7073170731707317,-8.358724204162382,0.6992041153464522,1.3249632290615356,-0.5199753366739743,-1.693258971871969,-1.859927759481568,-9.365239926433707,-0.03912110930991867,0.655332270791374,Real Estate Services,Real Estate,CIGI
2007Q4,2007,Q4,2007-12-31,2007-12-31,12372000.0,502152000.0,18826000.0,0.41,204352000.0,0.4069524765,1059461000.0,312161000.0,452798000.0,330926000.0,682094000.0,35354000.0,57794000.0,534103300.0,763415300.0,10.438421668617288,1.3682756870115977,0.31275148400932173,1.0614650773158723,0.02264849711920511,10.438421668617288,0.03963339430614331,1.0636287418948844,10.792582040090526,1.7109866383052335,0.0,8.423375007071336,0.0,0.4739693108099307,1.1220091500818914,0.011677636080988351,20.320472530817227,0.40695247654096767,-0.18000000000000005,7.012060149067069,2.67844197098079,1.44263784737653,0.2168155293557223,-0.30074040581020745,-0.4039764452605585,0.4457537361118213,1.255333723695731,0.6931500368369822,Real Estate Services,Real Estate,CIGI
2007Q3,2007,Q3,2007-09-30,2007-09-30,17693000.0,427730000.0,31586000.0,0.5,167940000.0,0.3926308653,930789000.0,304480000.0,385685000.0,282953000.0,566575000.0,38318000.0,52597000.0,546797840.0,733947840.0,10.184640085630186,1.363070898700491,0.281187250816243,0.8595835522858645,0.03739676166903737,10.184640085630186,0.058108906988964794,1.2783714960372197,7.726188888260894,1.795841565948502,0.0,6.779842371731301,0.0,0.4595348677304953,1.071047135036561,0.019008604527986472,-180.6401850016518,0.3926308652654712,-0.39024390243902435,0.8452058754950887,1.731611814805251,1.4139227820058926,0.026685006877579093,-0.29211010642554214,-0.1973674179859223,0.8440976337015941,1.298621420280692,0.7113331385182412,Real Estate Services,Real Estate,CIGI
2007Q2,2007,Q2,2007-06-30,2007-06-30,24994000.0,419312000.0,39353000.0,0.82,163575000.0,0.3901033121,872377000.0,283833000.0,353288000.0,265071000.0,532588000.0,33724000.0,186101000.0,628921800.0,785622800.0,9.51342383107089,1.3328051729536614,0.27782598578366924,0.8539140973741601,0.05008367723629474,9.51342383107089,0.08805882332216479,1.4998898195138703,6.290727774665919,2.2158163427085644,0.0,7.583234491756612,0.0,0.4806545793848302,1.056181174100524,0.028650457313753114,30.9890022172949,0.3901033120921891,3.099999999999999,2.1211729305999407,1.656197736927227,1.4062986650924372,0.26037308430225836,3.1573519627411843,2.8355750487329434,2.424173292340913,1.4299412144737607,0.6991438835470559,Real Estate Services,Real Estate,CIGI
2007Q1,2007,Q1,2007-03-31,2007-03-31,6012000.0,320744000.0,10260000.0,0.2,129783000.0,0.4046311077,816998000.0,264875000.0,362357000.0,256827000.0,503817000.0,31768000.0,175346000.0,490254000.0,626365000.0,8.741749174917492,1.410899165586173,0.28782077801904044,0.8877734780556866,0.02576447759078993,8.741749174917492,0.022697498820198208,1.5284900107250643,20.386477045908183,1.8508881547899951,0.0,6.011111810627046,0.0,0.3925884763487793,1.1102064814057713,0.007358647144791052,-15.75366323907455,0.40463110767465643,-0.5121951219512194,9.756609726906758,1.659046586447896,1.5916525668311714,0.01620821686124357,-0.5152003870655593,-0.41384826325411334,2.6694172785312826,1.3970355406052049,0.70212200490331,Real Estate Services,Real Estate,CIGI
