Quarters,Year,Quarter,FillingDate,Date,NetIncome,Revenue,OperatingIncome,EPSDiluted,GrossProfit,GrossProfitRatio,TotalAssets,CommonStockEquity,CurrentAssets,CurrentLiability,TotalLiability,Inventory,RetainedEarnings,MarketCap,EnterpriseValue,bookValuePerShare,currentRatio,debtToAssets,debtToEquity,roic,shareholdersEquityPerShare,roe,priceToSalesRatio,peRatio,pbRatio,payoutRatio,inventoryTurnover,dividendYield,assetTurnover,quickRatio,returnOnAssets,priceToFreeCashFlowsRatio,grossProfitMargin,epsdilutedGrowth,fiveYNetIncomeGrowthPerShare,fiveYRevenueGrowthPerShare,fiveYShareholdersEquityGrowthPerShare,grossProfitGrowth,netIncomeGrowth,operatingIncomeGrowth,threeYNetIncomeGrowthPerShare,threeYRevenueGrowthPerShare,threeYShareholdersEquityGrowthPerShare,Industry,Sector,Symbol
2023Q1,2023,Q1,2023-05-08,2023-03-31,39125000.0,161066000.0,39814000.0,1.03,140000000.0,0.8692088957,783247000.0,570687000.0,590825000.0,141998000.0,212560000.0,83256000.0,2312000.0,7898523436.290001,7757188436.290001,15.666480350170694,4.160798039409006,0.1782285792349029,0.24461219547667987,0.05128213497792478,15.666480350170694,0.06855772078214503,49.03904881408864,50.46979831495209,13.840377363230633,0.0,0.2530268088786394,0.0,0.20563883423747553,3.5294159072662996,0.04995231389331845,295.00722478113096,0.8692088957321843,-0.7223719676549865,3.186208604667684,64.31446608431554,0.0,0.10650943694476937,-0.7223424714890959,-0.061499658204275984,2.810255193496855,8.206857197089265,1.7886885815904403,Medical Devices,Healthcare,SWAV
2022Q4,2022,Q4,2023-02-27,2022-12-31,140911000.0,144026000.0,42423000.0,3.71,126524000.0,0.8784802744,646089000.0,511316000.0,459263000.0,63374000.0,134773000.0,75112000.0,-36813000.0,7438581608.320001,7342399608.320001,14.133296950377067,7.246867800675356,0.09349176351864837,0.11813438265182392,0.22020906253703224,14.133296950377067,0.2755849611590484,51.6474914829267,13.197304696439597,14.547914808689736,0.0,0.23301203536052828,0.0,0.22291975254183247,5.930807586707482,0.21809843535488144,179.87139664659657,0.878480274394901,3.032608695652174,4.250023153962999,6.364941124663161,3.335097549458858,0.1151812156254407,3.0256835128417565,0.1539591437042679,8.896646498927238,7.315400064083181,1.1930886299379655,Medical Devices,Healthcare,SWAV
2022Q3,2022,Q3,2022-11-07,2022-09-30,35003000.0,131330000.0,36763000.0,0.92,113456000.0,0.863900099,475809000.0,355930000.0,395258000.0,54221000.0,119879000.0,68974000.0,-177724000.0,10011613093.17,9938479093.17,9.885864962911967,7.289758580623744,0.11484650353398107,0.15352737897901272,0.08135472445072,9.885864962911967,0.09834237069086618,76.23249138178635,71.50539306038054,28.12803948296013,0.0,0.25914112564154607,0.0,0.27601411490745237,5.807546891425831,0.07356523310824302,366.3097981475248,0.8639000989872839,0.3529411764705882,2.8653331349787488,18.78677552937823,0.0,0.09075526842024303,0.36939086890184264,0.2430010819583446,3.1073565049272394,8.039746637179034,1.5649204044204816,Medical Devices,Healthcare,SWAV
2022Q2,2022,Q2,2022-08-08,2022-06-30,25561000.0,120746000.0,29576000.0,0.68,104016000.0,0.8614446855,417145000.0,305068000.0,352006000.0,66207000.0,112077000.0,60028000.0,-212727000.0,6848846287.99,6796218287.99,8.515280838214828,5.316748984246379,0.11335386975751836,0.15499822990284134,0.07510961659655964,8.515280838214828,0.08378787680123775,56.72110287703112,66.98531246811548,22.450228434283503,0.0,0.2787032718064903,0.0,0.2894581020987906,4.300194843445557,0.06127605508875811,271.0374881471368,0.8614446855382373,0.7435897435897436,2.378546435806849,27.879804736752416,0.0,0.2882674229945133,0.7602782177535983,0.9240176945094978,2.8834298887045877,8.426642575378338,0.9968717567249387,Medical Devices,Healthcare,SWAV
2022Q1,2022,Q1,2022-05-09,2022-03-31,14521000.0,93631000.0,15372000.0,0.39,80741000.0,0.86233192,372520000.0,267823000.0,309910000.0,51030000.0,104697000.0,53369000.0,-238288000.0,7379390200.320001,7364076200.320001,7.525794919692923,6.073094258279443,0.13673896703532695,0.19019277657258712,0.043035067162408104,7.525794919692923,0.054218644403206596,78.8135361185932,127.04686661249225,27.553235533617354,0.0,0.24152597950120858,0.0,0.25134489423386663,4.878875171467764,0.03898045742510469,-5470.267012839141,0.862331919983766,0.14705882352941171,1.830548167793657,37.86478055280426,0.0,0.12892897091722594,0.1220058723535775,0.1515469323544835,1.2985529833192266,2.389580260315104,-0.4544515225862795,Medical Devices,Healthcare,SWAV
2021Q4,2021,Q4,2022-02-25,2021-12-31,12942000.0,84183000.0,13349000.0,0.34,71520000.0,0.8495777057,345682000.0,241830000.0,285902000.0,51628000.0,103852000.0,42978000.0,-252809000.0,6304059836.570001,6262039836.570001,6.84091601571224,5.537731463546913,0.13650985587910275,0.19513294463052558,0.041496294702329975,6.84091601571224,0.05351693338295497,74.88518865531046,121.77522478307063,26.06814636963983,0.0,0.2946391176881195,0.0,0.24352728808558155,4.617959246920276,0.037439033562638495,350.069959827299,0.8495777057125548,5.800000000000001,1.3054871419028982,3.4055766370873437,1.0983099951760926,0.31941113529867543,5.643737166324435,3.7454674724493424,1.3054871419028982,3.4055766370873437,1.0983099951760926,Medical Devices,Healthcare,SWAV
2021Q3,2021,Q3,2021-11-08,2021-09-30,1948000.0,65155000.0,2813000.0,0.05,54206000.0,0.831954569871844,298995000.0,220291000.0,256028000.0,40266000.0,78704000.0,38744000.0,-265751000.0,7248473982.88,7187060982.88,6.256973700549852,6.358416530075001,0.09960701683974649,0.13519390261063774,0.010288767411813603,6.256973700549852,0.008842848777299118,111.24969661392065,930.2456343531828,32.90408588131154,0.0,0.282598595911625,0.0,0.21791334303249218,5.287835891322704,0.006515159116373183,1121.5339599071638,0.831954569871844,6.0,1.106159187350927,9.038673461117652,0.0,0.17905772828120242,5.583529411764706,16.627777777777776,1.106159187350927,9.038673461117652,0.0,Medical Devices,Healthcare,SWAV
2021Q2,2021,Q2,2021-08-09,2021-06-30,-425000.0,55908000.0,-180000.0,-0.01,45974000.0,0.8223152321671318,276359000.0,208347000.0,239631000.0,35995000.0,68012000.0,36149000.0,-267699000.0,6646248730.28,6586769730.28,5.947667310418979,6.657341297402417,0.08969854428478899,0.11897939495169117,-0.0009019058437651025,5.947667310418979,-0.0020398661847782786,118.87831312656506,-3909.5580766352937,31.899901271820568,0.0,0.27480704860438737,0.0,0.2023020780940733,5.54802055841089,-0.0015378547469052934,-12781.247558230769,0.8223152321671318,0.9852941176470588,0.9765582740252208,12.675794047616344,0.0,0.9149450183272243,0.9819922884623533,0.9897066392177046,0.9765582740252208,12.675794047616344,0.0,Medical Devices,Healthcare,SWAV
2021Q1,2021,Q1,2021-05-10,2021-03-31,-23601000.0,31900000.0,-17487000.0,-0.68,24008000.0,0.7526018808777429,269070000.0,204254000.0,233112000.0,33494000.0,64816000.0,33538000.0,-267274000.0,4532709324.0,4500600324.0,5.869806364843351,6.959813697975757,0.09252982495261457,0.12189234972142528,-0.07384099600165135,5.869806364843351,-0.11554730874303563,142.09120137931035,-48.013954112113886,22.191532719065474,0.0,0.2353151648875902,0.0,0.11855650945850522,5.882874544694572,-0.08771323447430036,-212.26511772969934,0.7526018808777429,-1474.6314426105582,-0.38053492985769477,12.541785696215134,0.0,0.4778701138811942,-1485.7708202091471,-0.10216815832598009,-0.38053492985769477,12.541785696215134,0.0,Medical Devices,Healthcare,SWAV
2020Q4,2020,Q4,2021-02-26,2020-12-31,-15874.0,22716000.0,-15866000.0,-0.0004608196737777581,16245000.0,0.71513470681458,262662000.0,225654000.0,246300000.0,25581000.0,46388000.0,29859000.0,0.0,3572875408.08,3534113408.08,6.550699424634385,9.628239709159141,0.04439545880256756,0.05167646042170757,-0.09307200879531428,6.550699424634385,-7.034663688656084e-05,157.28453108293712,-56269.29898072319,15.83342377303305,0.0,0.21671857731337285,0.0,0.08648377001621856,8.367264766819124,-6.043508387204849e-05,-253.88157522063526,0.71513470681458,0.9987873166479533,0.9996154804112884,0.21997456218176964,1.009292037284792,0.13498218402850556,0.9987725023198268,-0.2388537518544546,0.9996154804112884,0.21997456218176964,1.009292037284792,Medical Devices,Healthcare,SWAV
2020Q3,2020,Q3,2020-11-10,2020-09-30,-12932000.0,19590000.0,-12807000.0,-0.38,14313000.0,0.7306278713629403,280658000.0,237047000.0,257868000.0,21125000.0,43611000.0,28868000.0,-227799000.0,2583167430.7999997,2385203430.7999997,6.955864488596199,12.20676923076923,0.061612353825652576,0.07294755892291402,-0.048830328252997296,6.955864488596199,-0.0545545820027252,131.86153296579886,-49.93750832817816,10.897279572405472,0.0,0.1827975613135652,0.0,0.06980025511476601,10.69666272189349,-0.04607743231976284,-149.10917979681366,0.7306278713629403,0.3214285714285715,0.2719127886390274,2.1182583121407377,0.0,1.1381834478637587,0.28623468373992716,0.2889345400033313,0.2719127886390274,2.1182583121407377,0.0,Medical Devices,Healthcare,SWAV
2020Q2,2020,Q2,2020-08-12,2020-06-30,-18118000.0,10286000.0,-18011000.0,-0.56,6694000.0,0.6507874781256077,287353000.0,245423000.0,264314000.0,17741000.0,41930000.0,23427000.0,-214867000.0,1523252268.12,1322040268.12,7.632148497864007,14.89848373823347,0.05945300727676412,0.06961042771052428,-0.06648734625989565,7.632148497864007,-0.07382356176886437,148.08985690453042,-21.01849359918313,6.2066402420311055,0.0,0.15332735732274727,0.0,0.035795693798220306,13.4022884843019,-0.06305136887382418,-67.81161323598806,0.6507874781256077,0.0508474576271185,-0.08863688538229869,1.7409256195283984,0.0,-0.298763880159229,0.03499334221038615,0.051003740976869175,-0.08863688538229869,1.7409256195283984,0.0,Medical Devices,Healthcare,SWAV
2020Q1,2020,Q1,2020-05-13,2020-03-31,-18775000.0,15197000.0,-18979000.0,-0.59,9546000.0,0.6281502928209515,220738000.0,177772000.0,197606000.0,18763000.0,42966000.0,15921000.0,-196749000.0,1049949280.38,943751280.38,5.617866567673832,10.531684698608965,0.07662024662722322,0.09513871700830277,-0.09335481099703173,5.617866567673832,-0.10561280741624103,69.08924658682635,-13.980682827962715,5.906156652228697,0.0,0.3549400163306325,0.0,0.06884632460201687,9.497415125512978,-0.08505558626063478,-36.40095965816114,0.6281502928209515,-0.20408163265306117,-0.20767978598895953,6.094110909525632,0.0,0.0898504395478936,-0.273312987453374,-0.23537069582763784,-0.20767978598895953,6.094110909525632,0.0,Medical Devices,Healthcare,SWAV
2019Q4,2019,Q4,2020-03-12,2019-12-31,-14745000.0,14312000.0,-15363000.0,-0.49,8759000.0,0.6120039128004472,231938000.0,192653000.0,216697000.0,24008000.0,39285000.0,12074000.0,-177974000.0,1312957919.52,1188505919.52,6.444471398667024,9.026032989003665,0.0629176762755564,0.07574758763164861,-0.07113035043205261,6.444471398667024,-0.07653657093323228,91.73825597540525,-22.261070185147506,6.815143909100819,0.0,0.4599138645022362,0.0,0.06170614560787797,8.44410196601133,-0.06357302382533263,-93.11758294468085,0.6120039128004472,-0.06521739130434775,0.5884299551202505,-0.11430104770609308,0.9767087797001084,0.2635603000577034,-0.13799490622829358,-0.17588978185993112,0.5884299551202505,-0.11430104770609308,0.9767087797001084,Medical Devices,Healthcare,SWAV
2019Q3,2019,Q3,2019-11-08,2019-09-30,-12957000.0,11333000.0,-13065000.0,-0.46,6932000.0,0.6116650489720286,137889000.0,108250000.0,131075000.0,19391000.0,29639000.0,9227000.0,-163229000.0,840608622.53,817270622.53,3.8542579901794576,6.759579186220411,0.11686211372915896,0.14885912240184757,-0.1033665439920711,3.8542579901794576,-0.11969515011547344,74.17353062119474,-16.219198551555145,7.765437621524249,0.0,0.47696976265308333,0.0,0.08218929718831813,6.170336754164303,-0.09396688640863303,-71.84689081452991,0.6116650489720286,-0.21052631578947373,0.11484690387346064,1.188863949792396,0.0,0.17911209389351931,-0.2214366515837104,-0.1610237270061317,0.11484690387346064,1.188863949792396,0.0,Medical Devices,Healthcare,SWAV
2019Q2,2019,Q2,2019-08-06,2019-06-30,-10608000.0,10012000.0,-11253000.0,-0.38,5879000.0,0.5871953655613265,146807000.0,119413000.0,140623000.0,15400000.0,27394000.0,8291000.0,-150272000.0,1546599449.01,1520743449.01,4.264310319146737,9.131363636363636,0.10944982187497872,0.13455821392980663,-0.08167083453858746,4.264310319146737,-0.08883454900220245,154.47457541050738,-36.448893500424205,12.951684062957968,0.0,0.4984923410927512,0.0,0.06819838291089662,8.466168831168831,-0.07225813483008303,-137.00057126494818,0.5871953655613265,0.7226277372262774,0.2680659662064695,2.0636363377332487,0.0,0.4007624493685966,0.17118524884756622,0.07451270663705897,0.2680659662064695,2.0636363377332487,0.0,Medical Devices,Healthcare,SWAV
2019Q1,2019,Q1,2019-05-09,2019-03-31,-12799000.0,7269000.0,-12159000.0,-1.37,4197000.0,0.577383408997111,157539000.0,129186000.0,151525000.0,14616000.0,28353000.0,7014000.0,-139664000.0,314000235.15000004,191967235.15000004,13.794915083202925,10.367063492063492,0.10175892953490881,0.12409239391265307,-0.08219480853747901,13.794915083202925,-0.09907420308702182,43.197170883202645,-6.13329625654348,2.4306057556546374,0.0,0.43798118049615054,0.0,0.046140955572905755,9.715585659551177,-0.08124337465643428,-21.166176956521742,0.577383408997111,-0.14316230401441885,-1.7819121368671655,10.465956716773919,0.0,1.3873720136518772,-0.14042591107547,-0.0926491732566499,-1.7819121368671655,10.465956716773919,0.0,Medical Devices,Healthcare,SWAV
2018Q4,2018,Q4,2018-12-31,2018-12-31,-11223000.0,5062000.0,-11128000.0,-1.19843,1758000.0,0.3472935598577637,53421000.0,30531000.0,48736000.0,9371000.0,22890000.0,5131000.0,-126865000.0,285625027.5,261032027.5,3.260202749564724,5.200725642940988,0.281724415492035,0.4929416003406374,-0.24437633198697378,3.260202749564724,-0.3675935933968753,56.42533139075464,-6.362492816091954,9.355246388916184,0.0,0.6439290586630286,0.0,0.09475674360270306,4.534521395795539,-0.2100859212669175,-26.78153094233474,0.3472935598577637,-1.299397727905018,0.0,0.0,0.0,0.08051628764597418,-0.10267243073295343,-0.10440651052004764,0.0,0.0,0.0,Medical Devices,Healthcare,SWAV
2018Q3,2018,Q3,2018-09-30,2018-09-30,-10178000.0,3600000.0,-10076000.0,-0.521193,1627000.0,0.4519444444444444,,,,,,,,595611869.0,,,0.0,0.0,0.0,0.0,,0.0,165.4477413888889,-14.629884775987424,0.0,0.0,0.0,0.0,0.0,0.0,0.0,-58.42768971944281,0.4519444444444444,-0.00702336742935102,0.0,0.0,0.0,0.47909090909090907,-0.007024834273275948,0.011575436531292917,0.0,0.0,0.0,Medical Devices,Healthcare,SWAV
2018Q2,2018,Q2,2018-06-30,2018-06-30,-10107000.0,2279000.0,-10194000.0,-0.517558,1100000.0,0.4826678367705134,,,,,,,,595611869.0,,,0.0,0.0,0.0,0.0,,0.0,261.3479021500658,-14.73265729197586,0.0,0.0,0.0,0.0,0.0,0.0,0.0,-54.66836796695732,0.4826678367705134,-0.053471690739443994,0.0,0.0,0.0,1.0833333333333333,-0.05347091932457786,-0.03999183840032646,0.0,0.0,0.0,Medical Devices,Healthcare,SWAV
2018Q1,2018,Q1,2018-03-31,2018-03-31,-9594000.0,1322000.0,-9802000.0,-0.491288,528000.0,0.39939485627836613,,,,,,,,595611869.0,,,0.0,0.0,0.0,0.0,,0.0,450.5384788199697,-15.520426021471755,0.0,0.0,0.0,0.0,0.0,0.0,0.0,-50.94182937050975,0.39939485627836613,0.0,0.0,0.0,0.0,0.0,0.0,0.0,0.0,0.0,0.0,Medical Devices,Healthcare,SWAV
