Quarters,Year,Quarter,FillingDate,Date,NetIncome,Revenue,OperatingIncome,EPSDiluted,GrossProfit,GrossProfitRatio,TotalAssets,CommonStockEquity,CurrentAssets,CurrentLiability,TotalLiability,Inventory,RetainedEarnings,MarketCap,EnterpriseValue,bookValuePerShare,currentRatio,debtToAssets,debtToEquity,roic,shareholdersEquityPerShare,roe,priceToSalesRatio,peRatio,pbRatio,payoutRatio,inventoryTurnover,dividendYield,assetTurnover,quickRatio,returnOnAssets,priceToFreeCashFlowsRatio,grossProfitMargin,epsdilutedGrowth,fiveYNetIncomeGrowthPerShare,fiveYRevenueGrowthPerShare,fiveYShareholdersEquityGrowthPerShare,grossProfitGrowth,netIncomeGrowth,operatingIncomeGrowth,threeYNetIncomeGrowthPerShare,threeYRevenueGrowthPerShare,threeYShareholdersEquityGrowthPerShare,Industry,Sector,Symbol
2023Q2,2023,Q2,2023-05-10,2023-03-31,14189000.0,46352000.0,62550000.0,0.11,46352000.0,1.0,10085770000.0,1072034000.0,8018774000.0,0.0,2696604000.0,0.0,50167000.0,896101007.5200001,3532498007.52,8.051312027834065,0.0,0.2673671915976668,2.5154090262062585,0.013441897456838573,8.051312027834065,0.013235587677256504,19.332520873317225,15.788656838395942,0.8358886075628199,0.7977306364084854,0.0,0.01263138854326907,0.0045957819779749096,0.0,0.001406833588313039,100.0447702936251,1.0,-0.0833333333333333,-0.3859756144357676,-0.13353522658404127,-0.2069378775990239,-0.08339101030275466,-0.12629310344827585,-0.00218546110038764,2.4383619240793584,-0.08795372754705082,-0.13741878497922935,Banks—Regional,Financial Services,CFFN
2023Q1,2023,Q1,2023-02-08,2022-12-31,16240000.0,50569000.0,62687000.0,0.12,50569000.0,1.0,9929760000.0,1054795000.0,1578496000.0,0.0,8874965000.0,0.0,47297000.0,1164644061.8,3760153061.8,7.834133233718258,0.0,0.26639062776945266,2.5077811328267576,0.013933551746600761,7.834133233718258,0.01539635663801971,23.030790836283096,17.928633956280787,1.104142569693637,3.0301108374384236,0.0,0.04225239419840057,0.005092670920545914,0.0,0.0016354876653614991,86.21883785904649,1.0,-0.14285714285714296,-0.49090085424201124,-0.05357034269404496,-0.2205780729375381,-0.07962652882935352,-0.16683767699569055,0.07403282733098036,-0.26112544197195664,-0.031741666950458,-0.17318779553649352,Banks—Regional,Financial Services,CFFN
2022Q4,2022,Q4,2022-11-23,2022-09-30,19492000.0,54944000.0,58366000.0,0.14,54944000.0,1.0,9624897000.0,1096499000.0,1613767000.0,33884000.0,8528398000.0,0.0,80266000.0,1126915900.0,3209875900.0,8.075972395100646,47.626224766851614,0.22152486411023412,1.9445106653084043,0.014194601325306682,8.075972395100646,0.01777657799961514,20.510263177052998,14.453569413092552,1.0277400161787655,0.5917299404884055,0.0,0.010235013988177822,0.005708528621137452,47.626224766851614,0.0020251645290334016,34.31325436940503,1.0,-0.12499999999999993,-0.06404315846877576,0.00307630000348762,-0.20725850720444053,-0.008803579160051955,-0.07847957639939486,0.2633333333333333,-0.11717835521309962,0.01254119094467957,-0.16721121476311657,Banks—Regional,Financial Services,CFFN
2022Q3,2022,Q3,2022-08-08,2022-06-30,21152000.0,55432000.0,46200000.0,0.16,55432000.0,1.0,9476053000.0,1131740000.0,7292978000.0,6728000.0,8344313000.0,0.0,72308000.0,1245952360.44,3061060360.44,8.338499552527884,1083.9741379310344,0.19732867682356778,1.6522319614045629,0.0121619466935852,8.338499552527884,0.01868980507890505,22.477131628662146,14.726176726077913,1.100917490271617,1.8285268532526475,0.0,0.031042117843367197,0.005849692904841288,260.2470273483948,0.002232152986058647,49.982042700577665,1.0,0.0,-0.020928540331576644,0.024499896387994245,-0.17624292377536105,0.06953770162846337,-0.021782361374462378,0.02973298265947488,-0.06262659988419234,-0.007532133869125953,-0.13466729998747237,Banks—Regional,Financial Services,CFFN
2022Q2,2022,Q2,2022-05-09,2022-03-31,21623000.0,51828000.0,44866000.0,0.16,51828000.0,1.0,9531296000.0,1174752000.0,1947288000.0,0.0,8356544000.0,0.0,89833000.0,1476162735.3600001,2893040735.36,8.658463903631162,0.0,0.16616281773223704,1.3481543338508895,0.012675810568253431,8.658463903631162,0.018406438124812727,28.481954452419544,17.067043603570273,1.2565739282503883,0.5334597419414512,0.0,0.00781417910348949,0.005437665559856708,0.0,0.0022686316740136913,96.918307094741,1.0,0.0,-0.010222496315229219,-0.04094117077432586,-0.16022824593562338,0.027864268290264362,-0.02537636347246011,0.003332066104613458,-0.10666021925400535,-0.07976150198082636,-0.12114965980195008,Banks—Regional,Financial Services,CFFN
2022Q1,2022,Q1,2022-02-09,2021-12-31,22186000.0,50423000.0,44717000.0,0.16,50423000.0,1.0,9609157000.0,1216660000.0,2026128000.0,0.0,8392497000.0,0.0,79745000.0,1536653910.0,2984481910.0,8.970632691130822,0.0,0.1647702290637982,1.3013520622030805,0.012715701622003419,8.970632691130822,0.01823516841188171,30.475257521369215,17.315580884341475,1.2630101343021058,1.8653655458397187,0.0,0.026931893857609097,0.005247390587956883,0.0,0.0023088393706128434,81.98548311369578,1.0,0.14285714285714277,0.06279614095533927,-0.028965538772516515,-0.12339952314828796,0.004262184070584955,0.19581738802350024,0.0,-0.07719654048112222,-0.10266421208503063,-0.08321059411186285,Banks—Regional,Financial Services,CFFN
2021Q4,2021,Q4,2021-11-24,2021-09-30,18553000.0,50209000.0,0.0,0.14,50209000.0,1.0,9631246000.0,1242273000.0,0.0,0.0,8388973000.0,0.0,98944000.0,1557710790.0,3098298790.0,9.163265005052702,0.0,0.16434529862491312,1.2741563247369943,0.0,9.163265005052702,0.01493472046804527,31.024533251010777,20.99001226216784,1.2539198630252772,0.6208160405325285,0.0,0.007394183871577342,0.005213136493450588,0.0,0.0019263343496781205,71.49397787773086,1.0,0.07692307692307698,-0.11867318898299685,-0.030126686908442404,-0.12314380677611807,0.06569172645073651,0.02012426458459339,0.0,-0.1330475049285128,-0.07808487959641015,-0.10778936203249179,Banks—Regional,Financial Services,CFFN
2021Q3,2021,Q3,2021-08-09,2021-06-30,18187000.0,47114000.0,0.0,0.13,47114000.0,1.0,9649665000.0,1237624000.0,0.0,0.0,8412041000.0,0.0,91909000.0,1596247356.82,3083342356.8199997,9.133428260795558,0.0,0.16398496735378898,1.2785789545128408,0.0,9.133428260795558,0.01469509317854211,33.88053140934754,21.9421476441964,1.2897676166751777,3.6139000384890307,0.0,0.04117532268365821,0.004882449287099604,0.0,0.0018847286408388271,98.61292128374622,1.0,-0.13333333333333328,-0.1307240633753046,-0.09592828468295315,-0.11959444021734998,-0.1416025944685348,-0.11039913911171982,0.0,-0.19318725787354532,-0.12468859692516134,-0.08426208543968665,Banks—Regional,Financial Services,CFFN
2021Q2,2021,Q2,2021-05-10,2021-03-31,20444000.0,54886000.0,0.0,0.15,54886000.0,1.0,9698019000.0,1278595000.0,0.0,0.0,8419424000.0,0.0,139448000.0,1794046879.11,3236529879.1099997,9.439547523641744,0.0,0.16312145810396947,1.2372604303943,0.0,9.439547523641744,0.015989425893265654,32.686784956273,21.938550174990215,1.4031392889147853,0.5633926824496185,0.0,0.006420122090518565,0.005659506338356318,0.0,0.002108059388211139,180.54210316091374,1.0,0.07142857142857129,-0.06777307686486676,0.02725960315043931,-0.10568949163049374,0.1406779308768211,0.08180759868769182,0.0,-0.13031940538988024,0.008565460716925146,-0.0701953212440462,Banks—Regional,Financial Services,CFFN
2021Q1,2021,Q1,2021-02-09,2020-12-31,18898000.0,48117000.0,0.0,0.14,48117000.0,1.0,9606964000.0,1276548000.0,0.0,0.0,8330416000.0,0.0,130522000.0,1692471137.5,3258714137.5,9.428137146001996,0.0,0.18052269166408869,1.3585662270435581,0.0,9.428137146001996,0.014803987002447224,35.17407854812229,22.3895536233993,1.3258186433255936,1.541327124563446,0.0,0.017210337804061962,0.0050085542112992204,0.0,0.001967114688886104,98.71514362787985,1.0,0.07692307692307698,-0.10519644980689866,-0.08347869914402191,-0.09962828019676742,-0.03503529600513396,0.033863996936375075,0.0,-0.4108877696120479,-0.10449427128807989,-0.0619898074597473,Banks—Regional,Financial Services,CFFN
2020Q4,2020,Q4,2020-11-25,2020-09-30,18279000.0,49864000.0,0.0,0.13,49864000.0,1.0,9487218000.0,1284859000.0,0.0,0.0,8202359000.0,0.0,143162000.0,1275832424.125,2879997424.125,9.3305503214219,0.0,0.1886024965379735,1.392614286859492,0.0,9.3305503214219,0.014226463759836683,25.58624306363308,17.449428635661143,0.9929746564603588,0.6418294217407955,0.0,0.009195565011640238,0.005255913798966146,0.0,0.0019266975840546722,69.07219014265605,1.0,-0.07142857142857148,-0.056541152165404854,-0.049803986766415544,-0.12036067623791465,-0.0032980871094765037,-0.06136386977508473,0.0,-0.13459967099687242,-0.10243478675403639,-0.0841085099677457,Banks—Regional,Financial Services,CFFN
2020Q3,2020,Q3,2020-08-07,2020-06-30,19474000.0,50029000.0,0.0,0.14,50029000.0,1.0,9558814000.0,1300520000.0,0.0,0.0,8258294000.0,0.0,138496000.0,1519578752.52,3112448752.52,9.42282535620775,0.0,0.20808951821847355,1.5294566788669148,0.0,9.42282535620775,0.014974010395841663,30.37395815467029,19.507789264147068,1.1684393569649065,0.6025469857245558,0.0,0.0077218768560305745,0.005233808294627346,0.0,0.002037282031013471,54.59041358384825,1.0,3.6666666666666674,-0.022886219452561814,-0.020418994368226254,-0.10346400572086217,-0.04998006114581949,3.5542563143124415,0.0,-0.11357707113874625,-0.09072331545165434,-0.06912280605064734,Banks—Regional,Financial Services,CFFN
2020Q2,2020,Q2,2020-05-08,2020-03-31,4276000.0,52661000.0,0.0,0.03,52661000.0,1.0,9371193000.0,1287793000.0,0.0,0.0,8083400000.0,0.0,130756000.0,1601812276.47,3599307276.4700003,9.333975616012218,0.0,0.22578437985430458,1.6430194914865976,0.0,9.333975616012218,0.003320409413624705,30.41742990961053,93.65132579922825,1.2438429751287667,2.7439195509822265,0.0,0.007324828366190727,0.00561945528173414,0.0,0.00045629195770485146,178.9534439135292,1.0,-0.8125,-0.7805217972280515,0.05168737153294967,-0.13902600105164295,-0.015498223967096653,-0.810048420772067,0.0,-0.8075201501913299,-0.04171245446034872,-0.09471135264934803,Banks—Regional,Financial Services,CFFN
2020Q1,2020,Q1,2020-02-07,2019-12-31,22511000.0,53490000.0,0.0,0.16,53490000.0,1.0,9236572000.0,1306594000.0,0.0,0.0,7929978000.0,0.0,138213000.0,1893333512.53,4012621512.5299997,9.475105944767217,0.0,0.23709997605172134,1.6761067324662442,0.0,9.475105944767217,0.01722876425270589,35.39602752907086,21.026759279130204,1.4490603144741214,2.6059704144640397,0.0,0.030983975940726122,0.0057911095155215595,0.0,0.002437159586911681,82.57735138389742,1.0,0.0,0.08516901611520628,0.04794297746772567,-0.12038911860739536,-0.028761302974180194,0.0045517426034182695,0.0,0.06060902605328919,0.01313689293519574,-0.07410294508932694,Banks—Regional,Financial Services,CFFN
2019Q4,2019,Q4,2019-11-27,2019-09-30,22409000.0,55074000.0,0.0,0.16,55074000.0,1.0,9340018000.0,1336326000.0,0.0,0.0,8003692000.0,0.0,174277000.0,1898898179.62,3918517179.62,9.697503782791056,0.0,0.23982705386649147,1.6762294529927577,0.0,9.697503782791056,0.016769111728724875,34.4790314780114,21.184548391494488,1.4209842355981996,0.5226917756258647,0.0,0.006168313881023342,0.005896562511978029,0.0,0.0023992459115175155,84.26439669935655,1.0,-0.058823529411764754,0.1027371911802439,0.03875456176165042,-0.10976883184590808,-0.02823164061121502,-0.021312835742673713,0.0,0.0472723875189314,0.04663293531337465,-0.07202113590913725,Banks—Regional,Financial Services,CFFN
2019Q3,2019,Q3,2019-08-09,2019-06-30,22897000.0,56674000.0,0.0,0.17,56674000.0,1.0,9286275000.0,1327099000.0,0.0,0.0,7959176000.0,0.0,163581000.0,1872998528.0,4069934528.0,9.636177567780768,0.0,0.24121480356763073,1.687882365972697,0.0,9.636177567780768,0.017253422691148136,33.04863831739422,20.450261256933224,1.411348006441117,2.0157225837445956,0.0,0.024641770567371213,0.006102985319732616,0.0,0.002465681879978786,97.93456355555556,1.0,-0.055555555555555455,0.15090909633088412,0.1274389136129147,-0.11069289731410607,-0.008033885845308316,-0.06748391300806386,0.0,0.07679132469924715,0.07002307517626234,-0.07113254043470482,Banks—Regional,Financial Services,CFFN
2019Q2,2019,Q2,2019-05-10,2019-03-31,24554000.0,57133000.0,0.0,0.18,57133000.0,1.0,9534551000.0,1355983000.0,0.0,0.0,8178568000.0,0.0,186838000.0,1856693721.8,3978627721.8,9.85203453602802,0.0,0.24542162499314335,1.7256742894269324,0.0,9.85203453602802,0.01810789663292239,32.49774599268374,18.904187930683392,1.3692603239126153,0.4765007738046754,0.0,0.006301523973839507,0.005992206659757759,0.0,0.002575265473958868,120.28334554288675,1.0,0.0,0.2639572785537436,0.15364695678926654,-0.10179981731226227,0.002526803418203513,0.007013082885617028,0.0,0.10187296076484023,0.05234747396366445,-0.06661013228418135,Banks—Regional,Financial Services,CFFN
2019Q1,2019,Q1,2019-02-08,2018-12-31,24383000.0,56989000.0,0.0,0.18,56989000.0,1.0,9303782000.0,1345913000.0,0.0,0.0,7957869000.0,0.0,173984000.0,1756525248.3999999,3849795248.3999996,9.784834590710117,0.0,0.23377407166247016,1.615990780979157,0.0,9.784834590710117,0.01811632698398782,30.82218056817982,18.009732686707952,1.305080824986459,2.6806381495304104,0.0,0.03721096526197819,0.00612535848324907,0.0,0.0026207621803692304,144.93978450367192,1.0,0.12499999999999993,0.4218835244370607,0.22415569322725787,-0.10920071964828265,0.04695680928848309,0.13997849361821496,0.0,0.13644062742043886,0.06852039448001752,-0.06556425601385045,Banks—Regional,Financial Services,CFFN
2018Q4,2018,Q4,2018-11-29,2018-09-30,21389000.0,54433000.0,0.0,0.16,54433000.0,1.0,9449547000.0,1391622000.0,0.0,0.0,8057925000.0,0.0,214569000.0,1711361615.16,3747287615.16,10.27029337593081,0.0,0.23016775301503872,1.5629107616867224,0.0,10.27029337593081,0.015369834624632263,31.439781293700513,20.00282405862827,1.229760391226928,0.5343868343541073,0.0,0.006678892350247891,0.005760381952701013,0.0,0.0022634947474201674,58.205619181008096,1.0,-0.058823529411764754,0.4035124262904405,0.19008402940753158,-0.10106523192895285,0.018962935230250843,-0.04393885213659932,0.0,0.1219429775442199,0.0541396179161807,-0.03176622934012836,Banks—Regional,Financial Services,CFFN
2018Q3,2018,Q3,2018-08-09,2018-06-30,22372000.0,53420000.0,0.0,0.17,53420000.0,1.0,9048737000.0,1341325000.0,0.0,0.0,7707412000.0,0.0,204610000.0,1769812598.4,3762550598.4,9.973845262463469,0.0,0.24034470224960677,1.6213937710845618,0.0,9.973845262463469,0.016679030063556557,33.13014972669412,19.77709411764706,1.3194509894320914,2.01336492043626,0.0,0.025450717234537228,0.005903586323704623,0.0,0.0024723892406199894,86.52224876069421,1.0,0.0,0.32438482303451666,0.16281340140666892,-0.12042069137224111,-0.01090558980910589,-0.0410630090012859,0.0,0.15201804997334434,0.07346259860007287,-0.05103714213720101,Banks—Regional,Financial Services,CFFN
2018Q2,2018,Q2,2018-05-10,2018-03-31,23330000.0,54009000.0,0.0,0.17,54009000.0,1.0,9116461000.0,1364740000.0,0.0,0.0,7751721000.0,0.0,227281000.0,1660188603.45,3694086603.45,10.152183291088113,0.0,0.23852216337019377,1.5933276668083298,0.0,10.152183291088113,0.017094831249908408,30.73911021218686,17.790276505036434,1.2164870989712326,0.48979854264894984,0.0,0.006882952922489537,0.005924338402807844,0.0,0.002559107092105149,78.06407125828748,1.0,-0.2916666666666666,0.42427079990916855,0.19496153926486803,-0.10168325447635215,0.012827004219409282,-0.26718180675964315,0.0,0.22901551358255295,0.10701274468546108,-0.06355381610487129,Banks—Regional,Financial Services,CFFN
2018Q1,2018,Q1,2018-02-08,2017-12-31,31836000.0,53325000.0,0.0,0.24,53325000.0,1.0,8990159000.0,1350611000.0,0.0,0.0,7639548000.0,0.0,216045000.0,1801941661.8,3946967661.8,10.051209700045352,0.0,0.24183621224051766,1.609749957611777,0.0,10.051209700045352,0.023571553911525968,33.79168610970464,14.150188951187335,1.3341677668847656,1.5834903882397287,0.0,0.027976488400652394,0.005931485750140793,0.0,0.0035412054447535356,43.65380255341829,1.0,0.6,0.9949188674636408,0.17673730659112713,-0.10991394414125642,-0.01590787458246443,0.5452868653528784,0.0,0.5749462238324091,0.07211298025274733,-0.06690716970806414,Banks—Regional,Financial Services,CFFN
2017Q4,2017,Q4,2017-11-29,2017-09-30,20602000.0,54187000.0,0.0,0.15,54187000.0,1.0,9192916000.0,1368313000.0,0.0,0.0,7824603000.0,0.0,234640000.0,1974420048.3,3796569048.3,10.187397113050272,0.0,0.23646555673955902,1.5886774444151301,0.0,10.187397113050272,0.01505649657644121,36.43715371399044,23.959082228667118,1.4429593582023996,0.5538782642461897,0.0,0.005779418624636137,0.00589443001545973,0.0,0.0022410734526454937,76.77489786133685,1.0,-0.06250000000000006,0.30655883880189994,0.17931837482209634,-0.1480132240872664,0.012462630792227205,-0.03593823116518484,0.0,0.04013370882865879,0.048556107906949114,-0.06479660791736633,Banks—Regional,Financial Services,CFFN
2017Q3,2017,Q3,2017-08-09,2017-06-30,21370000.0,53520000.0,0.0,0.16,53520000.0,1.0,9103280000.0,1358986000.0,0.0,0.0,7744294000.0,0.0,225449000.0,1907744934.9,3950967934.9,10.122522516885756,0.0,0.23875701944793526,1.599333620802569,0.0,10.122522516885756,0.01572495963902498,35.64545842488789,22.318026847215723,1.4038002855805727,2.1042583060365,0.0,0.023571285226532197,0.005879199585204453,0.0,0.002347505514495874,118.4566864265756,1.0,0.0,0.3380082274974493,0.19715003158001917,-0.1331289045654588,0.002265960036704807,-0.01005234631954417,0.0,0.10189257607126481,0.09218839038570044,-0.0658089156157403,Banks—Regional,Financial Services,CFFN
2017Q2,2017,Q2,2017-05-10,2017-03-31,21587000.0,53399000.0,0.0,0.16,53399000.0,1.0,9246390000.0,1382289000.0,0.0,0.0,7864101000.0,0.0,249047000.0,1961388345.0700002,3993914345.07,10.310496705474339,0.0,0.2458378891653932,1.6444556818436666,0.0,10.310496705474339,0.015616850021956334,36.73080666435701,22.714925013549824,1.4189423087863682,0.5274470746282485,0.0,0.005805071712911419,0.0057751187220093465,0.0,0.0023346408706533036,205.98491336588953,1.0,0.06666666666666674,0.34817536542882827,0.20090694476028237,-0.12812831300432834,0.04319371727748691,0.049032947808339,0.0,0.1408051949977644,0.10695017908055264,-0.060002277642032954,Banks—Regional,Financial Services,CFFN
2017Q1,2017,Q1,2017-02-09,2016-12-31,20578000.0,51188000.0,0.0,0.15,51188000.0,1.0,9139510000.0,1368175000.0,0.0,0.0,7771335000.0,0.0,238846000.0,2200645608.04,4322839608.04,10.23343350593262,0.0,0.2486735065665446,1.6611573811829627,0.0,10.23343350593262,0.01504047362362271,42.99143564976166,26.735416561862184,1.6084533104610157,2.4394013023617456,0.0,0.022810578775884195,0.005600737895138799,0.0,0.0022515430258296123,88.12099499619589,1.0,-0.06250000000000006,0.32643745034475086,0.20317558558206864,-0.1420199989172986,0.005658153241650294,-0.005797661609817374,0.0,0.2345914562730353,0.13124585931182234,-0.06836082734942209,Banks—Regional,Financial Services,CFFN
2016Q4,2016,Q4,2016-11-29,2016-09-30,20698000.0,50900000.0,0.0,0.16,50900000.0,1.0,9267247000.0,1392964000.0,0.0,0.0,7874283000.0,0.0,268466000.0,1875478617.39,3966103617.3900003,10.450134327457622,0.0,0.25599716938590283,1.7031229809241302,0.0,10.450134327457622,0.014858962614970666,36.846338259135564,22.65289662515702,1.3463941762960134,0.5472026282732632,0.0,0.006038991804535617,0.005492461785037131,0.0,0.00223345725003337,96.95903517499872,1.0,0.06666666666666674,0.49964498105952404,0.22927194209374738,-0.12756485440247486,-0.005645744202856082,0.007152936596759282,0.0,0.38062133663247794,0.13123688058221733,-0.08532417389556644,Banks—Regional,Financial Services,CFFN
2016Q3,2016,Q3,2016-06-30,2016-06-30,20551000.0,51189000.0,0.0,0.15,51189000.0,1.0,9241775000.0,1380815000.0,0.0,0.0,7860960000.0,0.0,259094000.0,1856772342.0,4175967342.0,10.374114701241064,0.0,0.2674838978442994,1.7902658936932174,0.0,10.374114701241064,0.014883239246387098,36.272877805778585,22.587372171670477,1.344693055912631,2.169480803853827,0.0,0.02401209830170984,0.0055388710502041,0.0,0.002223707025977153,119.72996788754192,1.0,-0.06250000000000006,0.4460592937330896,0.23323530551428373,-0.13294763570860318,-0.023986119320456842,-0.045338412226506246,0.0,0.22921906115580118,0.12582200355926262,-0.08512149562976977,Banks—Regional,Financial Services,CFFN
2016Q2,2016,Q2,2016-05-10,2016-03-31,21527000.0,52447000.0,0.0,0.16,52447000.0,1.0,9316684000.0,1403408000.0,0.0,0.0,7913276000.0,0.0,283128000.0,1763049997.8,4030894997.8,10.555111938527691,0.0,0.26529353147536183,1.7611813528211326,0.0,10.555111938527691,0.015339088846579184,33.615840711575494,20.474868743903006,1.2562633231391014,0.5251544571932921,0.0,0.006412183440121836,0.005629363408697773,0.0,0.0023105860411279378,129.24638939960414,1.0,0.0,0.6722789382663996,0.36412648733753095,-0.11511604530799294,0.018368575367468592,0.03904817067284487,0.0,0.3287115458810703,0.17321554521518542,-0.06603008107828076,Banks—Regional,Financial Services,CFFN
2016Q1,2016,Q1,2016-02-09,2015-12-31,20718000.0,51501000.0,0.0,0.16,51501000.0,1.0,9133422000.0,1390833000.0,0.0,0.0,7742589000.0,0.0,272906000.0,1668247874.48,3907165874.48,10.47138302840345,0.0,0.27057459953126,1.7768287062501393,0.0,10.47138302840345,0.014896109022434757,32.3925336300266,20.1304164793899,1.199459514176037,2.1503523506129936,0.0,0.026705264056689857,0.0056387408793768645,0.0,0.0022683721391609847,77.19795809717724,1.0,0.14285714285714277,3.2936157617452397,0.3856783758118656,-0.14142437345961711,0.012185295100332148,0.10290125099813681,0.0,0.31339566455776174,0.14975505561870117,-0.07270544568423856,Banks—Regional,Financial Services,CFFN
2015Q4,2015,Q4,2015-11-25,2015-09-30,18785000.0,50881000.0,0.0,0.14,50881000.0,1.0,9844161000.0,1416226000.0,0.0,0.0,8427935000.0,0.0,296739000.0,1618201351.56,4116090351.56,10.607245571419586,0.0,0.3322295318006278,2.30932139361938,0.0,10.607245571419586,0.01326412592340488,31.803646775024074,21.535817827521957,1.142615198111036,0.6060686718126165,0.0,0.0070355892293777166,0.005168647688716184,0.0,0.0019082377868464362,81.80997732861476,1.0,0.0,0.5077944274941314,0.3107076503568557,0.8253878070685109,0.012940216201150684,-0.04167942046729926,0.0,0.1984586837637453,0.11399662158113673,-0.11290068940853328,Banks—Regional,Financial Services,CFFN
2015Q3,2015,Q3,2015-08-04,2015-06-30,19602000.0,50231000.0,0.0,0.14,50231000.0,1.0,9131181000.0,1426723000.0,0.0,0.0,7704458000.0,0.0,294997000.0,1634378866.12,4160608866.12,10.510258836606107,0.0,0.2817705617707063,1.8033619700530517,0.0,10.510258836606107,0.013739177121277221,32.53725520336047,20.84454221661055,1.1455474301038113,2.321650851953882,0.0,0.027844828970432015,0.005501040883977659,0.0,0.002146710266722344,103.86900960406736,1.0,0.0,0.4292808926593556,0.26185286578362843,0.8159664412394945,0.016122506776712384,0.019132785692003742,0.0,0.21382094436765778,0.1112308276332703,-0.09992399860895944,Banks—Regional,Financial Services,CFFN
2015Q2,2015,Q2,2015-05-05,2015-03-31,19234000.0,49434000.0,0.0,0.14,49434000.0,1.0,10023099000.0,1476656000.0,0.0,0.0,8546443000.0,0.0,328055000.0,1702600362.5,4053420362.5,10.841181763227775,0.0,0.3364199036645253,2.2835176236036014,0.0,10.841181763227775,0.013025376255539543,34.44188943844318,22.130086857907873,1.1530108315680836,0.6026827492981179,0.0,0.006808409216464031,0.00493200755574698,0.0,0.001918967377255278,133.96808265795892,1.0,-0.06666666666666654,0.5969601685280064,0.2220902032539179,0.8991749843979356,-0.018640938598058484,-0.06047284095349746,0.0,0.1823342298967281,0.0942550035933347,-0.08325275658993952,Banks—Regional,Financial Services,CFFN
2015Q1,2015,Q1,2014-12-31,2014-12-31,20472000.0,50373000.0,0.0,0.15,50373000.0,1.0,9056356000.0,1465929000.0,0.0,0.0,7590427000.0,0.0,320413000.0,1739203131.9599998,4101507131.96,10.771928980421636,0.0,0.28388305406722086,1.75379980885841,0.0,10.771928980421636,0.013965205681857716,34.52649498659996,21.238803389507616,1.186417031084043,2.2311449785072295,0.0,0.02626260220019573,0.005562170921726134,0.0,0.0022605118438365278,65.97136638318855,1.0,0.0,0.18944835538127622,0.058943907383177764,0.8969386957524272,-0.044681294923097345,0.012963879267689262,0.0,0.29641697416598467,0.1632136486831352,-0.09687206811604109,Banks—Regional,Financial Services,CFFN
2014Q4,2014,Q4,2014-11-26,2014-09-30,20210000.0,52729000.0,0.0,0.15,52729000.0,1.0,9865028000.0,1492882000.0,0.0,0.0,8372146000.0,0.0,346705000.0,1619891012.94,4178728012.94,10.89324226077029,0.0,0.34157804721892326,2.257162320933604,0.0,10.89324226077029,0.013537573632745254,30.721064555368017,20.038236181840674,1.085076391128033,0.5105393369619,0.0,0.006369564321042489,0.005345043115944526,0.0,0.0020486510529924497,70.56811208625572,1.0,0.07142857142857129,0.45069869510120525,0.2648810443364699,0.9169013260951147,0.0443247311402032,0.011359655707351249,0.0,0.42421675110464646,0.2385952836346438,-0.09057174769194075,Banks—Regional,Financial Services,CFFN
2014Q3,2014,Q3,2014-08-01,2014-06-30,19983000.0,50491000.0,0.0,0.14,50491000.0,1.0,9031039000.0,1498907000.0,0.0,0.0,7532132000.0,0.0,341836000.0,1682113240.96,4062109240.96,10.835601715849892,0.0,0.2733262474007697,1.6468133112995003,0.0,10.835601715849892,0.013331714375875221,33.31511043473094,21.044303169694242,1.1222265563907567,2.255016764249612,0.0,0.02678892175789701,0.005590829582288372,0.0,0.0022127022151050392,76.77026338186299,1.0,0.0,0.546144373413324,0.11643002706582448,0.9453301151359341,0.005977167221214959,0.014983746444534742,0.0,0.35293404792488225,0.17043169087863164,-0.0943772691154428,Banks—Regional,Financial Services,CFFN
2014Q2,2014,Q2,2014-05-05,2014-03-31,19688000.0,50191000.0,0.0,0.14,50191000.0,1.0,9115417000.0,1530005000.0,0.0,0.0,7585412000.0,0.0,369657000.0,1751982254.48,4104316254.48,10.968640093734107,0.0,0.2706589287138482,1.6125234884853317,0.0,10.968640093734107,0.01286793180414443,34.9063030120938,22.24682870885819,1.1450826987362788,0.5339800893945551,0.0,0.006000631554981319,0.005506166092017512,0.0,0.00215985730548586,102.44911142506287,1.0,0.16666666666666682,0.2883364724897754,0.12792906618408592,0.9810044277522015,0.03790479341577402,0.10526020322236569,0.0,0.4578332481622178,0.24434520861723436,-0.0804480634346917,Banks—Regional,Financial Services,CFFN
2014Q1,2014,Q1,2013-12-31,2013-12-31,17813000.0,48358000.0,0.0,0.12,48358000.0,1.0,9111054000.0,1569463000.0,0.0,0.0,7541591000.0,0.0,375554000.0,1730300741.47,4157253741.4700003,10.984331494797276,0.0,0.27610614534827693,1.602852695476096,0.0,10.984331494797276,0.011349741918095553,35.78106500413582,24.284241024392298,1.1024794732147236,4.05765452197833,0.0,0.04177250709526624,0.005307618635560715,0.0,0.0019550976209777703,76.5857009458682,1.0,0.09090909090909087,0.30074427965545414,0.16959245244745436,1.0243565120770495,0.002820289494421633,0.10866994460695836,0.0,2.8331727532823994,0.209507591997168,-0.09936640941394932,Banks—Regional,Financial Services,CFFN
2013Q4,2013,Q4,2013-11-29,2013-09-30,16067000.0,48222000.0,0.0,0.11,48222000.0,1.0,9186449000.0,1632126000.0,0.0,0.0,7554323000.0,0.0,432203000.0,1775702230.3899999,4175354230.39,11.42495956405048,0.0,0.2736136672614195,1.5400391881509148,0.0,11.42495956405048,0.009844215458855506,36.82348783522043,27.62964819801456,1.0879688396545364,0.6661480052281074,0.0,0.006027474548843296,0.00524925354726293,0.0,0.0017489891904913422,92.55680116705759,1.0,-0.15384615384615388,0.17828425729478745,0.17457403980011843,1.1650691788123013,-0.014650891926684239,-0.10714087246457349,0.0,0.20530416248504169,0.16098428985290844,0.9661071994656817,Banks—Regional,Financial Services,CFFN
2013Q3,2013,Q3,2013-08-05,2013-06-30,17995000.0,48939000.0,0.0,0.13,48939000.0,1.0,9239764000.0,1624502000.0,0.0,0.0,7615262000.0,0.0,426840000.0,1746370289.46,4226563289.46,11.339335935521007,0.0,0.2826349244417931,1.6075572698587013,0.0,11.339335935521007,0.011077240902134931,35.68463371666769,24.261882320922478,1.0750188608324274,0.5999444290080578,0.0,0.006181964996288537,0.005296563851630843,0.0,0.0019475605653997224,66.51065580454735,1.0,0.08333333333333341,0.4446377995811601,0.2810208006289721,1.1670257908566108,0.001207037643207856,0.01580581428168219,0.0,0.24326204754664307,0.16489185170761322,0.9592146915666788,Banks—Regional,Financial Services,CFFN
2013Q2,2013,Q2,2013-05-03,2013-03-31,17715000.0,48880000.0,0.0,0.12,48880000.0,1.0,9393718000.0,1643007000.0,0.0,0.0,7750711000.0,0.0,424765000.0,1741671627.9,4327562627.9,11.301340358706316,0.0,0.2804496579522613,1.6034411295873967,0.0,11.301340358706316,0.010782059966877804,35.63157994885434,24.579052044877223,1.060051252307507,0.6222410386677957,0.0,0.006328977186871243,0.005203477472923926,0.0,0.0018858347674477773,94.79000913791228,1.0,0.0,0.7141238975415839,0.42276370279769016,1.1451350735564292,-0.019890920757138275,0.008654557877355805,0.0,0.37803065387530005,0.1321447475117973,0.9797862786714798,Banks—Regional,Financial Services,CFFN
2013Q1,2013,Q1,2013-02-04,2012-12-31,17563000.0,49872000.0,0.0,0.12,49872000.0,1.0,9238786000.0,1669951000.0,0.0,0.0,7568835000.0,0.0,427942000.0,1728748844.83,4156084844.83,11.292402160314795,0.0,0.27411534372589647,1.5165073705755439,0.0,11.292402160314795,0.01051707505190272,34.66371600958453,24.60782390294938,1.0352093234052975,6.5081136480100215,0.0,0.06611833774572391,0.005398111829844311,0.0,0.0019010073401418757,90.33541541673198,1.0,0.09090909090909087,1.1522852246654445,0.650820845649252,1.1620580017596789,-0.035021864478928834,-0.009754172304916554,0.0,-0.06095569784591589,-0.03520734652840788,0.9885941194778446,Banks—Regional,Financial Services,CFFN
2012Q4,2012,Q4,2012-11-29,2012-09-30,17736000.0,51682000.0,0.0,0.11,51682000.0,1.0,9378304000.0,1806458000.0,0.0,0.0,7571846000.0,0.0,536150000.0,1812920388.0,7096859388.0,11.957224455903686,0.0,0.5785314700824371,3.003470880585101,0.0,11.957224455903686,0.009818108143117637,35.07837134785805,25.55424543301759,1.0035773807085469,0.642873252142535,0.0,0.006289299891750128,0.0055108045122017795,0.0,0.001891173500027297,70.32547375770976,1.0,-0.0833333333333333,2.0771165640900877,0.8513880381339471,1.2757346673205359,-0.011211448687533482,-0.0501794034166979,0.0,0.15488148663260803,0.1246316288549325,1.1041319808412964,Banks—Regional,Financial Services,CFFN
2012Q3,2012,Q3,2012-08-03,2012-06-30,18673000.0,52268000.0,0.0,0.12,52268000.0,1.0,9420614000.0,1832858000.0,0.0,0.0,7587756000.0,0.0,540253000.0,1864708845.1200001,7112566845.12,11.677079291485182,0.0,0.5754196064078201,2.957570089990605,0.0,11.677079291485182,0.010187914175566247,35.67591729394658,24.965308803084667,1.0173776938093404,0.6363733733197665,0.0,0.006372576625620762,0.005548258319468349,0.0,0.001982142565229825,86.86397005263893,1.0,0.0,1.6951184750175001,0.7333236207829416,1.2161229976999075,-0.025541593646295536,-0.0332384157390629,0.0,0.2732993501729024,0.01854561422845656,1.0964017133749537,Banks—Regional,Financial Services,CFFN
2012Q2,2012,Q2,2012-03-31,2012-03-31,19315000.0,53638000.0,0.0,0.12,53638000.0,1.0,9573144000.0,1912472000.0,0.0,0.0,7660672000.0,0.0,559014000.0,1921252798.0800002,7193615798.08,11.825704239809228,0.0,0.5657566625969483,2.8319734877164215,0.0,11.825704239809228,0.01009949426710561,35.81887464260413,24.867367306238677,1.0045913341894679,0.6287341444473208,0.0,0.006320875634969058,0.005602965963950819,0.0,0.0020176234683192897,101.28382086984027,1.0,0.0,1.3280027876943148,0.6018265792972054,1.2388150019886175,0.04098901525443466,0.02799510351801586,0.0,0.09017044696847303,0.03968195641658524,1.1357955279919094,Banks—Regional,Financial Services,CFFN
2012Q1,2012,Q1,2012-02-06,2011-12-31,18789000.0,51526000.0,0.0,0.12,51526000.0,1.0,9421040000.0,1931309000.0,0.0,0.0,7489731000.0,0.0,559577000.0,1868587184.82,7126020184.82,11.927356690154612,0.0,0.5761155880879394,2.8103260534694345,0.0,11.927356690154612,0.00972863482746676,36.26493779489966,24.86278121267763,0.9675236768533673,1.5082761190058012,0.0,0.015166003615041319,0.005469247556533037,0.0,0.0019943658025016347,68.18168228927972,1.0,0.15893570082309438,0.8610020404730246,0.5368121245898675,1.2613743482434339,0.024394123143601263,0.12066086126684958,0.0,0.21067734783970804,0.09967043444740324,1.1981512665578808,Banks—Regional,Financial Services,CFFN
2011Q4,2011,Q4,2011-11-29,2011-09-30,16766000.0,50299000.0,0.0,0.10354327674501192,50299000.0,1.0,9450799000.0,1939529000.0,0.0,0.0,7511270000.0,0.0,569127000.0,1709903004.48,4483295004.48,11.978121674935956,0.0,0.3062663802288039,1.4923530403515493,0.0,11.978121674935956,0.008644366750896738,33.99477135688582,25.49658541810808,0.8816073409987683,0.7220565430036979,0.0,0.0070799337554714485,0.005322195509607177,0.0,0.001774029899482573,79.63779071678077,1.0,0.03543276745011911,0.7151852587806081,0.4200205270504863,1.2781081434020634,-0.0021623551817171877,-0.02856480676748363,0.0,0.08476633255558924,0.08090116376788457,1.269895303618322,Banks—Regional,Financial Services,CFFN
2011Q3,2011,Q3,2011-08-04,2011-06-30,17259000.0,50408000.0,0.0,0.1,50408000.0,1.0,9602457000.0,1934011000.0,0.0,0.0,7668446000.0,0.0,564467000.0,1900905568.8,7211317568.8,11.964807580819372,0.0,0.5698837287165149,2.8294999356260124,0.0,11.964807580819372,0.008923940970346085,37.710394556419615,27.534989987832436,0.9828825010819483,0.7013731965930818,0.0,0.006368017537894647,0.005249489792039683,0.0,0.0017973524900970657,65.01267378501316,1.0,0.0,0.5504580969542728,0.39000306969887805,1.2840084951971817,0.07940042826552463,0.1037989255564083,0.0,0.22801072363157532,0.16944543990635536,1.286557762968415,Banks—Regional,Financial Services,CFFN
2011Q2,2011,Q2,2011-05-10,2011-03-31,15636000.0,46700000.0,0.0,0.1,46700000.0,1.0,9733111000.0,1926409000.0,0.0,0.0,7806702000.0,0.0,559313000.0,1820102689.6499999,4693572689.65,11.928244243282167,0.0,0.3077610026229024,1.5549512071424085,0.0,11.928244243282167,0.008116656431733864,38.9743616627409,29.101155820702225,0.9448163342519682,6.967446917370172,0.0,0.05985541399367384,0.004798054804882016,0.0,0.001606475052015743,170.10305510747662,1.0,2.4285714285714284,0.17183553630076354,0.19369900697422557,1.2761455781232947,0.008160269418418895,2.388879019364008,0.0,0.36195951621280176,0.22364642046361022,1.2641292342372399,Banks—Regional,Financial Services,CFFN
2011Q1,2011,Q1,2010-12-31,2010-12-31,-11258000.0,46322000.0,0.0,-0.07,46322000.0,1.0,9798294000.0,2018973000.0,0.0,0.0,7779321000.0,0.0,652620000.0,1971590796.99,3660464796.99,12.196226755932642,0.0,0.3080878161034972,1.4951834422748596,0.0,12.196226755932642,-0.005576102305479073,42.562730387073096,-43.7819949589181,0.9765315321155855,-1.506128974951146,0.0,0.008600161872274149,0.004727557674836048,0.0,-0.0011489755257394808,-235.38572074856734,1.0,-1.7501686560497187,-1.840107343582339,0.1589925188770059,1.3262309032575146,-0.03758492447694833,-1.7288146565676183,0.0,-2.2324654068545358,0.3697548048217973,1.3351054341306403,Banks—Regional,Financial Services,CFFN
2010Q4,2010,Q4,2010-11-29,2010-09-30,15447000.0,48131000.0,0.0,0.09331234974360307,48131000.0,1.0,8487130000.0,961950000.0,0.0,0.0,7525180000.0,0.0,801044000.0,1808533119.825,4760296119.825,5.810954543656307,0.0,0.3554770576154719,3.136316856385467,0.0,5.810954543656307,0.016058007172929985,37.575224280089756,29.26997345479705,1.880069774754405,0.679484689583738,0.0,0.0058035984439232325,0.005671057236073914,0.0,0.001820049887299947,60.18813630940495,1.0,-0.08160751797564003,0.19497568481266656,0.17646646930629645,0.10489238584083466,-0.01048498180547275,-0.0782312925170068,0.0,1.445822188980983,0.5735316866086972,0.10595822249478747,Banks—Regional,Financial Services,CFFN
2010Q3,2010,Q3,2010-06-30,2010-06-30,16758000.0,48641000.0,0.0,0.101604,48641000.0,1.0,8543357000.0,960000000.0,0.0,0.0,7583357000.0,0.0,796093000.0,2432786353.4702,5467146353.4702,5.787694418753847,0.0,0.3640543172900301,3.2398395833333336,0.0,5.787694418753847,0.01745625,50.015138534779304,36.29291015440685,2.534152451531458,0.6263277240720849,0.0,0.004314394474068053,0.0056934294095400675,0.0,0.0019615240238702422,171.57672286269838,1.0,0.15000396147185657,0.02833692177913408,0.07598875143348445,0.1001276200464509,-0.011743432414311547,0.1435005117707267,0.0,1.2888371833206498,0.5264241132287445,0.09841188750106171,Banks—Regional,Financial Services,CFFN
2010Q2,2010,Q2,2010-03-31,2010-03-31,14655000.0,49219000.0,0.0,0.088351,49219000.0,1.0,8485465000.0,946073000.0,0.0,0.0,7539392000.0,0.0,789831000.0,2746022297.2328,5794738297.2328,5.708363817073221,0.0,0.36644438460355444,3.2866924645349775,0.0,5.708363817073221,0.01549034799640197,55.791915667380486,46.84446088762879,2.902548003412844,0.732719208461276,0.0,0.003910383397403879,0.005800389253859394,0.0,0.001727070938363425,321.8120587405133,1.0,-0.3103450967535458,-0.17019353707831347,0.05094704292491156,0.09192704863590728,-0.15117702854186427,-0.30147759771210675,0.0,0.7235729715933253,0.43426953642027993,0.08069424799674348,Banks—Regional,Financial Services,CFFN
2010Q1,2010,Q1,2009-12-31,2009-12-31,20980000.0,57985000.0,0.0,0.128109,57985000.0,1.0,8374762000.0,941999000.0,0.0,0.0,7432763000.0,0.0,785914000.0,2308306459.085,5311001459.085,5.6785857152589285,0.0,0.3710938889964873,3.299178661548473,0.0,5.6785857152589285,0.02227178585115271,39.808682574545145,27.50603502246187,2.4504340865383085,0.7945662535748331,0.0,0.0072217447273478135,0.006923778848879527,0.0,0.002505145817875183,-1296.0732504688378,1.0,0.26025627197291834,0.11334974488742458,0.20528507000721452,0.09635866039699525,0.15083854321722734,0.24599121035752464,0.0,1.028364344960059,0.6881355342061614,0.07663486591190997,Banks—Regional,Financial Services,CFFN
2009Q4,2009,Q4,2009-09-30,2009-09-30,16838000.0,50385000.0,0.0,0.10165313424661372,50385000.0,1.0,8403680000.0,941298000.0,0.0,0.0,7462382000.0,0.0,781604000.0,2411875956.576,5476900956.576,5.682735001785782,0.0,0.36962128496087426,3.2998890893213413,0.0,5.682735001785782,0.017888065203580588,47.86892838297113,35.8100124209526,2.5622873485081237,0.6205012471789999,0.0,0.0043318977377395556,0.005995587647316414,0.0,0.0020036460217428553,130.87394631157417,1.0,0.09577800800506336,1.1291606930596143,0.13921526764303738,0.12753721104603036,-0.06959781364257488,0.08800723701214784,0.0,0.6838752147858539,0.39051077992220146,0.08079423766859914,Banks—Regional,Financial Services,CFFN
2009Q3,2009,Q3,2009-06-30,2009-06-30,15476000.0,54154000.0,0.0,0.092768,54154000.0,1.0,8319292000.0,922634000.0,0.0,0.0,7396658000.0,0.0,775214000.0,2808240028.3640003,5858697028.364,5.570058074741073,0.0,0.375579796934643,3.3865628190593453,0.0,5.570058074741073,0.016773715254369555,51.85655774945526,45.36443571278108,3.0437205092853725,0.6751098475058155,0.0,0.003720479693499243,0.006509448159771288,0.0,0.0018602544543453938,32.91343414786339,1.0,-0.16000688162696142,0.6269136730111716,0.6062558032653286,-0.04566379344276161,0.025682791014811166,-0.14648135892345027,0.0,0.35670871706460855,0.45723744771531877,0.06328997566537048,Banks—Regional,Financial Services,CFFN
2009Q2,2009,Q2,2009-03-31,2009-03-31,18132000.0,52798000.0,0.0,0.110439,52798000.0,1.0,8269881000.0,916391000.0,0.0,0.0,7353490000.0,0.0,770186000.0,2767870986.3826003,5841014986.382601,5.536908418816591,0.0,0.37789769889070957,3.4103008431990274,0.0,5.536908418816591,0.0197863139205863,52.423784733940685,38.162792113150786,3.020403939347506,0.5755570262519303,0.0,0.003770406948641443,0.0063843723990707965,0.0,0.002192534572141969,55.49504744531639,1.0,0.13636737801740992,0.7714262310489375,0.4318703678407709,-0.1143192496487873,0.1031759297952361,0.14383043149129449,0.0,0.326005156786256,0.31690341564183505,0.05655194150310642,Banks—Regional,Financial Services,CFFN
2009Q1,2009,Q1,2008-12-31,2008-12-31,15852000.0,47860000.0,0.0,0.097186,47860000.0,1.0,8157324000.0,897435000.0,0.0,0.0,7259889000.0,0.0,762490000.0,3335838707.0396,6503263707.0396,5.4260854890263515,0.0,0.4058388510742003,3.688912288912289,0.0,5.4260854890263515,0.01766367480653195,69.69993119597994,52.609114102946,3.717081133496688,0.8034948271511482,0.0,0.0038182301719568114,0.005867120148715437,0.0,0.0019432843417767885,138.77355466509692,1.0,0.018164617828034694,2.616057370410156,0.8373579138910822,-0.012471389046911231,0.008704449174868801,0.005901389682086427,0.0,0.183985135414577,0.19854591034361868,0.034937116280685014,Banks—Regional,Financial Services,CFFN
2008Q4,2008,Q4,2008-09-30,2008-09-30,15759000.0,47447000.0,0.0,0.09545214820695572,47447000.0,1.0,8055249000.0,871216000.0,0.0,0.0,7184033000.0,0.0,759375000.0,3237167505.44,6310739505.440001,5.276948965814527,0.0,0.39237893204791063,3.627929239132431,0.0,5.276948965814527,0.018088510771152044,68.22702184416296,51.3542659026588,3.7156887676993997,0.6558157243479916,0.0,0.003192605876165575,0.005890196566238983,0.0,0.0019563641049457317,161.1412965025636,1.0,0.08037428220343537,3.995075958569632,0.9024647242685351,-0.1628886909410733,0.07770408395039295,0.09780564263322884,0.0,0.22237835060269198,0.1628548240652095,0.0033567960300300436,Banks—Regional,Financial Services,CFFN
2008Q3,2008,Q3,2008-06-30,2008-06-30,14355000.0,44026000.0,0.0,0.088351,44026000.0,1.0,7892137000.0,863906000.0,0.0,0.0,7028231000.0,0.0,753951000.0,2746445436.0064,5660868436.0064,5.232672349062649,0.0,0.38023414950855516,3.473595506918577,0.0,5.232672349062649,0.01661639113514665,62.38235215568982,47.830815674092655,3.179102166215306,0.7196795541623128,0.0,0.0037615893855230866,0.005578463729152193,0.0,0.0018188989876886323,192.62487277362885,1.0,0.24999646298156517,0.789313477428256,0.34841896062435657,-0.18135740714191811,0.1293351118407552,0.22409823484267075,0.0,-0.11500843511805647,-0.021553335856452267,-0.005371230519004598,Banks—Regional,Financial Services,CFFN
2008Q2,2008,Q2,2008-03-31,2008-03-31,11727000.0,38984000.0,0.0,0.070681,38984000.0,1.0,8034662000.0,869106000.0,0.0,0.0,7165556000.0,0.0,749927000.0,2734775707.0449,5471414707.0449,5.268358388252807,0.0,0.3735241133976762,3.453134600382462,0.0,5.268358388252807,0.013493175746111521,70.1512340202365,58.300837960367105,3.1466538109792133,0.8808731986015179,0.0,0.0037772750333380078,0.004851977594079253,0.0,0.0014595511298421764,132.74321459299583,1.0,0.3333270453302143,-0.10600342973644643,-0.039723445584186154,-0.1672377553519992,0.15549232319639575,0.28684297157906286,0.0,-0.33289609675826787,-0.1637232716712896,0.007760403924395415,Banks—Regional,Financial Services,CFFN
2008Q1,2008,Q1,2007-12-31,2007-12-31,9113000.0,33738000.0,0.0,0.053011,33738000.0,1.0,7945586000.0,862579000.0,0.0,0.0,7083007000.0,0.0,748530000.0,2264461039.6155,5060806039.6154995,5.22298761232308,0.0,0.3838697359766794,3.5359891673690176,0.0,5.22298761232308,0.010564829424319395,67.11900645016006,62.12172280301492,2.6252216198348206,1.144518819269176,0.0,0.004605952505930943,0.004246131122361522,0.0,0.001146926104632182,125.45490524185595,1.0,0.38947824608777787,-0.6953392557868927,-0.49753899884512565,-0.13713208593823178,0.10572889355007865,0.4465079365079365,0.0,-0.514244337943754,-0.2955927446962809,0.008396806713611461,Banks—Regional,Financial Services,CFFN
2007Q4,2007,Q4,2007-09-30,2007-09-30,6300000.0,30512000.0,0.0,0.03815173080201727,30512000.0,1.0,7675886000.0,867631000.0,0.0,0.0,6808255000.0,0.0,750186000.0,2528588034.4621,5151504034.4621,5.254226086902388,0.0,0.3629166717692264,3.210704781180018,0.0,5.254226086902388,0.00726115134198755,82.8719203743478,100.3407950183373,2.9143587936139905,1.7485714285714287,0.0,0.004356581558507377,0.003975046007718197,0.0,0.0008207521581222024,632.3050848867467,1.0,-0.13635017992037876,-0.7592379873812989,-0.5039261273892898,-0.12488075461539236,-0.03820451393266927,-0.1356839072575113,0.0,1.048475671983292,-0.30798001516897405,0.04251481485050967,Banks—Regional,Financial Services,CFFN
2007Q3,2007,Q3,2007-06-30,2007-06-30,7289000.0,31724000.0,0.0,0.044175,31724000.0,1.0,7823829000.0,870095000.0,0.0,0.0,6953734000.0,0.0,754233000.0,2692925532.8717,5428107532.8717,5.269147652727177,0.0,0.37371036611357433,3.360375591171079,0.0,5.269147652727177,0.00837724616277533,84.88606521471756,92.36265375468857,3.094978747000845,1.3263822197832351,0.0,0.003590147548450838,0.004054792097322168,0.0,0.0009316410161827412,202.65845370798462,1.0,-0.16668238667446386,-0.6554418563319978,-0.3985458892611645,-0.11190943093030814,-0.07044069385841538,-0.1380085146641438,0.0,-0.23137029342686552,-0.056122708922696,-0.09721975691835412,Banks—Regional,Financial Services,CFFN
2007Q2,2007,Q2,2007-03-31,2007-03-31,8456000.0,34128000.0,0.0,0.053011,34128000.0,1.0,8097293000.0,870624000.0,0.0,0.0,7226669000.0,0.0,757281000.0,2756475892.0188003,5642757892.018801,5.282126584512387,0.0,0.38635973775433347,3.5933629213070164,0.0,5.282126584512387,0.009712573969934208,80.76874976613925,81.49467514246689,3.166092241907873,1.2134578997161778,0.0,0.0037225067085513317,0.004214741889666089,0.0,0.0010442996196383162,232.75148965792454,1.0,-0.14285483297222126,-0.6128843229456018,-0.34901840559245,-0.09996066386706627,0.0025262910522295986,-0.17510486781777387,0.0,-0.17046640309784974,-0.07062986429855313,-0.15507400828187937,Banks—Regional,Financial Services,CFFN
2007Q1,2007,Q1,2006-12-31,2006-12-31,10251000.0,34042000.0,0.0,0.061846,34042000.0,1.0,8205833000.0,867139000.0,0.0,0.0,7338694000.0,0.0,759086000.0,,,,,,,,,,,,,,,,,,,,,,,,,,,,,,,Banks—Regional,Financial Services,CFFN
