Quarters,Year,Quarter,FillingDate,Date,NetIncome,Revenue,OperatingIncome,EPSDiluted,GrossProfit,GrossProfitRatio,TotalAssets,CommonStockEquity,CurrentAssets,CurrentLiability,TotalLiability,Inventory,RetainedEarnings,MarketCap,EnterpriseValue,bookValuePerShare,currentRatio,debtToAssets,debtToEquity,roic,shareholdersEquityPerShare,roe,priceToSalesRatio,peRatio,pbRatio,payoutRatio,inventoryTurnover,dividendYield,assetTurnover,quickRatio,returnOnAssets,priceToFreeCashFlowsRatio,grossProfitMargin,epsdilutedGrowth,fiveYNetIncomeGrowthPerShare,fiveYRevenueGrowthPerShare,fiveYShareholdersEquityGrowthPerShare,grossProfitGrowth,netIncomeGrowth,operatingIncomeGrowth,threeYNetIncomeGrowthPerShare,threeYRevenueGrowthPerShare,threeYShareholdersEquityGrowthPerShare,Industry,Sector,Symbol
2023Q1,2023,Q1,2023-05-03,2023-03-31,-136000000.0,2830000000.0,603000000.0,-0.63,1507000000.0,0.5325088339,33349000000.0,3597000000.0,2011000000.0,2377000000.0,29714000000.0,57000000.0,-3445000000.0,10494150000.0,22501150000.0,16.730232558139534,0.8460244005048381,0.3889771807250592,3.6063386155129273,0.015172210921261132,16.730232558139534,-0.03780928551570754,3.7081802120141343,-19.290716911764708,2.917472894078399,0.0,23.210526315789473,0.0,0.08486011574559957,0.6344131257888094,-0.004078083300848601,-107.08316326530613,0.5325088339222614,0.16,-3.346235029244004,1.313061022631985,0.34999378503254625,-0.008552631578947369,0.16049382716049382,0.23565573770491804,0.7192494719450709,1.1690127364772542,0.3871268883684867,Resorts & Casinos,Consumer Cyclical,CZR
2022Q4,2022,Q4,2023-02-22,2022-12-31,-162000000.0,2821000000.0,488000000.0,-0.75,1520000000.0,0.5388160227,33527000000.0,3713000000.0,2102000000.0,2668000000.0,29776000000.0,59000000.0,-3309000000.0,8944000000.0,33333000000.0,17.269767441860466,0.787856071964018,0.7584036746502819,6.848101265822785,0.012123665807876334,17.269767441860466,-0.04363048747643415,3.1705069124423964,-13.80246913580247,2.408833827093994,0.0,22.050847457627118,0.0,0.08414113997673517,0.6180659670164917,-0.004831926506994363,30.94809688581315,0.5388160226869905,-4.125,-1.6465229547904736,1.13702549371222,0.40626628739399306,-0.026888604353393086,-4.115384615384615,-0.25948406676783003,-3.430973673201188,0.7225553254323065,0.20158534421438423,Resorts & Casinos,Consumer Cyclical,CZR
2022Q3,2022,Q3,2022-11-02,2022-09-30,52000000.0,2887000000.0,659000000.0,0.24,1562000000.0,0.5410460686,33594000000.0,3838000000.0,1936000000.0,2426000000.0,29702000000.0,46000000.0,-3161000000.0,6903640000.0,18886640000.0,17.934579439252335,0.7980214344600165,0.3848008572959457,3.3681605002605526,0.019521778741623023,17.934579439252335,0.01354872329338197,2.391285071007967,33.19057692307692,1.7987597707139136,0.0,28.804347826086957,0.0,0.08593796511281776,0.6537510305028854,0.0015478954575221765,71.91291666666666,0.5410460685833045,0.4117647058823528,-0.3677172531953231,1.3320293702608392,0.6151185786481921,0.031023102310231022,0.4444444444444444,0.0946843853820598,-0.4903370014514923,0.581034284328039,0.23706691069995403,Resorts & Casinos,Consumer Cyclical,CZR
2022Q2,2022,Q2,2022-08-04,2022-06-30,36000000.0,2821000000.0,602000000.0,0.17,1515000000.0,0.5370436016,36670000000.0,3649000000.0,4900000000.0,4897000000.0,32959000000.0,47000000.0,0.0,8196199999.999999,33460200000.0,17.05140186915888,1.0006126199714112,0.7161439869102809,7.196766237325295,0.005803801929458847,17.05140186915888,0.009865716634694436,2.9054236086494147,56.918055555555554,2.246149630035626,0.0,27.78723404255319,0.0,0.07692937005726752,0.3340820910761691,0.000981728933733297,85.37708333333332,0.5370436015597306,1.080568720379147,1.2449328619014035,1.5034717291561526,0.39427369086552394,0.8408262454434994,1.0798226164079823,15.682926829268293,-0.3098791887281902,0.6072818276629242,0.22024574605697259,Resorts & Casinos,Consumer Cyclical,CZR
2022Q1,2022,Q1,2022-05-04,2022-03-31,-451000000.0,2292000000.0,-41000000.0,-2.11,823000000.0,0.3590750436,37073000000.0,3785000000.0,5120000000.0,5145000000.0,33227000000.0,44000000.0,-3090000000.0,16555040000.0,42035040000.0,17.686915887850468,0.9951409135082604,0.7092493189113371,6.946895640686922,-0.0007785816651365353,17.686915887850468,-0.11915455746367239,7.222966841186737,-9.176851441241684,4.373854689564069,0.0,33.38636363636363,0.0,0.06182396892617269,0.2456754130223518,-0.012165187602837645,-35.29859275053305,0.35907504363001747,-0.024271844660194088,-98.26335140095381,1.511765358394993,1.7646147399633312,-0.2638640429338104,-0.022675736961451247,-4.7272727272727275,-5.276097988071394,0.3065993085626414,0.2902944185541245,Resorts & Casinos,Consumer Cyclical,CZR
2021Q4,2021,Q4,2022-02-24,2021-12-31,-441000000.0,2591000000.0,11000000.0,-2.06,1118000000.0,0.4314936318,38031000000.0,4480000000.0,5964000000.0,5297000000.0,33490000000.0,42000000.0,-2410000000.0,20015420000.0,45210420000.0,20.934579439252335,1.1259203322635454,0.6906208093397491,5.862723214285714,0.00020151687245813945,20.934579439252335,-0.0984375,7.724978772674643,-11.346609977324263,4.467727678571429,0.0,35.07142857142857,0.0,0.06812863190555074,0.29110817443836134,-0.011595803423522915,1250.96375,0.4314936318023929,-0.8727272727272726,-102.11776238317756,1.7625657296125194,2.3041904359948,-0.20199857244825126,-0.8927038626609443,-0.9793233082706767,-1329.9636219626168,0.39688969923058864,0.5765469608430654,Resorts & Casinos,Consumer Cyclical,CZR
2021Q3,2021,Q3,2021-11-05,2021-09-30,-233000000.0,2685000000.0,532000000.0,-1.1,1401000000.0,0.5217877094972067,38962000000.0,4890000000.0,5925000000.0,4978000000.0,34009000000.0,45000000.0,-1976000000.0,24027920000.0,49889920000.0,22.850467289719628,1.1902370429891522,0.6912889482059442,5.507975460122699,0.008612162100967054,22.850467289719628,-0.047648261758691204,8.948945996275604,-25.781030042918456,4.913685071574641,0.0,28.533333333333335,0.0,0.06891330013859658,0.3033346725592607,-0.005980185822083055,143.02333333333334,0.5217877094972067,-4.235294117647059,-6.307081529073123,1.4511799556281266,2.632185050235648,-0.038435140700068635,-4.236111111111111,-0.09830508474576272,-3.238635618125249,0.9962029056619937,0.7096244639477503,Resorts & Casinos,Consumer Cyclical,CZR
2021Q2,2021,Q2,2021-08-04,2021-06-30,72000000.0,2502000000.0,590000000.0,0.34,1457000000.0,0.5823341326938449,38816000000.0,5134000000.0,6316000000.0,5452000000.0,33654000000.0,41000000.0,-1743000000.0,21683750000.0,46834750000.0,24.564593301435405,1.1584739545121057,0.6770146331409728,5.118620958317102,0.013607727959403836,24.564593301435405,0.014024152707440592,8.666566746602717,75.2907986111111,4.2235586287495135,0.0,25.48780487804878,0.0,0.06445795548227536,0.2839325018341893,0.0018549051937345425,143.60099337748343,0.5823341326938449,1.167487684729064,0.5027389810488007,1.4361064261776877,3.036736476592527,0.6135105204872646,1.1702127659574468,2.172043010752688,-0.274804411338657,1.029937076880796,0.9089943882754502,Resorts & Casinos,Consumer Cyclical,CZR
2021Q1,2021,Q1,2021-05-05,2021-03-31,-423000000.0,1699000000.0,186000000.0,-2.03,903000000.0,0.531489111241907,36019000000.0,4613000000.0,6562000000.0,2504000000.0,31389000000.0,41000000.0,0.0,18189600000.0,42899600000.0,22.177884615384617,2.6206070287539935,0.7358338654598962,5.745501842618686,0.003617597645488427,22.177884615384617,-0.09169737697810536,10.706062389640966,-10.750354609929078,3.9431172772599177,0.0,19.414634146341463,0.0,0.04716954940448097,0.8650159744408946,-0.011743801882339876,3637.92,0.531489111241907,-0.06282722513089,-29.322156416913952,0.7950523380360167,2.7856120374714504,0.25416666666666665,0.23783783783783785,3.2409638554216866,-8.543069313298783,0.43538749601135585,0.7895750278361701,Resorts & Casinos,Consumer Cyclical,CZR
2020Q4,2020,Q4,2021-03-01,2020-12-31,-555000000.0,1497000000.0,-83000000.0,-1.91,720000000.0,0.48096192384769537,36385000000.0,5016000000.0,6667000000.0,2585000000.0,31351000000.0,44000000.0,-1391000000.0,1931020000.0,27105020000.0,192.92307692307693,2.579110251450677,0.7401951353579772,5.369218500797448,-0.0020870585605721947,192.92307692307693,-0.11064593301435406,1.2899265197060787,-0.8698288288288287,0.3849720893141945,0.0,17.65909090909091,0.0,0.041143328294626906,0.8278529980657641,-0.015253538546104164,-4.216200873362445,0.48096192384769537,0.6863711001642036,-10.044153944269123,13.434665443910946,32.26545828808661,0.014084507042253521,0.4006479481641469,0.45394736842105265,-19.315847953554908,8.377639411539096,14.709604663212183,Resorts & Casinos,Consumer Cyclical,CZR
2020Q3,2020,Q3,2020-11-09,2020-09-30,-926000000.0,1377000000.0,-152000000.0,-6.09,710000000.0,0.5156136528685549,36239000000.0,3370000000.0,6298000000.0,2470000000.0,32850000000.0,49000000.0,-836000000.0,8521120000.0,35301120000.0,22.17105263157895,2.5497975708502025,0.7675984436656641,8.254302670623145,-0.004070233789791412,22.17105263157895,-0.2747774480712166,6.188177196804648,-2.300518358531318,2.528522255192878,0.0,13.612244897959183,0.0,0.0379977372444052,0.5906882591093118,-0.025552581472998704,-44.960875461025836,0.5156136528685549,-3.872,-53.488258746746475,1.2959779840763237,5.581339960925326,9.465647617222624,-8.260370414816594,-0.940582430068814,-16.85218601186766,0.5659985569834912,0.9966389027822593,Resorts & Casinos,Consumer Cyclical,CZR
2020Q2,2020,Q2,2020-08-06,2020-06-30,-99996000.0,126470000.0,-78327000.0,-1.25,67841000.0,0.5364197042776944,6148447000.0,1616449000.0,1534737000.0,476002000.0,4531998000.0,17369000.0,90829000.0,971051089.8800001,3779183089.88,20.19206463423366,3.224223847798959,0.6113112790921025,2.3252295618358514,-0.009067336783801387,20.19206463423366,-0.061861524860976125,7.678114097256267,-2.427724833693348,0.6007310406205207,0.0,3.3754965743566125,0.0,0.020569421839368544,2.166890055083802,-0.016263619089503415,-7.539216536335404,0.5364197042776944,0.4444444444444444,-13.117717723508218,-0.5976212096312259,5.2215026492087775,-0.7040212208072109,0.4306699005909883,0.36412566975158306,-0.8186941853864014,-0.6999734984056464,0.6510821045564237,Resorts & Casinos,Consumer Cyclical,CZR
2020Q1,2020,Q1,2020-05-11,2020-03-31,-175638000.0,473069000.0,-123180000.0,-2.25,229209000.0,0.48451494390881666,5891172000.0,940209000.0,1242406000.0,771008000.0,4950963000.0,17070000.0,190825000.0,526969296.88,3968750296.88,12.061068600448895,1.6114048103262224,0.6982529113052547,4.375120850789559,-0.016556380196982294,12.061068600448895,-0.18680740133310786,1.113937495122276,-0.7500787085938123,0.5604810173908141,0.0,14.285881663737552,0.0,0.08030133902048693,0.9695372810658255,-0.02981376201543598,71.96084895261505,0.48451494390881666,-12.235294117647058,-15.994958457673617,0.6850042424807491,2.8423722530476416,-0.26659925958871017,-12.286784174294576,-3.0909152634437804,-104.98395414449003,0.4231939861535373,0.8852471648499664,Resorts & Casinos,Consumer Cyclical,CZR
2019Q4,2019,Q4,2020-02-25,2019-12-31,-13219000.0,592124000.0,58912000.0,-0.17,312529000.0,0.5278100532996467,5640553000.0,1117257000.0,604643000.0,688446000.0,4523296000.0,18379000.0,366463000.0,1057207233.6,4589048233.6,14.372485088149704,0.8782722246915518,0.6627289912886201,3.345835380758411,0.01589628532709348,14.372485088149704,-0.011831655563581164,1.785449050536712,-19.994084908086844,0.9462525037659195,0.0,15.212742804287503,0.0,0.10497623194037889,0.43381180223285487,-0.002343564540568983,63.33236887318038,0.5278100532996467,-1.3617021276595747,0.27792374444851703,1.155757916684277,3.405230754740642,-0.13382001202839144,-1.356739981109162,-0.5283530947024586,-9.344109975538606,0.7380026207715864,1.268468201501075,Resorts & Casinos,Consumer Cyclical,CZR
2019Q3,2019,Q3,2019-11-05,2019-09-30,37055000.0,663181000.0,124907000.0,0.47,360813000.0,0.5440641393526051,6081241000.0,1126778000.0,963539000.0,414971000.0,4954463000.0,17684000.0,379682000.0,906230975.98,4867834975.98,14.497663209748806,2.3219429791479405,0.6857868319969559,3.701203786371406,0.012884912411491317,14.497663209748806,0.032885803592189414,1.3664911630158283,6.114093752395089,0.804267545141989,0.0,17.09839402850034,0.0,0.10905356324473903,0.6753170703494943,0.00609332864788618,9.60774122939262,0.5440641393526051,0.9583333333333333,6.448970711707243,4.020035601112247,3.1061461531511068,0.06583856436009157,0.9568546683565695,0.2180107264748903,1.3239141324525718,0.6670030821221355,1.304469090550799,Resorts & Casinos,Consumer Cyclical,CZR
2019Q2,2019,Q2,2019-08-06,2019-06-30,18936000.0,637121000.0,102550000.0,0.24,338525000.0,0.5313354920023041,6082002000.0,1085519000.0,702638000.0,383240000.0,4996483000.0,19016000.0,342627000.0,931416280.41,4732269280.41,13.973744161172236,1.8334150923703163,0.6550461509220155,3.670126455640113,0.01096224659488147,13.973744161172236,0.01744419029054305,1.4619142681060584,12.296898505624208,0.8580377500624126,0.0,15.702355910811947,0.0,0.10475514476976495,0.7017012837908361,0.003113448499359257,254.20750011189955,0.5313354920023041,-0.5102040816326531,2.8890786135652817,5.1644479451851595,7.594088196629843,0.025109543867511727,-0.5046692301655811,-0.17033429338856348,0.06331256297564589,0.6689853189334599,1.2963263457197012,Resorts & Casinos,Consumer Cyclical,CZR
2019Q1,2019,Q1,2019-05-02,2019-03-31,38229000.0,635823000.0,123604000.0,0.49,330233000.0,0.5193788208353582,6114518000.0,1063264000.0,382990000.0,389344000.0,5051254000.0,20775000.0,323691000.0,685693579.48,4488881579.48,13.707658991247932,0.9836802416372155,0.6574632702038002,3.7808775619225328,0.016070479055335738,13.707658991247932,0.03595438197851145,1.0784346893396433,4.484119251615266,0.6448949456390887,0.0,14.70950661853189,0.0,0.10398579250236895,0.7821489479740281,0.006252169018064874,25.321033215657312,0.5193788208353582,317.5374677002584,10.804539965458698,5.670860892093416,1.181666140686262,-0.016756932183254383,319.575,0.4252242695385467,5.863796587109812,0.8013806268288515,1.3398029064875265,Resorts & Casinos,Consumer Cyclical,CZR
2018Q4,2018,Q4,2019-02-22,2018-12-31,-120000.0,671760000.0,86726000.0,-0.001548,335861000.0,0.4999717160890794,5911462000.0,1029153000.0,573196000.0,402177000.0,4882309000.0,20595000.0,290206000.0,526250340.28000003,4517068340.28,13.278754112124561,1.4252331684805446,0.7141329843615674,4.101984836073936,-0.0001864805433877131,13.278754112124561,-0.00011660073866567945,0.7833904077051328,-1096.3548755833333,0.511343153330943,0.0,16.30973537266327,0.0,0.11363686343581333,0.8054563040651256,-2.0299546880281054e-05,351.0676052568379,0.4999717160890794,-1.003225,-1.0101603759995854,6.247442952720468,7.160953075324194,0.4081159493203867,-1.003182686187142,-0.054953197702928,-1.0006560046858437,1.1729503090151383,1.2896371345495599,Resorts & Casinos,Consumer Cyclical,CZR
2018Q3,2018,Q3,2018-11-02,2018-09-30,37704000.0,487253000.0,91769000.0,0.48,238518000.0,0.4895157136025843,4477174000.0,1036151000.0,426208000.0,261936000.0,3441023000.0,15258000.0,290326000.0,786855039.6,3590650039.6,13.365781650640901,1.6271455622747542,0.6628915918836301,2.8643325152415042,0.014980645193023837,13.365781650640901,0.03638851866185527,1.614879825470546,5.217318053787396,0.7594019014603084,0.0,16.301939965919516,0.0,0.1088304810132463,0.8526204874473153,0.008421383667465235,9.709105531631357,0.4895157136025843,0.02127659574468087,6.08944959806436,3.5844149997515946,1.3928611395578834,0.08376877709217473,0.02467659528209588,0.1854315756839848,3.190380935398518,0.5929538735038604,2.967549685082357,Resorts & Casinos,Consumer Cyclical,CZR
2018Q2,2018,Q2,2018-08-01,2018-06-30,36796000.0,456802000.0,77414000.0,0.47,220082000.0,0.48178860863131073,3599746000.0,996723000.0,505403000.0,217692000.0,2603023000.0,14847000.0,252623000.0,828806848.8,2818025848.8,12.867818497689036,2.321642504088345,0.608719337419918,2.1984392855387105,0.019420693453604577,12.867818497689036,0.03691697693341079,1.8143678197556052,5.631093385150559,0.831531778437941,0.0,15.943961743113087,0.0,0.12689839783140255,1.1668550061554857,0.010221832318169114,22.6530420313226,0.48178860863131073,0.7407407407407405,1.2866356420379963,-0.619897754187592,2.939255940651724,0.06859784223661594,0.7643730520258931,0.4284607152083256,3.608403943335474,0.5020600123113445,2.96478360797147,Resorts & Casinos,Consumer Cyclical,CZR
2018Q1,2018,Q1,2018-05-02,2018-03-31,20855000.0,440192000.0,54194000.0,0.27,205954000.0,0.46787310991567316,3552220000.0,958631000.0,475309000.0,217290000.0,2593589000.0,15210000.0,215827000.0,870229462.5,2877754462.5,12.392821910462494,2.187440747388283,0.6167025127948156,2.285199414581836,0.015642205613236246,12.392821910462494,0.02175498184390031,1.976931571904987,10.431904369455765,0.9077835606192581,0.0,15.400262984878369,0.0,0.12392025268705203,1.0777026094159878,0.005870976459791342,15.338223746827412,0.46787310991567316,-0.7652173913043477,1.1552462483538477,-0.6669764049799024,3.43770892524482,-0.03815096930269051,-0.7674872343746516,0.5979831338090464,3.033617051059397,0.5800688469516619,2.9480610402920426,Resorts & Casinos,Consumer Cyclical,CZR
2017Q4,2017,Q4,2018-03-08,2017-12-31,89694000.0,472526000.0,33914000.0,1.15,214123000.0,0.4531454353834498,3546472000.0,945126000.0,251032000.0,219059000.0,2601346000.0,16870000.0,198500000.0,973556839.75,3029153839.75,12.280581278716243,1.1459561122802533,0.617569516973488,2.3173555695219474,0.4078964698668786,12.280581278716243,0.0949016321633306,2.0603243837376146,2.713550626992887,1.0300815338378164,0.0,15.317308832246592,0.0,0.1332383281187614,0.9050849314568221,0.025291049809500823,34.68441482596459,0.4531454353834498,2.026315789473684,1.3040402562362192,-0.6181664792925168,4.734846685007634,0.014339447455186265,2.034919131082087,-0.5702954741270082,5.948781562487931,0.7376546469161673,2.7640529110514156,Resorts & Casinos,Consumer Cyclical,CZR
2017Q3,2017,Q3,2017-11-02,2017-09-30,29554000.0,444874000.0,78924000.0,0.38,211096000.0,0.4745073886089095,3585257000.0,853935000.0,400974000.0,225075000.0,2731322000.0,16505000.0,108806000.0,1026642634.5,3116861634.5,11.104187442548685,1.781512829056981,0.6206311012013923,2.6057276022179674,0.018148221460385177,11.104187442548685,0.03460919156610281,2.307715520574365,8.6844643237802,1.2022491577227774,0.0,14.164071493486823,0.0,0.12408427066734685,0.8244540708652671,0.008243202649070903,22.840166288460257,0.4745073886089095,1.5507246376811592,1.095259467622652,-0.6698910607692955,41.16226322882879,0.30802738792328904,1.637929545847004,3.4574666832731347,5.392241866421853,2.4034084197739056,2.145018330983847,Resorts & Casinos,Consumer Cyclical,CZR
2017Q2,2017,Q2,2017-08-03,2017-06-30,-46328000.0,355180000.0,-32116000.0,-0.69,161385000.0,0.45437524635396137,3557940000.0,824924000.0,362569000.0,252360000.0,2733016000.0,17067000.0,79253000.0,809437140.0,2932404140.0,12.229594505633878,1.4367134252654938,0.6258090355655239,2.6991468304959003,-0.0057225742036854325,12.229594505633878,-0.0561603250723703,2.278949096232896,-4.367969370575031,0.9812263190306015,0.0,11.354954004804593,0.0,0.09982742823094262,0.5663456966238707,-0.01302101777995132,-31.584093179335103,0.45437524635396137,-35.5,0.6396833977130723,-0.691419250285143,1.9258727987063695,1.0182711788099348,-46.37512242899118,-3.2698423916884587,-11.957835821041934,2.9577060305809244,6.521406759576771,Resorts & Casinos,Consumer Cyclical,CZR
2017Q1,2017,Q1,2017-05-02,2017-03-31,1021000.0,200925000.0,14149000.0,0.02,79962000.0,0.39796939156401645,1645803000.0,301460000.0,80686000.0,85695000.0,1344343000.0,11306000.0,125581000.0,450003172.05,1570795172.05,6.397606014386316,0.9415485150825602,0.7080835312610319,3.865740065016918,0.006658934075027421,6.397606014386316,0.0033868506601207457,2.239657444568869,110.18686876836436,1.492745876899091,0.0,10.699009375552803,0.0,0.12208326269912012,0.6231752144232452,0.0006203658639582015,-670.6455619225037,0.39796939156401645,0.0,1.0096678566156725,-0.7580080563746208,0.049777553081476654,0.011242775662994954,0.06354166666666666,0.08073632752826153,1.431048005403733,2.4701259813123624,1.0847867892691845,Resorts & Casinos,Consumer Cyclical,CZR
2016Q4,2016,Q4,2017-02-15,2016-12-31,960000.0,206450000.0,13092000.0,0.02,79073000.0,0.3830128360377815,1294044000.0,298451000.0,101753000.0,102040000.0,995593000.0,11055000.0,124560000.0,400398824.0,1139795824.0,6.335766610543292,0.99718737749902,0.6185462009019786,2.6819343878894695,0.02079531276848174,6.335766610543292,0.0032166084214829234,1.9394469556793412,104.27052708333332,1.341589822114853,0.0,11.522116689280868,0.0,0.15953862465263932,0.7420913367306938,0.0007418604004191511,36.770945357700434,0.3830128360377815,-0.9,1.0109602060375866,-0.7352026227721763,-0.2122760877457595,-0.197122462863119,-0.9008469324519728,-0.534241701945996,-0.8662639429295758,2.664665169011754,2.893881426544228,Resorts & Casinos,Consumer Cyclical,CZR
2016Q3,2016,Q3,2016-11-07,2016-09-30,9682000.0,241565000.0,28109000.0,0.2,98487000.0,0.40770393061908805,1278874000.0,296897000.0,91938000.0,97635000.0,981977000.0,11477000.0,123600000.0,351588744.0,1097630744.0,6.291107686883173,0.9416500230450146,0.6182399517075177,2.663048127801898,0.016123908421210007,6.291107686883173,0.03261063601181555,1.4554622730941982,9.078412104936996,1.1842111708774423,0.0,12.466498213818943,0.0,0.18888881938330124,0.6316382444819992,0.007570722369834714,31.99169645131938,0.40770393061908805,-0.13043478260869565,1.1563696820793308,-0.7077996614558355,-0.3232457307569736,0.06323005505775667,-0.10277082754146974,-0.05213286123756534,1.9904749524174745,2.7334764109228633,1.1849148669005656,Resorts & Casinos,Consumer Cyclical,CZR
2016Q2,2016,Q2,2016-08-02,2016-06-30,10791000.0,231315000.0,29655000.0,0.23,92630000.0,0.40044960335473273,1274685000.0,286443000.0,80937000.0,105650000.0,988242000.0,11696000.0,113918000.0,361980665.52000004,1118797665.52,6.085260567261692,0.7660861334595362,0.6228377991425332,2.771657886560328,0.01766160452175804,6.085260567261692,0.03767241650171238,1.5648819381363077,8.38617054767862,1.26370923890617,0.0,11.857472640218878,0.0,0.18146836277197895,0.488679602460956,0.008465620918109179,12.890131241364577,0.40044960335473273,2.2857142857142856,1.1844291541702718,-0.7156150239934151,-0.4360991874337499,0.115365627521102,2.2020771513353115,0.6237748453156655,1.138325355088607,-0.6832717842336226,1.9170845631367324,Resorts & Casinos,Consumer Cyclical,CZR
2016Q1,2016,Q1,2016-05-05,2016-03-31,3370000.0,213566000.0,18263000.0,0.07,83049000.0,0.38886807825215625,1286068000.0,274956000.0,85962000.0,95853000.0,1011112000.0,11319000.0,103128000.0,319145039.2,1106371039.2,5.858467374854937,0.896810741447842,0.6464082770117909,3.023483757401184,0.0106864240280375,5.858467374854937,0.012256506495584749,1.494362582058942,23.675448011869438,1.160713129373427,0.0,11.530788938952204,0.0,0.16606120360665222,0.5595338695711141,0.002620390212648165,1393.6464593886462,0.38886807825215625,-0.9699570815450644,1.0609411354382872,-0.7309865150181311,-0.5159218833590802,0.18959219629581883,-0.9694061895726853,0.375122355244334,1.0413468944498636,-0.7337025255254667,2.152379846262675,Resorts & Casinos,Consumer Cyclical,CZR
2015Q4,2015,Q4,2016-02-29,2015-12-31,110153000.0,186160000.0,13281000.0,2.33,69813000.0,0.3750161151697465,1325008000.0,270667000.0,116179000.0,105710000.0,1054341000.0,11742000.0,99758000.0,368232099.15,1156191099.15,5.799501550596964,1.099035096017406,0.6537598263557653,3.2003790635725817,0.03564084493711947,5.799501550596964,0.4069687106296667,1.9780409279651912,0.8357287117690847,1.3604617450594272,0.0,9.908618633963549,0.0,0.14049726492217404,0.8349162803897455,0.08313383768248947,15.446625242250093,0.3750161151697465,32.285714285714285,2.4998828599016263,-0.7649224941252591,-0.5560699976579176,-0.011665274572815946,19.402481941100202,-0.44873817034700314,1.6157298006311729,-0.7519376471628796,2.7637804473053387,Resorts & Casinos,Consumer Cyclical,CZR
2015Q3,2015,Q3,2015-11-09,2015-09-30,5399000.0,183540000.0,24092000.0,0.07,70637000.0,0.38485888634630055,1168945000.0,156704000.0,132338000.0,69967000.0,1012138000.0,7165000.0,-10395000.0,273982856.46,1015785856.46,3.368774863965808,1.8914345334228995,0.6762970028529999,5.044887175821931,0.017559459639217435,3.368774863965808,0.034453491933837045,1.4927691863354036,12.686740899240599,1.748410100954666,0.0,15.757571528262387,0.0,0.15701337530850468,0.8334786399302528,0.004618694634905834,-52.85163126157407,0.38485888634630055,-0.3,1.088035541264077,-0.7844829026433287,-0.5863488624796406,0.0006374660018132367,0.1259645464025026,0.04479812654494991,1.0287696874729984,-0.7748453486627815,11.791136074391385,Resorts & Casinos,Consumer Cyclical,CZR
2015Q2,2015,Q2,2015-08-06,2015-06-30,4795000.0,182633000.0,23059000.0,0.1,70592000.0,0.38652379361889694,1169003000.0,150971000.0,122619000.0,90287000.0,1017929000.0,6950000.0,-15794000.0,284681677.68,969416677.6800001,3.2455285760911146,1.358102495375857,0.6615568993407203,5.122586457001676,0.02052824610900066,3.2455285760911146,0.03176106669492817,1.5587636280409345,14.842631787278414,1.8856712724960423,0.0,16.121007194244605,0.0,0.15622971027448176,1.0808311274048312,0.004101785880789014,19.407026905719544,0.38652379361889694,1.7692307692307692,1.0470262087433966,-0.7790005061098435,-0.6559023986332576,0.13933407575977663,1.777903958468527,0.9082257530619,1.054078311149808,-0.7699123189086059,-0.22352259726725784,Resorts & Casinos,Consumer Cyclical,CZR
2015Q1,2015,Q1,2015-04-16,2015-03-31,-6164000.0,167451000.0,12084000.0,-0.13,61959000.0,0.37001272013902575,1150452000.0,145945000.0,101971000.0,74698000.0,1004404000.0,7149000.0,-20589000.0,489588538.14,1193797538.1399999,3.138964110227076,1.3651101769793033,0.6746235392697827,5.317907430881497,0.015691239722498838,3.138964110227076,-0.04223508856075919,2.9237719580056254,-19.856770690298507,3.3546098745417794,0.0,14.756189676877884,0.0,0.14555235681280054,1.0419689951538194,-0.0053578941146610205,-36.61570100516042,0.37001272013902575,0.4583333333333333,0.9152770787420211,-0.794283947682446,-0.7363101385897954,0.07569575860692027,0.4364085215324129,0.8734883720930232,0.9408470481700016,-0.7956079455573356,-0.4849301355171299,Resorts & Casinos,Consumer Cyclical,CZR
2014Q4,2014,Q4,2015-03-16,2014-12-31,-10937000.0,164095000.0,6450000.0,-0.24,57599000.0,0.3510100856211341,1175330000.0,151519000.0,117493000.0,91844000.0,1023708000.0,7234000.0,-14425000.0,728663196.81,1419921196.81,3.2625952846358635,1.2792670179870216,0.6626751635710821,5.140358634890673,0.0073195046007095985,3.2625952846358635,-0.07218236656788918,4.440496034675036,-16.655920197723322,4.809054948950296,-9.143275121148396e-05,14.721592479955765,1.372376160039206e-06,0.1396161078165281,1.0352118810156352,-0.009305471654769299,77.67436273425007,0.3510100856211341,-1.7429511868978365,-1.0995863704322788,-0.7895890479698544,-0.7628927845468123,0.8617557696037236,-1.6911909448818898,1.3218142548596112,0.8733469438593591,-0.7865165972331198,-0.5943625326351438,Resorts & Casinos,Consumer Cyclical,CZR
2014Q3,2014,Q3,2014-11-14,2014-09-30,-4064000.0,78949000.0,2778000.0,-0.087497,30938000.0,0.3918732346198179,1169383000.0,163993000.0,119436000.0,75376000.0,1005390000.0,7357000.0,-3488000.0,584308694.5600001,1285703694.56,3.5307226457643557,1.5845361918913181,0.6777283405009308,4.8326696871207915,0.004113800022288535,3.5307226457643557,-0.024781545553773637,7.401090508556157,-35.944186427165356,3.5630099733525213,0.0,6.525893706673916,0.0,0.06751338098809372,1.3314184886436,-0.0034753369939532217,64.64306832171701,0.3918732346198179,-2.3959762596126235,0.9932665791353391,-0.9069018099488897,-0.6867705246837867,0.22062652884084274,-2.3970436576143004,-0.5899630996309964,0.9333103932288493,-0.9029690417250564,-0.6201890441303404,Resorts & Casinos,Consumer Cyclical,CZR
2014Q2,2014,Q2,2014-08-14,2014-06-30,2909000.0,61749000.0,6775000.0,0.062678,25346000.0,0.4104681857196068,267430000.0,75464000.0,42179000.0,22447000.0,191966000.0,3262000.0,0.0,640480521.6,776970521.6,1.625971696061022,1.8790484251793114,0.6285794413491381,2.227565461677091,0.027804453637356053,1.625971696061022,0.038548181914555286,10.372322168780062,55.043014919216226,8.48723260892611,0.0,11.159717964438995,0.0,0.23089780503309276,1.61397959638259,0.01087761283326478,-676.3257883843718,0.4104681857196068,2.2468767406700088,-0.9965388680014073,-0.9259616824579183,-0.934484277213225,0.12945055924424045,2.246892413201886,3.3653350515463916,1.0504247550883123,-0.9230045651937162,-0.8493266228316786,Resorts & Casinos,Consumer Cyclical,CZR
2014Q1,2014,Q1,2014-05-09,2014-03-31,-2333000.0,57030000.0,1552000.0,-0.050268,22441000.0,0.3934946519375767,24377000000.0,-3502000000.0,3407000000.0,2841000000.0,27879000000.0,43000000.0,-10707000000.0,640480521.6,19349480521.6,-75.45522208742842,1.199225624780007,0.8612216433523403,-5.994860079954312,8.872627486851132e-05,-75.45522208742842,0.0006661907481439178,11.230589542346134,-68.63271770252894,-0.18288992621359226,0.0,0.8043953488372093,0.0,0.0023395003486893383,1.0777895107356565,-9.570496779751405e-05,109.63377637795276,0.3934946519375767,-1.3298699508019214,0.9526492361965059,-0.9318763702792398,-12.864028630098808,0.09164761395145206,-1.3296128849957616,2.4995169082125606,0.9573373601505492,-0.9273563505459369,-7.234774295335069,Resorts & Casinos,Consumer Cyclical,CZR
2013Q4,2013,Q4,2014-03-17,2013-12-31,7078000.0,55548000.0,-1035000.0,0.15238732681712092,20557000.0,0.3700763303809318,270182000.0,75575000.0,39429000.0,25147000.0,194607000.0,3109000.0,0.0,640974561.6,781921561.6,1.6271082543379363,1.5679405098023622,0.6320184172150625,2.2594773403903408,-0.004197165392647864,1.6271082543379363,0.09365530929540192,11.539111427954202,22.6396779316191,8.48130415613629,0.0,11.254744290768736,0.0,0.20559474724445004,1.3314908338966875,0.02619715599114671,-120.91578222976797,0.3700763303809318,1.221292462678322,1.0039832742628008,-0.9343874736338152,-0.7686137294741274,-0.21999620565357617,1.2229899497487438,-1.1459390862944163,1.0968399382416885,-0.9295183498007,-0.8754509909416766,Resorts & Casinos,Consumer Cyclical,CZR
2013Q3,2013,Q3,2013-11-08,2013-09-30,3184000.0,63631000.0,7092000.0,0.068603,26355000.0,0.41418490987097484,26096000000.0,-1579000000.0,2724000000.0,2098000000.0,27675000000.0,43000000.0,-8472000000.0,640480521.6,20272480521.6,-34.021643539705735,1.298379408960915,0.8113887185775598,-13.409753008233059,0.0003619290635366165,-34.021643539705735,-0.0020164661177960734,10.065542292278922,50.28898567839196,-0.4056241428752375,0.0,0.8668837209302326,0.0,0.0024383430410790928,1.055767397521449,0.0001220110361741263,-6.39840680919081,0.41418490987097484,1.0413944367344476,1.0661174744309487,-0.9352293142418998,-1.7313336960383865,-0.9740037482738213,1.0149976448422044,-0.9681544678940278,1.0520354152529978,-0.9251139360072723,-5.177510257822413,Resorts & Casinos,Consumer Cyclical,CZR
2013Q2,2013,Q2,2013-08-09,2013-06-30,-212300000.0,1987500000.0,222700000.0,-1.6573,1013800000.0,0.5100880503144654,26845000000.0,-850000000.0,2766000000.0,1932000000.0,27695000000.0,46000000.0,-7710000000.0,1767780000.0,21027780000.0,-6.63544106167057,1.4316770186335404,0.7790277519091079,-24.603529411764708,0.007126985504962427,-6.63544106167057,0.24976470588235294,0.8894490566037736,-2.081700423928403,-2.079741176470588,0.0,21.167391304347827,0.0,0.07403613335816725,1.1889233954451346,-0.00790836282361706,-9.686465753424656,0.5100880503144654,0.04568042703396803,-1.122565298626841,-0.2546778331714963,-1.1374366417081725,-0.052169035153328346,0.024356617647058824,1.0282331511839709,0.24393294472270186,-0.12667050465868884,-1.7035030811779655,Resorts & Casinos,Consumer Cyclical,CZR
2013Q1,2013,Q1,2013-05-09,2013-03-31,-217600000.0,2141100000.0,109800000.0,-1.73663,1069600000.0,0.49955630283499136,27475000000.0,-637000000.0,3131000000.0,1904000000.0,28112000000.0,50000000.0,-7498000000.0,1729140000.0,20911140000.0,-5.083798882681564,1.6444327731092436,0.7692083712465878,-33.17739403453689,0.002013007522372129,-5.083798882681564,0.34160125588697016,0.8075942272663584,-1.9866038602941176,-2.7145054945054947,0.0,21.43,0.0,0.07792902638762511,1.3860294117647058,-0.00791992720655141,-8.894753086419753,0.49955630283499136,0.5469503287070855,-0.15590527356283163,-0.17866120771810345,-1.1067307457734625,0.11058041740213892,0.5469498230272746,1.3774492952904778,-0.10981089148824018,-0.023956469014668226,-1.4270664383973088,Resorts & Casinos,Consumer Cyclical,CZR
2012Q4,2012,Q4,2013-03-15,2012-12-31,-480300000.0,2014800000.0,-290900000.0,-3.8332,963100000.0,0.4780127059757792,27998000000.0,-412000000.0,3494000000.0,2588000000.0,28410000000.0,52000000.0,-7373000000.0,1729140000.0,21383140000.0,-3.2881085395051874,1.3500772797527048,0.7333380955782556,-49.83495145631068,-0.007714960694883217,-3.2881085395051874,1.1657766990291263,0.8582191780821918,-0.9000312304809495,-4.196941747572816,0.0,20.225,0.0,0.07196228302021573,0.9037867078825348,-0.017154796771197942,-3.643362831858407,0.4780127059757792,0.04985226754446845,-9.02405941222238,-0.23502338441024126,-1.0620210604252525,-0.08232491662696523,0.049851632047477744,-0.37152286657237155,-2.6209405950752025,-0.04245816899524029,-1.238961376417528,Resorts & Casinos,Consumer Cyclical,CZR
2012Q3,2012,Q3,2012-11-08,2012-09-30,-505500000.0,2195800000.0,-212100000.0,-4.03432,1049500000.0,0.47795791966481466,28343000000.0,33000000.0,2880000000.0,2625000000.0,28310000000.0,50000000.0,-6811000000.0,1729140000.0,21299140000.0,0.2633679169992019,1.0971428571428572,0.7042656034999824,604.8787878787879,-0.007324732108463423,0.2633679169992019,-15.318181818181818,0.7874760907186447,-0.8551632047477744,52.39818181818182,0.0,22.926,0.0,0.07747239177221889,0.6419047619047619,-0.017835091556998202,22.28273195876288,0.47795791966481466,-1.116475618393096,-4.147890235284744,0.17659822530914704,-0.9924463435446311,0.033786446020488574,-1.0914356640463385,-1.9249890972525077,0.6895341348835196,-0.040161818628543657,-0.9766352096345633,Resorts & Casinos,Consumer Cyclical,CZR
2012Q2,2012,Q2,2012-08-08,2012-06-30,-241700000.0,2163700000.0,229300000.0,-1.90615,1015200000.0,0.4691962841429034,28038000000.0,530000000.0,1969000000.0,1674000000.0,27508000000.0,50000000.0,-6305000000.0,1749840000.0,20708840000.0,4.17981072555205,1.1762246117084827,0.7097867180255367,37.549056603773586,0.006775047501785621,4.17981072555205,-0.4560377358490566,0.8087257937791745,-1.8099296648738106,3.301584905660378,0.0,22.97,0.0,0.0771702689207504,0.8829151732377539,-0.008620443683572294,-10.323539823008849,0.4691962841429034,0.14949960066214238,-11.748286236094968,7.458045845356513,-0.12986125856376407,-0.02795863653772501,0.13863150392017107,0.9887250650477016,-1.105258863884743,-0.05042068858434152,-0.831581741884036,Resorts & Casinos,Consumer Cyclical,CZR
2012Q1,2012,Q1,2012-05-09,2012-03-31,-280600000.0,2206100000.0,115300000.0,-2.24121,1044400000.0,0.47341462309052174,28410000000.0,763000000.0,2103000000.0,1789000000.0,27647000000.0,45000000.0,-6063000000.0,1727760000.0,20484760000.0,6.094249201277956,1.1755170486305198,0.6966209081309398,25.938401048492793,0.0036216982118269974,6.094249201277956,-0.36775884665792924,0.7831739268392185,-1.5393442622950821,2.2644298820445607,0.0,25.815555555555555,0.0,0.07765223512847588,0.9049748462828395,-0.009876803942273847,22.236293436293437,0.47341462309052174,-0.2053242783505156,-3.2908037911063825,0.2567189980591981,-0.8146675018108471,0.09121303938982342,-0.20532646048109965,-0.37709346299297675,-1.1111662184513817,-0.023117985277753512,-0.0417847167801957,Resorts & Casinos,Consumer Cyclical,CZR
2011Q4,2011,Q4,2012-03-15,2011-12-31,-232800000.0,2072200000.0,185100000.0,-1.8594249201277955,957100000.0,0.46187626676961685,28516000000.0,1007000000.0,1837000000.0,1603000000.0,27509000000.0,45000000.0,-5783000000.0,1727760000.0,20636760000.0,8.043130990415335,1.1459762944479102,0.6929443119652126,19.62264150943396,0.004105210083725341,8.043130990415335,-0.23118172790466732,0.8337805231155294,-1.8554123711340207,1.7157497517378353,0.0,24.78,0.0,0.072667975873194,0.8602620087336245,-0.008163837845420114,-5.717273328921245,0.46187626676961685,-0.41724460375594163,-8.472856874379145,0.3026532188504974,-0.7465572461758435,-0.06037698802277636,-0.4195121951219512,0.029477196885428252,0.951396224458716,-0.09195497877553224,0.14378995881901807,Resorts & Casinos,Consumer Cyclical,CZR
2011Q3,2011,Q3,2011-11-10,2011-09-30,-164000000.0,2189700000.0,179800000.0,-1.312,1018600000.0,0.46517787824816187,28866000000.0,1162000000.0,2028000000.0,1792000000.0,27704000000.0,49000000.0,-5562000000.0,1725000000.0,20195000000.0,9.296,1.1316964285714286,0.678133444190397,16.84595524956971,0.006102069725653511,9.296,-0.14113597246127366,0.7877791478284697,-2.629573170731707,1.4845094664371774,0.0,23.9,0.0,0.07585741010184993,0.8733258928571429,-0.005681424513268205,16.091417910447767,0.46517787824816187,-0.0555023692488396,-2.3793769751693,0.2989169671641792,-0.7148287831384817,-0.004398397028638452,-0.05466237942122187,-0.26999593991067805,-0.2644564379336931,-0.17241770286103025,-0.8001719690455719,Resorts & Casinos,Consumer Cyclical,CZR
2011Q2,2011,Q2,2011-08-11,2011-06-30,-155500000.0,2161700000.0,246300000.0,-1.24301,1023100000.0,0.47328491465050654,28963000000.0,1350000000.0,1967000000.0,1629000000.0,27613000000.0,50000000.0,-5398000000.0,1726380000.0,20272380000.0,10.79136690647482,1.207489257213014,0.6746193419190001,14.473333333333333,0.007144427980861046,10.79136690647482,-0.11518518518518518,0.7986214553360781,-2.7755305466237945,1.2788,0.0,22.772,0.0,0.07463660532403411,0.8937998772252916,-0.005368918965576771,-15.077554585152834,0.47328491465050654,-0.05495391509514017,-2.808447487732986,0.3619133590722096,-0.6600328762078735,0.04132315521628499,-0.05495251017639077,0.08121158911325724,-0.5919641336111436,-0.1699119855570139,-0.7764837011914909,Resorts & Casinos,Consumer Cyclical,CZR
2011Q1,2011,Q1,2011-05-12,2011-03-31,-147400000.0,2116100000.0,227800000.0,-1.17826,982500000.0,0.4642975284721894,28405000000.0,1514000000.0,1706000000.0,1764000000.0,26890000000.0,47000000.0,-5242000000.0,1726380000.0,19596380000.0,12.102318145483613,0.9671201814058957,0.6565041365956698,12.317040951122854,0.007294311369112174,12.102318145483613,-0.09735799207397622,0.8158310098766599,-2.9280529172320215,1.1402774108322327,0.0,24.119148936170212,0.0,0.07449744763245908,0.7074829931972789,-0.005189227248723816,12.340100071479629,0.4642975284721894,0.25123284189120487,-2.2079722187162556,0.3420828528742199,-0.6121450740007822,0.045769026077700906,0.25063548551093034,0.1505050505050505,0.21574987081687147,-0.18695359793069946,-0.745920428588268,Resorts & Casinos,Consumer Cyclical,CZR
2010Q4,2010,Q4,2011-03-04,2010-12-31,-196700000.0,2121000000.0,198000000.0,-1.5736,939500000.0,0.44295143800094294,28588000000.0,1633000000.0,1791000000.0,1583000000.0,26955000000.0,50000000.0,-5106000000.0,1725000000.0,19579000000.0,13.064,1.131396083385976,0.6571288652581503,11.503980404164116,0.0063084811824076345,13.064,-0.12045315370483772,0.8132956152758133,-2.1924250127097102,1.0563380281690142,0.0,23.63,0.0,0.07419196865817826,0.8717624763108023,-0.00688050930460333,-11.02941176470588,0.44295143800094294,-0.19356796116504862,-0.9277153305203939,0.4108952744630072,-0.5982791173874669,-0.10215978593272171,-0.19356796116504854,-0.2177005136309759,-3.1150627615062763,-0.19276879162702187,-0.7535838237513204,Resorts & Casinos,Consumer Cyclical,CZR
2010Q3,2010,Q3,2010-11-05,2010-09-30,-164800000.0,2288500000.0,253100000.0,-1.3184,1046400000.0,0.45724273541621147,29288000000.0,1018000000.0,2266000000.0,2145000000.0,28270000000.0,49000000.0,-4904000000.0,1725000000.0,20118000000.0,8.144,1.0564102564102564,0.6645042338158973,19.11787819253438,0.007736442750287686,8.144,-0.1618860510805501,0.7537688442211056,-2.6168082524271847,1.694499017681729,0.0,25.348979591836734,0.0,0.07813780387872166,0.882051282051282,-0.00562687790221251,10.467233009708737,0.45724273541621147,0.3985401459854015,-2.443999053254438,0.4912914979757085,-0.7448452268111035,0.040986868284918425,0.39854014598540144,12.755434782608695,-2.028718821603928,0.2292136746118367,-0.766421898029779,Resorts & Casinos,Consumer Cyclical,CZR
2010Q2,2010,Q2,2010-08-16,2010-06-30,-274000000.0,2220700000.0,18400000.0,-2.192,1005200000.0,0.4526500652947269,29289000000.0,1179000000.0,2062000000.0,1782000000.0,28110000000.0,50000000.0,-4739000000.0,1725000000.0,20270000000.0,9.432,1.1571268237934904,0.6762265697019358,16.798982188295167,0.0005497758188770472,9.432,-0.23240033927056827,0.7767820957355789,-1.573905109489051,1.4631043256997456,0.0,24.31,0.0,0.07582027382293693,0.920314253647587,-0.00935504797022773,-13.900080580177274,0.4526500652947269,-0.4008179959100206,-3.5960075614366733,0.5638820289447801,-0.7957432423090217,0.008224674022066199,-0.40081799591002043,-0.8968609865470852,-13.360111157894737,7.8058670219853425,0.963521591792321,Resorts & Casinos,Consumer Cyclical,CZR
2010Q1,2010,Q1,2010-05-10,2010-03-31,-195600000.0,2188400000.0,178400000.0,-1.5648,997000000.0,0.4555839883019558,29264000000.0,1488000000.0,1673000000.0,1817000000.0,27776000000.0,50000000.0,-4465000000.0,1725000000.0,20108000000.0,11.904,0.9207484865162355,0.6579073264078732,12.938844086021506,0.00557861224868214,11.904,-0.1314516129032258,0.788247121184427,-2.204754601226994,1.1592741935483872,0.0,23.828,0.0,0.07478130125751777,0.7011557512383049,-0.006683980317113177,14.532434709351305,0.4555839883019558,-1.6617050067658998,-2.730626589595376,0.6484797900262469,-0.3696590405904059,0.056591776176345907,-1.6617050067658998,-0.7868578255675029,-2.59942320561252,0.24863069739418595,-0.6379868978805395,Resorts & Casinos,Consumer Cyclical,CZR
2009Q4,2009,Q4,2010-03-09,2009-12-31,295600000.0,2099100000.0,837000000.0,2.3648,943600000.0,0.44952598732790244,28979000000.0,1720000000.0,1599000000.0,1606000000.0,27260000000.0,53000000.0,-4269000000.0,1725000000.0,19750000000.0,13.76,0.9956413449564134,0.6511266779391973,10.970348837209302,0.03374520104374635,13.76,0.17186046511627906,0.8217807631842218,1.4588971583220571,1.002906976744186,0.0,21.80188679245283,0.0,0.07243521170502779,0.7733499377334994,0.010200490010007246,-7.513066202090592,0.44952598732790244,1.1819860863141045,2.4780088426527955,0.8306175228915664,-0.2352550368550369,-0.12418785966214962,1.1819860863141045,1.7958543310830084,8.503912605042016,0.32167474697605525,-0.5664160764289243,Resorts & Casinos,Consumer Cyclical,CZR
2009Q3,2009,Q3,2009-11-12,2009-09-30,-1624300000.0,2282200000.0,-1051700000.0,-12.9944,1077400000.0,0.4720883358163176,29231000000.0,1409000000.0,1679000000.0,1798000000.0,27821000000.0,53000000.0,-4569000000.0,1725000000.0,20119000000.0,11.272,0.9338153503893215,0.6600184735383668,13.692689850958127,-0.055190541372530946,11.272,-1.1528034066713981,0.7558496187888879,-0.26549898417779966,1.2242725337118525,0.0,22.732075471698113,0.0,0.07807464677910438,0.7119021134593994,-0.05556771920221682,9.224598930481283,0.4720883358163176,-1.7175587188376285,-13.30530303030303,0.5682828128579064,-0.3523493360572012,-0.007736231350156567,-1.7096111839231105,-1.24539175883149,-14.661719638826186,0.3537874149253731,-0.6542114934958011,Resorts & Casinos,Consumer Cyclical,CZR
2009Q2,2009,Q2,2009-08-13,2009-06-30,2289000000.0,2271400000.0,4285800000.0,18.10918,1085800000.0,0.4780311702033988,30712000000.0,3137000000.0,1730000000.0,1714000000.0,27576000000.0,56000000.0,-2941000000.0,1744320000.0,20175320000.0,24.818037974683545,1.0093348891481915,0.6299166449596248,6.167038571883966,0.11422521923077714,24.818037974683545,0.7296780363404527,0.7679492823809104,0.1905111402359109,0.5560471788332803,0.0,21.17142857142857,0.0,0.07395806199531128,0.7427071178529755,0.07453112789789007,-48.99775280898881,0.4780311702033988,18.05838357196684,21.80712341070476,0.9681689260765352,0.506856821979717,0.018956456456456456,18.24943481537302,13.953942777390091,25.347022215878894,0.41630867274436506,-0.218141959073364,Resorts & Casinos,Consumer Cyclical,CZR
2009Q1,2009,Q1,2009-05-14,2009-03-31,-132700000.0,2254700000.0,286600000.0,-1.0616,1065600000.0,0.47261276444759837,31950000000.0,795000000.0,2568000000.0,2029000000.0,31155000000.0,61000000.0,-5229000000.0,1725000000.0,24531000000.0,6.36,1.2656481025135535,0.7570892018779343,30.42641509433962,0.0072456565558427395,6.36,-0.1669182389937107,0.7650685235286291,-3.2498116051243406,2.169811320754717,0.0,19.49344262295082,0.0,0.0705696400625978,1.0478068013799902,-0.004153364632237872,-10.385310054184226,0.47261276444759837,0.97225068484557,-2.458726650366748,1.00259407348874,-0.6140043196544276,0.06357919952091028,0.97225068484557,1.065106769650159,-2.088372807017544,0.43113038313038327,-0.7961748071979434,Resorts & Casinos,Consumer Cyclical,CZR
2008Q4,2008,Q4,2009-03-17,2008-12-31,-4782100000.0,2278400000.0,-4402000000.0,-38.2568,1001900000.0,0.4397384129213483,31049000000.0,879000000.0,1464000000.0,2001000000.0,30170000000.0,63000000.0,-5096000000.0,1725000000.0,24283000000.0,7.032,0.7316341829085458,0.7447260781345615,26.306029579067122,-0.1755819016711508,7.032,-5.440386803185438,0.7571102528089888,-0.09018004642311955,1.9624573378839592,0.0,20.261904761904763,0.0,0.07338078521047377,0.5222388805597201,-0.15401784276466232,-4.8144013396595025,0.4397384129213483,-35.87047031611411,-121.28197288135593,1.1350109029677962,-0.5496768699654776,-0.213270514330585,-35.87047031611411,-13.330532212885155,-45.86592517580872,0.5155982052505967,-0.7837644483671669,Resorts & Casinos,Consumer Cyclical,CZR
2008Q3,2008,Q3,2008-11-10,2008-09-30,-129700000.0,2645900000.0,357000000.0,-1.0376,1273500000.0,0.4813107071317888,37012000000.0,5815000000.0,1867000000.0,2035000000.0,31197000000.0,70000000.0,-314000000.0,1725000000.0,24933000000.0,46.52,0.9174447174447175,0.6519507186858317,4.149613069647463,0.00868069001206704,46.52,-0.02230438521066208,0.6519520767980649,-3.324980724749422,0.29664660361135,0.0,19.605714285714285,0.0,0.0714876256349292,0.6972972972972973,-0.0035042688857667786,-4.762562120375484,0.4813107071317888,-0.32889344262295084,-2.1543951758793973,1.2457437607820585,2.006283712784589,0.04103654050519088,-0.32889344262295084,0.10492107706592387,-2.1364482840236687,0.7241897201196973,0.4574901828029792,Resorts & Casinos,Consumer Cyclical,CZR
2008Q2,2008,Q2,2008-08-11,2008-06-30,-97600000.0,2602100000.0,323100000.0,-0.7808,1223300000.0,0.47012028746012835,37408000000.0,6035000000.0,2123000000.0,2248000000.0,31374000000.0,72000000.0,-185000000.0,1725000000.0,24490000000.0,48.28,0.9443950177935944,0.6397294696321643,3.9653686826843413,0.0074581478191229535,48.28,-0.016172328086164044,0.6629260981514931,-4.418545081967213,0.2858326429163215,0.0,19.15,0.0,0.0695599871685201,0.7424377224199288,-0.002609067579127459,-8.612081877184222,0.47012028746012835,0.48029818956336523,-2.1289533246414605,1.5756812674327791,2.2627982937233395,-0.0123526562247699,0.4802981895633653,0.7032156035846073,-1.9247092627599247,0.8324750878179009,0.04553819564465959,Resorts & Casinos,Consumer Cyclical,CZR
2008Q1,2008,Q1,2008-05-16,2008-03-31,-187800000.0,2600600000.0,189700000.0,-1.5024,1238600000.0,0.4762747058371145,37088000000.0,5954000000.0,2233000000.0,1961000000.0,31134000000.0,70000000.0,-87000000.0,1725000000.0,24298000000.0,47.632,1.1387047424783274,0.6431729939603106,4.006382264024185,0.004873621325933669,47.632,-0.03154182062479006,0.6633084672767823,-2.2963258785942493,0.289721195834733,0.0,19.457142857142856,0.0,0.07011971527178602,0.9056603773584906,-0.005063632441760138,11.631827376938638,0.4762747058371145,-2.9288702928870287,-3.039633045622688,1.1631962224950423,2.374699613899614,-0.008406052357697542,-2.928870292887029,0.30199039121482496,-2.66161387283237,0.9589821522309712,1.5222110701107012,Resorts & Casinos,Consumer Cyclical,CZR
2007Q4,2007,Q4,2008-02-29,2007-12-31,-47800000.0,2627500000.0,145700000.0,-0.3824,1249100000.0,0.47539486203615605,23358000000.0,6627000000.0,1678000000.0,1804000000.0,16731000000.0,70000000.0,1197000000.0,1725000000.0,13455000000.0,53.016,0.9301552106430155,0.5321517253189485,1.8756601780594537,0.0071645589547148026,53.016,-0.00721291685528897,0.6565176022835395,-9.021966527196653,0.2602987777274785,-1.5690376569037656,19.69142857142857,0.043478260869565216,0.11248822673174073,0.6601995565410199,-0.0020464080828838088,-253.67647058823678,0.47539486203615605,-1.29837935689261,-1.7917595547309833,1.327907115212861,3.022152005438477,-0.0968838117272793,-1.1955810147299508,-0.7466968011126565,-1.56241144343303,1.2914332530120483,1.9464912039312037,Resorts & Casinos,Consumer Cyclical,CZR
2007Q3,2007,Q3,2007-11-07,2007-09-30,244400000.0,2840300000.0,575200000.0,1.28159,1383100000.0,0.4869556032813435,23186000000.0,6649000000.0,1596000000.0,1780000000.0,16537000000.0,72000000.0,1333000000.0,2631660000.0,14269660000.0,34.86628211851075,0.8966292134831461,0.5297162080565859,1.8471950669273576,0.018914891035751,34.86628211851075,0.03675740712889156,0.9265429708129423,2.6919599018003275,0.3957978643405023,0.306873977086743,20.238888888888887,0.028499122227035406,0.12250064694212025,0.6348314606741573,0.0105408436125248,9.576637554585153,0.4869556032813435,6.22673959625578,0.43386273603763115,0.5099860167443396,1.6318569668615333,0.07869287162689129,0.029052631578947368,0.203599079305294,0.2136308019894805,0.2793642643597675,1.0032976191687741,Resorts & Casinos,Consumer Cyclical,CZR
2007Q2,2007,Q2,2007-08-09,2007-06-30,237500000.0,2701800000.0,477900000.0,0.17734,1282200000.0,0.4745725072174106,22712000000.0,6433000000.0,1611000000.0,1727000000.0,16279000000.0,74000000.0,1163000000.0,18480960000.0,29961960000.0,4.803614097968937,0.9328314997104806,0.536808735470236,1.8952277320068398,0.016237247686998496,4.803614097968937,0.03691901134773822,6.840239840106595,19.453642105263157,2.872836934556195,0.3141052631578947,19.183783783783785,0.004036586843973474,0.11895914054244452,0.6519976838448176,0.010457027122226136,763.6760330578518,0.4745725072174106,-0.8187356263096028,-0.7629224964164644,-0.7705196601304689,-0.6120028191745792,-0.03796518607442977,0.2817053426875337,0.059175531914893616,-0.776647937544869,-0.7790349534934833,-0.708342831892426,Resorts & Casinos,Consumer Cyclical,CZR
2007Q1,2007,Q1,2007-05-08,2007-03-31,185300000.0,2655600000.0,451200000.0,0.97835,1332800000.0,0.5018828136767586,22488000000.0,6228000000.0,1571000000.0,1742000000.0,16260000000.0,69000000.0,1003000000.0,2613720000.0,14020720000.0,32.88278775079198,0.9018369690011481,0.5403326218427605,1.9510276172125882,0.015549974560973956,32.88278775079198,0.029752729608220937,0.9842295526434705,3.5263356718834324,0.4196724470134875,0.4025903939557474,19.171014492753624,0.028541695361400606,0.11808964781216649,0.6808266360505166,0.008239950195659908,-36.709550561797755,0.5018828136767586,2.931958845751949,19.65392467441042,0.6633994096094347,1.6622724123783454,0.1448204775811716,2.892857142857143,0.9625924314919531,0.34433792984150174,0.5566710905156211,0.995694029799686,Resorts & Casinos,Consumer Cyclical,CZR
