Year,Date,FillingDate,NetIncome,Revenue,OperatingIncome,EPSDiluted,GrossProfit,GrossProfitRatio,TotalAssets,CommonStockEquity,CurrentAssets,CurrentLiability,TotalLiability,Inventory,RetainedEarnings,EnterpriseValue,bookValuePerShare,currentRatio,debtToAssets,debtToEquity,roic,shareholdersEquityPerShare,roe,priceToSalesRatio,peRatio,pbRatio,payoutRatio,inventoryTurnover,dividendYield,assetTurnover,quickRatio,returnOnAssets,priceToFreeCashFlowsRatio,grossProfitMargin,epsdilutedGrowth,fiveYNetIncomeGrowthPerShare,fiveYRevenueGrowthPerShare,fiveYShareholdersEquityGrowthPerShare,grossProfitGrowth,netIncomeGrowth,operatingIncomeGrowth,threeYNetIncomeGrowthPerShare,threeYRevenueGrowthPerShare,threeYShareholdersEquityGrowthPerShare,Industry,Sector,Price,MarketCap,AvgVolume,Symbol
2022,2022-12-31,2022-12-31,-86917375.0,-85613509.0,-83738142.0,-4.67,-85613509.0,1.0,757893003.0,632128454.0,5034375.0,539242.0,125764549.0,0.0,277524459.0,618483243.01,33.98490559626793,9.336021674869539,0.0,0.0,-0.13247013557152737,33.98490559626793,-0.13749954530602415,-7.2368839245918535,-7.128321892026768,0.9801410189486581,-0.515295635653976,0.0,0.07228849138116909,-0.11296252724475937,9.336021674869539,-0.11468290993049318,16.13338112636527,1.0,-1.345925925925926,-2.3584037976274423,-2.314329769364398,-0.08133383192943251,-1.3352738343619257,-1.3421654686990256,-1.328503974535144,-1.490851801337508,-1.4803565158618819,-0.06642468222652287,Asset Management,Financial Services,27.5,529738000,86724,BTO
2021,2021-12-31,2021-12-31,254021469.0,255353983.0,254907546.0,13.5,255353983.0,1.0,882711207.0,757238413.0,4970524.0,78412.0,78412.0,0.0,412368657.0,875775237.95,40.24352223498591,63.38983829005765,0.0,0.0,0.33662785936877715,40.24352223498591,0.33545771667027147,3.4331021535309283,3.4511110907322564,1.1577018464724926,0.1533309729816577,0.0,0.04442945154487158,0.2892837215331741,63.38983829005765,0.2877741519373278,27.58964331771626,1.0,3.3684210526315788,0.3119533605853202,0.3113522053750257,0.14920788194834744,3.4344434250798637,3.39594196632392,3.4369391680553174,3.170418066784403,3.205667104286707,0.38269582133822194,Asset Management,Financial Services,27.5,529738000,86724,BTO
2020,2020-12-31,2020-12-31,-106021545.0,-104892141.0,-104601522.0,-5.7,-104892141.0,1.0,660712571.0,534735344.0,5060233.0,752663.0,752663.0,0.0,199842479.0,563893586.85,28.748793176185444,6.723105825581967,0.0,0.0,-0.19561363050653335,28.748793176185444,-0.1982691927691243,-5.3818924799142005,-5.324561388442321,1.0556964883361066,-0.3706601238455825,0.0,0.06961326892580304,-0.15875608487552145,6.723105825581967,-0.1604654575279755,14.140523986814694,1.0,-1.5987394957983192,-1.5539358616546723,-1.5449253917042698,-0.1790395601642162,-1.5859713413853207,-1.5961423204105258,-1.576557253107349,-2.6569767478404493,-2.610293341541087,-0.22287429667835096,Asset Management,Financial Services,27.5,529738000,86724,BTO
2019,2019-12-31,2019-12-31,177846030.0,179005582.0,181424345.0,9.52,179005582.0,1.0,805549282.0,680054848.0,1655555.0,253315.0,253315.0,0.0,347059712.0,678130826.8,36.402960692362726,6.535558494364723,0.0,0.0,0.266778989273524,36.402960692362726,0.2615171857432299,3.788325482498082,3.8130252769769446,0.9971716396028104,0.22741374097583172,0.0,0.05964128859804744,0.2222155565151382,6.535558494364723,0.22077610144279167,19.13780701726412,1.0,2.530546623794212,-0.07482994815495926,-0.07408161721067326,0.039535483739294074,0.0,2.533559272716411,0.0,-0.07482994815495926,-0.07408161721067326,0.039535483739294074,Asset Management,Financial Services,27.5,529738000,86724,BTO
2018,2018-12-31,2018-12-31,-115969453.0,-114714747.0,0.0,-6.22,0.0,0.0,663246658.0,542653449.0,0.0,0.0,120593209.0,0.0,210316045.0,520732784.51,29.105115972677783,0.0,0.0,0.0,0.0,29.105115972677783,-0.21370812848182966,-4.539467567408749,-4.490353796098357,0.9596251059854592,-0.2636122979729843,0.0,0.05870635365125028,-0.17295940449352404,0.0,-0.17485116826627115,25.832423925902955,0.0,-2.808139534883721,-1.6044703463646766,-1.594537681060944,-0.16886428365994238,0.0,-2.8095563061540294,0.0,-1.6044703463646766,-1.594537681060944,-0.16886428365994238,Asset Management,Financial Services,27.5,529738000,86724,BTO
2017,2017-12-31,2017-12-31,64087231.0,65242673.0,0.0,3.44,0.0,0.0,799744368.0,689193876.0,0.0,0.0,110550492.0,0.0,279475.0,732294727.9699999,36.99374895632096,0.0,0.0,0.0,0.0,36.99374895632096,0.0929886832018223,11.230659632385079,11.433139527747734,1.0631525895479663,0.4105292363154214,0.0,0.0359069558557459,0.0815794091343948,0.0,0.08013464497445513,29.01473315248052,0.0,-0.6656948493683188,-0.6656948491421976,-0.6615986804101396,0.05640623688905543,0.0,-0.6651927283342934,0.0,-0.6656948491421976,-0.6615986804101396,0.05640623688905543,Asset Management,Financial Services,27.5,529738000,86724,BTO
2016,2016-12-31,2016-12-31,191415290.0,192507602.0,0.0,10.29,0.0,0.0,761793637.0,651416327.0,0.0,0.0,110377310.0,0.0,1265316.0,673217151.6300001,35.01848783594986,0.0,0.0,0.0,0.0,35.01848783594986,0.2938447841513804,3.5047812949745234,3.524781341292015,1.035738612412765,0.1350761425589356,0.0,0.03832185020289037,0.252703084733169,0.0,0.2512692161013679,26.605392997526092,0.0,0.0,0.0,0.0,0.0,0.0,0.0,0.0,0.0,0.0,0.0,Asset Management,Financial Services,27.5,529738000,86724,BTO
2010,2010-10-31,2010-10-31,0.0,0.0,0.0,0.0,0.0,0.0,,,,,,,,,,0.0,0.0,0.0,0.0,,0.0,0.0,0.0,0.0,0.0,0.0,,0.0,0.0,0.0,0.0,0.0,0.0,0.0,0.0,0.0,0.0,0.0,0.0,0.0,0.0,0.0,Asset Management,Financial Services,27.5,529738000,86724,BTO
TTM,,,,,,,,,,,,,,,,528646216.0,33.98490559626793,9.336021674869539,0.0,0.0,-0.13247013557152737,33.98490559626793,-0.1251179613742725,-6.187551546333652,-5.884985050457402,0.8091827685706423,-0.515295635653976,0.0,0.09454545454545454,-0.11296252724475937,9.336021674869539,-0.11468290993049318,13.794076065916945,1.0,,,,,,,,,,,Asset Management,Financial Services,27.5,529738000,86724,BTO
