Year,Date,FillingDate,NetIncome,Revenue,OperatingIncome,EPSDiluted,GrossProfit,GrossProfitRatio,TotalAssets,CommonStockEquity,CurrentAssets,CurrentLiability,TotalLiability,Inventory,RetainedEarnings,EnterpriseValue,bookValuePerShare,currentRatio,debtToAssets,debtToEquity,roic,shareholdersEquityPerShare,roe,priceToSalesRatio,peRatio,pbRatio,payoutRatio,inventoryTurnover,dividendYield,assetTurnover,quickRatio,returnOnAssets,priceToFreeCashFlowsRatio,grossProfitMargin,epsdilutedGrowth,fiveYNetIncomeGrowthPerShare,fiveYRevenueGrowthPerShare,fiveYShareholdersEquityGrowthPerShare,grossProfitGrowth,netIncomeGrowth,operatingIncomeGrowth,threeYNetIncomeGrowthPerShare,threeYRevenueGrowthPerShare,threeYShareholdersEquityGrowthPerShare,Industry,Sector,Price,MarketCap,AvgVolume,Symbol
2022,2022-12-31,2023-03-10,25887000.0,92564000.0,41325000.0,1.03,92564000.0,1.0,2553150000.0,228143000.0,36830000.0,41350000.0,2325007000.0,0.0,127982000.0,239395535.58,10.399290775324987,0.890689238210399,0.02436245422321446,0.2726404053597963,0.1064000372171874,10.399290775324987,0.11346830715822971,2.242086940711292,8.017017637424189,0.9096774197761931,0.2040020087302507,0.0,0.02544612198156459,0.03625482247419854,4.485586457073761,0.010139239762646144,5.938777988324844,1.0,0.00980392156862746,1.859845790513137,0.8555639256410195,0.2557060868881004,0.07957686521034278,0.09232457065698975,0.07628398791540786,1.3146627110479479,0.6323407459980083,0.17362394887419108,Banks—Regional,Financial Services,5.9,131034870,66001,WNEB
2021,2021-12-31,2022-03-11,23699000.0,85741000.0,38396000.0,1.02,85741000.0,1.0,2538425000.0,223688000.0,305583000.0,0.0,22286000.0,0.0,107376000.0,122269025.07999998,9.631912457452286,0.0,0.008779459704344229,0.09962984156503701,0.11661082263962307,9.631912457452286,0.10594667572690533,2.372715796176858,8.584287315076585,0.9094767045170058,0.19735009916030213,0.0,0.022989689407727082,0.0337772437633572,0.0,0.009336104080286005,8.446710611583972,1.0,1.2666666666666668,3.1603955465282225,0.646218010343239,-0.20373987041719724,0.16367856028012648,1.1131520285332144,0.17775528358025827,0.7965744205902294,0.5401781685880904,0.17384847632495704,Banks—Regional,Financial Services,5.9,131034870,66001,WNEB
2020,2020-12-31,2021-03-11,11215000.0,73681000.0,32601000.0,0.45,73681000.0,1.0,2365886000.0,226640000.0,297801000.0,0.0,57850000.0,0.0,88354000.0,142981173.54999998,9.048518207328206,0.0,0.024451727598033043,0.25525061771973173,0.09078678575247918,9.048518207328206,0.04948376279562301,2.342193693760942,15.387888858671422,0.7614506422079068,0.44913062862238073,0.0,0.029187280513095566,0.031143089734670226,0.0,0.004740296024406924,8.03198238620497,1.0,-0.11764705882352941,0.37089100518875107,0.3600157411039298,0.13524108495913098,0.08860291944920513,-0.15986216195969735,-0.21135516957762834,0.08518679203633142,0.2937002080702772,0.09260137404944806,Banks—Regional,Financial Services,5.9,131034870,66001,WNEB
2019,2019-12-31,2020-03-11,13349000.0,67684000.0,41338000.0,0.51,67684000.0,1.0,2181476000.0,232024000.0,257762000.0,35000000.0,1949452000.0,0.0,82176000.0,467938785.68,8.860837225842738,7.364628571428572,0.11025333306440227,1.0365953522049443,0.06789016125641925,8.860837225842738,0.05753284143019688,3.725618841676024,18.890162984493223,1.086804751577423,0.395085774215297,0.0,0.02091489493974296,0.031026699354015353,7.364628571428572,0.006119251369256412,17.891640817369094,1.0,-0.10526315789473675,0.5043610389991848,0.3229404475939085,0.13034769463395893,-0.02254314390930753,-0.1864334470989761,0.0,1.0783818622790537,0.15254218418187102,-0.26748385340621095,Banks—Regional,Financial Services,5.9,131034870,66001,WNEB
2018,2018-12-31,2019-03-13,16408000.0,69245000.0,0.0,0.57,69245000.0,1.0,2118822000.0,237029000.0,1817867000.0,59250000.0,1881793000.0,0.0,74108000.0,531749516.15999997,8.205413775044914,30.681299578059072,0.12613990226644806,1.1275751068434665,0.0,8.205413775044914,0.0692235971125896,4.188382065997544,17.67579937591419,1.2235824146412462,0.28284982935153585,0.0,0.01600209548298898,0.0326808953276868,4.809164556962025,0.0077439256341495415,13.609146270001407,1.0,0.39024390243902435,0.6881557679863499,0.25399560417638284,0.06886134230319932,0.019883643861845497,0.33181818181818185,0.0,0.7390713286437701,0.10824285979139493,0.029463899290876516,Banks—Regional,Financial Services,5.9,131034870,66001,WNEB
2017,2017-12-31,2018-03-15,12320000.0,67895000.0,0.0,0.41,67895000.0,1.0,2083070000.0,247281000.0,1754604000.0,144650000.0,1835789000.0,0.0,62578000.0,608088925.6,8.281628068791624,12.129996543380575,0.14854805647433836,1.2513537230923524,0.0,8.281628068791624,0.04982186257739171,4.793621409529421,26.417445259740262,1.3161663273765474,0.29050324675324674,0.0,0.010996644221156721,0.03259371984618856,2.220338748703768,0.005914347573533295,19.548496942759325,1.0,0.7083333333333333,0.616510283946343,0.48776660273299827,0.07256864975794856,0.536120726713274,1.5486139842780307,0.0,0.21757907803132825,0.16379153921650344,0.05645989840245357,Banks—Regional,Financial Services,5.9,131034870,66001,WNEB
2016,2016-12-31,2017-03-15,4834000.0,44199000.0,0.0,0.24,44199000.0,1.0,2076018000.0,238396000.0,1736833000.0,172351000.0,1837622000.0,0.0,51711000.0,415610313.79999995,12.096439466960234,10.077301553225684,0.14315241968036885,1.2466106813872715,0.0,12.096439466960234,0.020277185858823134,4.169083323152107,38.119427761688044,0.7729547215557308,0.5045510964004964,0.0,0.013236061662698828,0.021290277829961013,2.1568949411375624,0.002328496188376016,-507.6289636363636,1.0,-0.27272727272727276,0.10581665577117677,0.7241858214113625,0.4628138717014942,0.16783364599571962,-0.15415573053368328,0.0,-0.2710074230160566,0.17322046103432087,0.5757177980550703,Banks—Regional,Financial Services,5.9,131034870,66001,WNEB
2015,2015-12-31,2016-03-11,5715000.0,37847000.0,0.0,0.33,37847000.0,1.0,1339930000.0,139466000.0,0.0,128407000.0,1200464000.0,0.0,49316000.0,415142008.0,7.970569711766514,0.0,0.21028337301202302,2.020313194613741,0.0,7.970569711766514,0.040977729339050376,3.883531270642323,25.71828661417323,1.053876987939713,0.36710411198600174,0.0,0.014274050114352966,0.028245505362220414,1.5581004150864048,0.004265148179382505,16.596658536585366,1.0,-0.029411764705882377,1.9983263164337828,0.6167138887261884,-0.0058623571869513775,0.06527246115739699,-0.07254138266796495,0.0,0.2796171268830684,0.4152218282072116,0.03228291859264782,Banks—Regional,Financial Services,5.9,131034870,66001,WNEB
2014,2014-12-31,2015-03-13,6162000.0,35528000.0,0.0,0.34,35528000.0,1.0,1320096000.0,142543000.0,0.0,93997000.0,1177553000.0,0.0,45699000.0,441428644.26,7.839036844952515,0.0,0.24731231667999903,2.2903685203763073,0.0,7.839036844952515,0.043229060704489175,3.7567170755460477,21.659955251541707,0.9363395204254155,0.6218760142810775,0.0,0.028710863298612485,0.026913194191937558,2.53709160930668,0.0046678423387390006,12.821195414024976,1.0,0.0,0.8193922992509031,0.5933029351825404,-0.0709452948351352,-0.07438188781491806,-0.08792184724689166,0.0,0.5277644267428673,0.5021060820682214,-0.05203081709321705,Banks—Regional,Financial Services,5.9,131034870,66001,WNEB
2013,2013-12-31,2014-03-17,6756000.0,38383000.0,0.0,0.34,38383000.0,1.0,1276841000.0,154144000.0,0.0,48197000.0,1122697000.0,0.0,43248000.0,427144212.46000004,7.676780373929287,0.0,0.2322716767397037,1.924006124143658,0.0,7.676780373929287,0.0438291467718497,3.902540511684861,22.171582661338068,0.9717615506279842,0.8691533451746596,0.0,0.039201231524633326,0.030060908131866067,5.532004066643152,0.005291183475467971,11.363314554695798,1.0,0.30769230769230776,0.47350886658583075,0.5880456139734656,-0.1345484907072333,0.024967955565050205,0.08026862807803006,0.0,2.088757228278618,0.42880215651406856,-0.04250553958957757,Banks—Regional,Financial Services,5.9,131034870,66001,WNEB
2012,2012-12-31,2013-03-15,6254000.0,37448000.0,0.0,0.26,37448000.0,1.0,1301462000.0,189187000.0,0.0,69934000.0,1112275000.0,0.0,42364000.0,514642105.73,7.721303499464185,0.0,0.26800244647942084,1.843652047973698,0.0,7.721303499464185,0.03305723966234467,4.730535829149755,28.32572845059162,0.9363703940017021,1.7142628717620723,0.0,0.0605196394067058,0.02877379439430425,9.11446506706323,0.004805365043312828,17.399971096159515,1.0,0.18181818181818185,-0.11984489556038562,0.31994825797795384,-0.19157683964120745,0.08715090286245138,0.06469186244467143,0.0,0.3703927653903773,0.24634635027295215,-0.0848986312901313,Banks—Regional,Financial Services,5.9,131034870,66001,WNEB
2011,2011-12-31,2012-03-09,5874000.0,34446000.0,0.0,0.22,34446000.0,1.0,1263264000.0,218988000.0,0.0,52985000.0,1044276000.0,0.0,47735000.0,474238991.04,8.26929502171734,0.0,0.23772148972819618,1.3713308491789504,0.0,8.26929502171734,0.026823387582881254,5.6583635557103875,33.18147617296562,0.890039595959596,2.4353081375553285,0.0,0.07339360445752198,0.027267459533399194,0.4717561574030386,0.004649859411809408,13.65284330624825,1.0,1.0,0.4556979753380242,0.5305517380433173,-0.12728287114639675,-0.06698447953628213,0.9540918163672655,0.0,-0.028612003395822882,0.08058399752086155,-0.0677506052359084,Banks—Regional,Financial Services,5.9,131034870,66001,WNEB
2010,2010-12-31,2011-03-14,3006000.0,36919000.0,0.0,0.11,36919000.0,1.0,1239489000.0,221245000.0,0.0,62937000.0,1018244000.0,0.0,56496000.0,544743879.5,8.017571580141253,0.0,0.24291300689235645,1.3608804718750707,0.0,8.017571580141253,0.013586747723112387,6.913889311736504,84.91479690618763,1.1537159235236956,4.7554890219560875,0.0,0.05600306654692784,0.02978566167186639,0.25226814115703006,0.0024251929625837745,14.426828661052394,1.0,-0.38888888888888884,-0.4584063148972965,0.5275323073662068,1.1399941699611709,0.027211262903091178,-0.4493496977468401,0.0,-0.6243699227193974,0.15544228315271033,-0.1605574686100067,Banks—Regional,Financial Services,5.9,131034870,66001,WNEB
2009,2009-12-31,2010-03-15,5459000.0,35941000.0,0.0,0.18,35941000.0,1.0,1191410000.0,247299000.0,0.0,74499000.0,944111000.0,0.0,69253000.0,501424217.0,8.43764829064769,0.0,0.24201912020211347,1.1659731741737736,0.0,8.43764829064769,0.022074492820431946,6.727670821624328,44.29368327532515,0.9777605934516517,2.673566587287049,0.0,0.060359996947384656,0.030166777179980023,0.4552678559443751,0.004581965905943378,26.738827490876922,1.0,-0.21739130434782614,-0.059718316834200286,7.4251766331913265,1.2815014729159862,0.01896688591517351,-0.184127933044388,0.0,0.2223661624371609,0.4429466135211495,-0.10951536120653484,Banks—Regional,Financial Services,5.9,131034870,66001,WNEB
2008,2008-12-31,2009-03-13,6691000.0,35272000.0,0.0,0.23,35272000.0,1.0,1109056000.0,259919000.0,0.0,49824000.0,849137000.0,0.0,78898000.0,511328694.72,8.870260542040802,0.0,0.2011837093888857,0.8584366668077362,0.0,8.870260542040802,0.02574263520558328,8.573363991834883,45.19499248542819,1.1634382046714553,2.68196084292333,0.0,0.059341991124084156,0.031803623982918805,0.3904945407835581,0.006033058745455595,28.63904675821574,1.0,-0.20689655172413784,1.0813544781610287,9.475603619727718,1.3652463309942204,0.015401445144946312,-0.23091954022988506,0.0,0.13528425080134163,0.37435690493095325,1.3675879480790996,Banks—Regional,Financial Services,5.9,131034870,66001,WNEB
TTM,,,,,,,,,,,,,,,,257654870.0,10.748032102062385,1.7133346802707343,0.058489118916165594,0.6425208599531776,0.08692550696380051,10.748032102062385,0.11648872404729878,1.3770531548194542,4.9483746057513915,0.5489376979873255,0.2116960420531849,0.0,0.04406779661016949,0.03714107840898668,1.7942418426103648,0.010098301532192435,5.950450479088143,1.0,,,,,,,,,,,Banks—Regional,Financial Services,5.9,131034870,66001,WNEB
