Quarters,Year,Quarter,FillingDate,Date,NetIncome,Revenue,OperatingIncome,EPSDiluted,GrossProfit,GrossProfitRatio,TotalAssets,CommonStockEquity,CurrentAssets,CurrentLiability,TotalLiability,Inventory,RetainedEarnings,MarketCap,EnterpriseValue,bookValuePerShare,currentRatio,debtToAssets,debtToEquity,roic,shareholdersEquityPerShare,roe,priceToSalesRatio,peRatio,pbRatio,payoutRatio,inventoryTurnover,dividendYield,assetTurnover,quickRatio,returnOnAssets,priceToFreeCashFlowsRatio,grossProfitMargin,epsdilutedGrowth,fiveYNetIncomeGrowthPerShare,fiveYRevenueGrowthPerShare,fiveYShareholdersEquityGrowthPerShare,grossProfitGrowth,netIncomeGrowth,operatingIncomeGrowth,threeYNetIncomeGrowthPerShare,threeYRevenueGrowthPerShare,threeYShareholdersEquityGrowthPerShare,Industry,Sector,Symbol
2023Q1,2023,Q1,2023-03-31,2023-03-31,38073000.0,72649000.0,88618000.0,2.61,72649000.0,1.0,6461537000.0,656541000.0,1259715000.0,4529000.0,5804996000.0,0.0,505207000.0,790941514.86,244381514.86,45.49642613761335,278.1441819386178,0.04938933259996809,0.4860793156863014,0.06356853663346541,45.49642613761335,0.05799028545056592,10.887163138652975,5.193585446773304,1.2047100102811554,0.20741732986630945,0.0,0.009984303329175739,0.011243300162175037,278.1441819386178,0.005892251332771135,14.999270174846393,1.0,-0.03690036900369007,1.388074319385472,1.0130066675662506,0.843663614422478,-0.019608107743380745,-0.037588473205257836,0.11875875825327291,1.4287583202463081,0.7225316654442071,0.4279987475563787,Banks—Regional,Financial Services,PFBC
2022Q4,2022,Q4,2022-12-31,2022-12-31,39560000.0,74102000.0,79211000.0,2.71,74102000.0,1.0,6425358000.0,630426000.0,1199414000.0,2608000.0,5794932000.0,0.0,475072000.0,1075977195.02,497395195.02,43.7206181857094,459.8980061349693,0.026293320932467886,0.2679838712235853,0.06952463777350228,43.7206181857094,0.06275121901698216,14.520218010580011,6.79965365912538,1.7067462240136035,0.15604145601617797,0.0,0.005737110441160658,0.011532742611384456,459.8980061349693,0.006156855384556004,29.50712176114082,1.0,0.1291666666666667,4.339060525025786,1.1698685093263608,0.8515158559066456,0.07430012902851675,0.12421495353661656,0.3091212586973408,1.0798396745962067,0.8071181277201225,0.38326830561471775,Banks—Regional,Financial Services,PFBC
2022Q3,2022,Q3,2022-09-30,2022-09-30,35189000.0,68977000.0,60507000.0,2.4,68977000.0,1.0,6292843000.0,590553000.0,1126026000.0,2170000.0,5702290000.0,0.0,443409000.0,939849169.0500001,379993169.0500001,40.98718545331889,518.9059907834102,0.026955701898172257,0.2872358619802118,0.05571495551846052,40.98718545331889,0.059586523140175394,13.625544298099367,6.67715173100969,1.5914730245210844,0.17866378697888544,0.0,0.006689371238530649,0.010961182409921874,518.9059907834102,0.005591908140724312,20.818916557017545,1.0,0.283422459893048,1.5688738615767566,0.8860426235984168,0.8589586858266357,0.16860652265988987,0.2536606220385479,0.34102393617021276,0.8398225610839664,0.6668646632740729,0.3473657798555976,Banks—Regional,Financial Services,PFBC
2022Q2,2022,Q2,2022-06-30,2022-06-30,28069000.0,59025000.0,45120000.0,1.87,59025000.0,1.0,6233041000.0,591592000.0,1165496000.0,752000.0,5641449000.0,0.0,414393000.0,1006172109.9599999,426506109.9599999,39.993245133379546,1549.8617021276596,0.027112287565571925,0.28565633071441127,0.04155841126361462,39.993245133379546,0.04744655100136581,17.04654146480305,8.961595621147884,1.7007872147696386,0.22690512665217857,0.0,0.006329930970013865,0.009469695450422996,1549.8617021276596,0.004503259323980061,33.82773365922539,1.0,0.07471264367816098,1.3236762246777478,0.7651726806026731,0.8800408848545207,0.12862824582201995,0.07845698697506436,0.09030278133533093,0.44093097238224604,0.3799026374726134,0.34403418207280073,Banks—Regional,Financial Services,PFBC
2022Q1,2022,Q1,2022-03-31,2022-03-31,26027000.0,52298000.0,41383000.0,1.74,52298000.0,1.0,6142356000.0,595285000.0,1410608000.0,1966000.0,5547071000.0,0.0,392610000.0,1093963818.3300002,298520818.33000016,40.31638424507344,717.501525940997,0.02763092858831367,0.2851054536902492,0.03761229107620137,40.31638424507344,0.043721914713120605,20.917890135951666,10.507970745091637,1.8377144028994516,0.24251738579167786,0.0,0.005769843475843322,0.008514322517288155,717.501525940997,0.00423729917315115,34.136231732455464,1.0,-0.02247191011235957,1.4542869280264417,0.6665001214862953,0.96041850754884,0.017807446042465407,-0.014912380303546422,-0.034258243681594365,0.4244177859951246,0.29642374049762266,0.41306094298569773,Banks—Regional,Financial Services,PFBC
2021Q4,2021,Q4,2021-12-31,2021-12-31,26421000.0,51383000.0,42851000.0,1.78,51383000.0,1.0,6046303000.0,586718000.0,1497167000.0,715000.0,5459585000.0,0.0,372952000.0,1068563280.3000001,208572280.30000007,39.41786695887083,2093.9398601398602,0.02821873134707275,0.2908023956994672,0.03872046471861581,39.41786695887083,0.045031855167218325,20.79604694743398,10.11092767400931,1.8212553224888277,0.21111994247000493,0.0,0.005220093281170931,0.008498250914649829,2093.9398601398602,0.004369777697214314,36.68508927149135,1.0,0.011363636363636374,1.525525478378267,0.6944584005794923,0.8930499870775148,0.016740210143063497,0.01055651176133104,0.007666078777189889,0.4412414051395705,0.1449484576750568,0.43290182378849873,Banks—Regional,Financial Services,PFBC
2021Q3,2021,Q3,2021-09-30,2021-09-30,26145000.0,50537000.0,42525000.0,1.76,50537000.0,1.0,5979840000.0,562021000.0,1539733000.0,2081000.0,5417819000.0,0.0,352843000.0,992503127.6000001,101501127.60000014,37.75863192554437,739.9005285920231,0.028367314175630116,0.30182502077324513,0.040236923589558334,37.75863192554437,0.04651961403577446,19.639138207649843,9.490372227959458,1.765953812402028,0.21747944157582713,0.0,0.005728949201147081,0.008451229464333495,739.9005285920231,0.004372190560282549,24.26836021224051,1.0,0.22222222222222227,1.4714572681228637,0.7068976252255857,0.8019889581456346,0.12286977581265136,0.21717877094972068,0.144529672991522,0.44406584836187124,0.2568844533014105,0.42207055386128384,Banks—Regional,Financial Services,PFBC
2021Q2,2021,Q2,2021-06-30,2021-06-30,21480000.0,45007000.0,37155000.0,1.44,45007000.0,1.0,5575908000.0,558969000.0,1178986000.0,914000.0,5016939000.0,0.0,332276000.0,946183109.76,240783109.76,37.37750998215409,1289.9190371991247,0.030680922282074957,0.30605275068921534,0.0352633024545932,37.37750998215409,0.03842789134996753,21.0230210802764,11.01237325139665,1.6927291312398365,0.26447858472998137,0.0,0.00600412324147383,0.00807168984854126,1289.9190371991247,0.0038522873763340427,56.695015265144704,1.0,0.014084507042253534,1.31712629208426,0.5349300681675506,0.8335874537940974,-0.03610819608934958,0.013494385203359441,0.01920175558908243,0.2431036535839684,0.1607816039071315,0.4615686707041554,Banks—Regional,Financial Services,PFBC
2021Q1,2021,Q1,2021-03-31,2021-03-31,21194000.0,46693000.0,36455000.0,1.42,46693000.0,1.0,5448004000.0,539269000.0,1173356000.0,2619000.0,4908735000.0,0.0,316481000.0,952017209.92,149087209.91999996,36.07145917339637,448.0168003054601,0.02178706183035108,0.2201053648550167,0.038485636222173325,36.07145917339637,0.03930135053192377,20.388863639517698,11.229796285741248,1.7653846409120493,0.21138057940926677,0.0,0.004705797283198761,0.008570661842392186,448.0168003054601,0.003890232092340608,29.458712439892317,1.0,0.0142857142857143,1.4938494665335134,0.7345517392181877,0.8191568880732782,-0.015310318648642948,0.01503831417624521,-0.004723162607840996,0.283176786095758,0.248849704356996,0.46173320506456483,Banks—Regional,Financial Services,PFBC
2020Q4,2020,Q4,2020-12-31,2020-12-31,20880000.0,47419000.0,36628000.0,1.4,47419000.0,1.0,5143641000.0,525447000.0,1002839000.0,1245000.0,4618194000.0,0.0,300969000.0,751688773.78,130239773.77999997,35.27964100972662,805.493172690763,0.022944058498639387,0.22460114911684717,0.03977077690374293,35.27964100972662,0.03973759484781529,15.852058748181108,9.000105050047893,1.430570112266318,0.21451149425287355,0.0,0.005958583068197967,0.009218955988569187,805.493172690763,0.004059381282636171,21.811472413312828,1.0,0.2173913043478261,1.5574838454122737,0.8876979882574698,0.8427356066174606,0.03713829531287592,0.21927007299270074,0.15458328079687303,1.7282371480822454,0.3443084885287594,0.4940505745537252,Banks—Regional,Financial Services,PFBC
2020Q3,2020,Q3,2020-09-30,2020-09-30,17125000.0,45721000.0,31724000.0,1.15,45721000.0,1.0,5085574000.0,503867000.0,1033512000.0,2940000.0,4581707000.0,0.0,284568000.0,478388020.87999994,-183492979.12000006,33.83071342428051,351.53469387755104,0.023283507427086892,0.2350024907366428,0.03673017021082769,33.83071342428051,0.03398714343269156,10.463201174077556,6.983766728175182,0.9494331259637958,0.2616058394160584,0.0,0.009364782988836116,0.00899033226141238,351.53469387755104,0.0033673681672904575,16.002275326308744,1.0,0.11650485436893192,0.9660685577918117,0.8386699324538471,0.7771557291413931,0.048430369877777525,0.11862303220327912,-0.0011335012594458438,0.2094069457131603,0.20939716420389415,0.5343795352672988,Banks—Regional,Financial Services,PFBC
2020Q2,2020,Q2,2020-06-30,2020-06-30,15309000.0,43609000.0,31760000.0,1.03,43609000.0,1.0,5004457000.0,488729000.0,931429000.0,1815000.0,4515728000.0,0.0,271923000.0,637581561.5500001,125760561.55000007,32.8460528235613,513.1840220385675,0.023751228155222435,0.24320635771562563,0.03559893986592509,32.8460528235613,0.03132410804351696,14.620412335756383,10.411874739532301,1.3045707571066991,0.29237703311777385,0.0,0.007020278298385181,0.008714032311597442,513.1840220385675,0.003059073142201042,33.67034017479933,1.0,-0.046296296296296335,0.827624030603151,0.7757045282007045,0.7720961131321947,0.0033822649670976947,-0.05230902562832735,-0.13824447157780492,0.2599294329601015,0.2965165177142468,0.5440588031413969,Banks—Regional,Financial Services,PFBC
2020Q1,2020,Q1,2020-03-31,2020-03-31,16154000.0,43462000.0,36855000.0,1.08,43462000.0,1.0,4727634000.0,473785000.0,715736000.0,4377000.0,4253849000.0,0.0,261095000.0,502927581.3,160807581.3,31.860270336698672,163.52204706419923,0.025223822317886706,0.25169433392783647,0.042262564634666266,31.860270336698672,0.0340956340956341,11.57166217155216,7.7833289169865045,1.0615101391981596,0.2773306920886468,0.0,0.008907843130058215,0.00919318204412609,163.52204706419923,0.003416931175298257,26.507541311337164,1.0,-0.1818181818181818,1.1753753655572527,0.9438636568954532,0.7512031399923658,0.027737709569864502,-0.17648858075040783,-0.14580725907384232,0.512491051897885,0.3751228214453511,0.5492327695831446,Banks—Regional,Financial Services,PFBC
2019Q4,2019,Q4,2019-12-31,2019-12-31,19616000.0,42289000.0,43146000.0,1.32,42289000.0,1.0,4628481000.0,470015000.0,757614000.0,3324000.0,4158466000.0,0.0,255050000.0,893581264.35,514644264.35,31.60675192820251,227.92238267148014,0.025863344799298086,0.2546897439443422,0.04940730886185164,31.60675192820251,0.04173483824984309,21.130347474520562,11.388423536271413,1.9011760568279739,0.2303731647634584,0.0,0.005057178546919475,0.009136690849546537,227.92238267148014,0.004238107491421052,44.1689122806584,1.0,0.0,1.5731221999579978,0.8983746593621788,0.8016733490226569,-0.024317652216044112,-0.02081565417061848,-0.03902178270747027,0.8767974229152843,0.39586466080215316,0.5179198151862645,Banks—Regional,Financial Services,PFBC
2019Q3,2019,Q3,2019-09-30,2019-09-30,20033000.0,43343000.0,44898000.0,1.32,43343000.0,1.0,4495484000.0,459080000.0,670198000.0,6117000.0,4036404000.0,0.0,239914000.0,790480722.6,501429722.6,30.42023633531174,109.5631845675985,0.026724152505047286,0.2616929511196306,0.05273894256502326,30.42023633531174,0.043637274549098194,18.237794398172717,9.864732224329856,1.7218801137056723,0.22912194878450556,0.0,0.005806593214446594,0.00964145351201339,109.5631845675985,0.004456249872093861,27.180164446583916,1.0,0.007633587786259549,1.7772532939997063,1.0204031941395262,0.770828621581859,-0.012035285268172597,0.002702837979878873,0.012995803438472993,0.8677595013039889,0.44386798915559206,0.45177214281770023,Banks—Regional,Financial Services,PFBC
2019Q2,2019,Q2,2019-06-30,2019-06-30,19979000.0,43871000.0,44322000.0,1.31,43871000.0,1.0,4294425000.0,451442000.0,561805000.0,5753000.0,3842983000.0,0.0,224401000.0,727923724.02,544367724.02,29.75612202935273,97.65426733877976,0.02807477136054303,0.26706642270767894,0.05265183982553205,29.75612202935273,0.044255962006193486,16.59236680312735,9.108610591370939,1.6124412970436954,0.22954101806897242,0.0,0.0063001106416391475,0.010215803046973693,97.65426733877976,0.004652310844874459,56.59490934691339,1.0,0.06504065040650413,1.812739977371135,1.0047617404643987,0.7723239523181873,0.060198163363943936,0.06594461932454783,0.07776480887073242,1.1244225444230775,0.4748158238266319,0.45971339590671617,Banks—Regional,Financial Services,PFBC
2019Q1,2019,Q1,2019-03-31,2019-03-31,18743000.0,41380000.0,41124000.0,1.23,41380000.0,1.0,4328270000.0,432132000.0,751345000.0,9397000.0,3896138000.0,0.0,209012000.0,690048251.88,258013251.88,28.531242367995663,79.95583696924551,0.02817915703040707,0.28224477705886164,0.05038093441164543,28.531242367995663,0.043373321114844536,16.67588815563074,9.204079548097956,1.5968459912249036,0.24505148588806488,0.0,0.006656056279378456,0.00956040173094562,79.95583696924551,0.004330367560249245,37.31402432704267,1.0,0.0,2.1800432749641083,1.0545175725124525,0.7609787751888949,-0.09385538475014234,0.004771094671384153,0.039929194588443545,1.1769197038641166,0.517301779228125,0.4388884527662002,Banks—Regional,Financial Services,PFBC
2018Q4,2018,Q4,2018-12-31,2018-12-31,18654000.0,45666000.0,39545000.0,1.23,45666000.0,1.0,4216435000.0,416651000.0,723438000.0,6839000.0,3799784000.0,0.0,194855000.0,656575762.0500001,230210762.05000007,27.509119120703307,105.78125456938149,0.023810161902175653,0.24095465989521206,0.053607438626728614,27.509119120703307,0.04477128340025585,14.37778132636973,8.799396403586362,1.5758410805446286,0.27291733676423285,0.0,0.0077538652723100464,0.010830476457006926,105.78125456938149,0.004424116581899164,27.217832029598313,1.0,0.025000000000000022,1.7793032454937046,1.22647749373556,0.7604853749717486,0.12223532881156002,0.018064727391802652,0.08034641022839034,1.2467947072937566,0.7876484190537152,0.43686363748501206,Banks—Regional,Financial Services,PFBC
2018Q3,2018,Q3,2018-09-30,2018-09-30,18323000.0,40692000.0,36604000.0,1.2,40692000.0,1.0,4076188000.0,399969000.0,617779000.0,6443000.0,3676219000.0,0.0,180793000.0,860889597.75,530825597.75,26.551869612249593,95.883749805991,0.024624968230120888,0.25095944935732517,0.052672610435323654,26.551869612249593,0.04581105035640262,21.156237042907698,11.746024091988213,2.152390804662361,0.2091906347213884,0.0,0.004452371140292362,0.009982856531641819,95.883749805991,0.004495131235360096,26.870052053746996,1.0,0.052631578947368474,2.1697230656569713,1.1270706973775395,0.7383395252207705,0.04191524772756369,0.05274346452168917,0.09268933400997045,1.0798795906022105,0.6179705910087903,0.3947919634162477,Banks—Regional,Financial Services,PFBC
2018Q2,2018,Q2,2018-06-30,2018-06-30,17405000.0,39055000.0,33499000.0,1.14,39055000.0,1.0,3958804000.0,385226000.0,566049000.0,3943000.0,3573578000.0,0.0,166302000.0,925799637.0,658147637.0,25.573557186434716,143.5579507988841,0.026616372015386466,0.273525151469527,0.04919712833122162,25.573557186434716,0.04518127021540602,23.705022071437718,13.297897687446136,2.4032636348533067,0.19362252226371732,0.0,0.0036400964801847294,0.009865353273362359,143.5579507988841,0.004396529861038839,58.43587937890551,1.0,0.04587155963302736,2.541687399241942,1.1599602154269624,0.7210454215492168,0.03864156161906281,0.04779965083378484,0.11715467218035083,1.0524592196950942,0.5708390496812713,0.3797335567985371,Banks—Regional,Financial Services,PFBC
2018Q1,2018,Q1,2018-03-31,2018-03-31,16611000.0,37602000.0,29986000.0,1.09,37602000.0,1.0,3781924000.0,371028000.0,498347000.0,5379000.0,3410896000.0,0.0,152728000.0,960452728.2,757295728.2,24.677183940555754,92.64677449340026,0.027860686782706368,0.28398665329840334,0.04651461742514804,24.677183940555754,0.044770206022187,25.542596888463382,14.455070859671302,2.588626001811184,0.20052976942989587,0.0,0.0034681561124228163,0.00994255833803112,92.64677449340026,0.00439220883338745,39.62100277216287,1.0,1.1372549019607845,2.5834047826512725,1.3104168083167382,0.677305660676427,0.055968996601982644,1.1500129433083095,0.0015364061456245824,1.2124357587479249,0.663365927325421,0.3563840339764137,Banks—Regional,Financial Services,PFBC
2017Q4,2017,Q4,2017-12-31,2017-12-31,7726000.0,35609000.0,29940000.0,0.51,35609000.0,1.0,3769859000.0,355034000.0,649029000.0,3833000.0,3414825000.0,0.0,139684000.0,877007007.4499999,535549007.4499999,23.613418187175284,169.32663709887817,0.027949055919598054,0.2967715768067284,0.02232910170246269,23.613418187175284,0.021761296101218474,24.628801916650282,28.37843021777116,2.4702056914267363,0.33704374838208645,0.0,0.00296918950234096,0.009445711364801707,169.32663709887817,0.0020494135191793644,74.13415109467455,1.0,-0.45744680851063824,0.3665839586445932,3.8767219701788806,0.6432045428338456,-0.02433076691234896,-0.43482077542062914,-0.022143836958651773,0.002363920388610031,0.5810115891321622,0.34603094692558894,Banks—Regional,Financial Services,PFBC
2017Q3,2017,Q3,2017-09-30,2017-09-30,13670000.0,36497000.0,30618000.0,0.94,36497000.0,1.0,3665472000.0,317025000.0,617407000.0,4542000.0,3348447000.0,0.0,135497000.0,867745613.2,560068613.2,22.048464963648634,135.93284896521357,0.028744729191765753,0.33234918381831086,0.042737383536909375,22.048464963648634,0.0431196277896065,23.77580659232266,15.869524747622533,2.7371520012617303,0.23533284564740306,0.0,0.0037073077075395577,0.00995697143505666,135.93284896521357,0.0037293969235067136,45.56769485900331,1.0,0.17499999999999988,3.3928066423962506,1.3677478998039148,0.5822973421333696,0.12523508555572685,0.16668089101305794,0.18794133623030962,0.9890635132272133,0.7856111244463126,0.28348946369793915,Banks—Regional,Financial Services,PFBC
2017Q2,2017,Q2,2017-06-30,2017-06-30,11717000.0,32435000.0,25774000.0,0.8,32435000.0,1.0,3579395000.0,305225000.0,598192000.0,3182000.0,3274170000.0,0.0,124740000.0,767204135.6999999,477530135.6999999,21.27254011099565,187.99245757385293,0.02943514197231655,0.3451879760832173,0.038836325367812126,21.27254011099565,0.038388074371365384,23.65358827501156,16.3694660685329,2.5135691234335327,0.2222411880174106,0.0,0.003394142287338037,0.009061587223539173,187.99245757385293,0.0032734582240853552,142.8153640543559,1.0,0.1267605633802818,2.900028513946161,1.0068998297303564,0.5687349780575116,0.0660991322640021,0.13967512887851377,0.1692070404645255,0.7442034770631094,0.5671985203320177,0.2670277507323116,Banks—Regional,Financial Services,PFBC
2017Q1,2017,Q1,2017-03-31,2017-03-31,10281000.0,30424000.0,22044000.0,0.71,30424000.0,1.0,3412929000.0,294383000.0,536961000.0,4647000.0,3118546000.0,0.0,115931000.0,768122723.8399999,563624723.8399999,20.565192630976547,115.5500322788896,0.03673003452459749,0.4258296165199757,0.03405701255624799,20.565192630976547,0.03492389166493989,25.247262813568234,18.678210384203872,2.609263183811565,0.25396362221573776,0.0,0.0033991964030787762,0.00891433721592216,115.5500322788896,0.0030123685549860546,49.31767087255216,1.0,0.0142857142857143,-0.5697087580007664,1.033579157456293,0.4695302816734927,0.043239721564996746,0.021866613656694164,-0.004470938897168405,0.8456318816543276,0.5982749247561895,0.2693056707353218,Banks—Regional,Financial Services,PFBC
2016Q4,2016,Q4,2016-12-31,2016-12-31,10061000.0,29163000.0,22143000.0,0.7,29163000.0,1.0,3221598000.0,298065000.0,515713000.0,3199000.0,2923533000.0,0.0,108261000.0,750372590.08,569397590.08,20.822412101079287,161.21069084088776,0.03891081382593359,0.42056262895677116,0.03242410559294445,20.822412101079287,0.03375438243336185,25.730294896958476,18.64557673392307,2.517479711069733,0.21170857767617532,0.0,0.0028385898261194652,0.009052339863632892,161.21069084088776,0.0031229843077876258,59.17764905993691,1.0,0.01449275362318842,1.4300333776730656,1.1854679847357519,0.7158870161500273,0.054757857427031716,0.018422917299321794,0.03699714325855852,0.586064741432143,0.5044346746010094,0.33256000727396773,Banks—Regional,Financial Services,PFBC
2016Q3,2016,Q3,2016-09-30,2016-09-30,9879000.0,27649000.0,21353000.0,0.69,27649000.0,1.0,3110424000.0,291258000.0,537653000.0,4193000.0,2819166000.0,0.0,100804000.0,496923784.5,296796784.5,20.953864203696615,128.2263295969473,0.04031443944619769,0.43052894684437854,0.03172427439290665,20.953864203696615,0.033918381641019305,17.97257710947955,12.575255200425143,1.7061292204849308,0.21429294463002327,0.0,0.0042602106520824015,0.008889141801889388,128.2263295969473,0.0031760943202598746,35.68060490414303,1.0,0.13114754098360648,0.5348311834578505,1.1925621079434903,0.7646919893771931,0.018079387289196554,0.15059399021663172,0.1673409140607916,0.8520606797125387,0.5662814518553729,0.37184051004039215,Banks—Regional,Financial Services,PFBC
2016Q2,2016,Q2,2016-06-30,2016-06-30,8586000.0,27158000.0,18292000.0,0.61,27158000.0,1.0,2915641000.0,282353000.0,526461000.0,2562000.0,2633288000.0,0.0,93119000.0,399949963.875,171012963.875,20.384907141904666,205.48829039812645,0.030198505234354984,0.311836601700708,0.029630589550244196,20.384907141904666,0.03040874366484507,14.726782674534208,11.64541008254717,1.4164891602887164,0.2455159562077801,0.0,0.005270659308419971,0.009314589827760003,205.48829039812645,0.0029448069909841436,20.848100702408257,1.0,0.08928571428571416,3.6276277104311108,1.3228323664508526,0.799335925548901,0.09318520307531297,0.09473415784776233,0.09888261444190796,0.90006240095344,0.6334568820012301,0.37186042792242574,Banks—Regional,Financial Services,PFBC
2016Q1,2016,Q1,2016-03-31,2016-03-31,7843000.0,24843000.0,16646000.0,0.56,24843000.0,1.0,2683350000.0,273574000.0,423352000.0,2131000.0,2409776000.0,0.0,86715000.0,417355983.0,192909983.0,19.82866865957927,198.66353824495542,0.00991335457543742,0.09723511737226491,0.03293912591178321,19.82866865957927,0.028668660033482715,16.799741697862576,13.303454768583451,1.5255688881253338,0.2655871477750861,0.0,0.004990943187221543,0.009258203365196489,198.66353824495542,0.0029228389885777107,67.38068824669034,1.0,0.018181818181818195,9.561574553941018,1.0590364908180274,0.8104599405147372,0.06759776536312849,0.03702234563004099,0.02841962189546522,0.8437928567814125,0.6634634083087708,0.34775257446334673,Banks—Regional,Financial Services,PFBC
2015Q4,2015,Q4,2015-12-31,2015-12-31,7563000.0,23270000.0,16186000.0,0.55,23270000.0,1.0,2598846000.0,264145000.0,474104000.0,1919000.0,2334701000.0,0.0,81046000.0,455573373.84000003,186033373.84000003,19.14525387311867,247.0578426263679,0.01024877965066033,0.1008347687822976,0.03218312103711793,19.14525387311867,0.028632001362887807,19.577712670391062,15.059281166203888,1.724709435499442,0.21896072986909956,0.0,0.0036349797751384755,0.00895397418700454,247.0578426263679,0.0029101378073190945,311.1839985245902,1.0,-0.03508771929824545,1.6279974683301337,1.5875756202972258,0.7592168403231716,0.031654548678843764,-0.04277939501328946,0.006592039800995025,0.45782548290014596,2.4729171623252233,0.33227506024951203,Banks—Regional,Financial Services,PFBC
2015Q3,2015,Q3,2015-09-30,2015-09-30,7901000.0,22556000.0,16080000.0,0.57,22556000.0,1.0,2282546000.0,257182000.0,371728000.0,1365000.0,2025364000.0,0.0,75629000.0,426915557.6,247208557.60000002,19.036437195419744,272.3282051282051,0.008762145428832541,0.07776594007356658,0.03447064528195004,19.036437195419744,0.03072143462606248,18.92691778684164,13.508276091633972,1.6599744834397432,0.2087077585115808,0.0,0.00386259055366878,0.00988194761463734,272.3282051282051,0.003461485551660295,53.48478546730143,1.0,0.03636363636363619,1.5124591797658482,0.16150204937083573,-0.04696249247929302,0.013752808988764045,0.041112135986295956,0.0563657863618447,1.7021900347441987,0.5574016548750298,0.366140637348793,Banks—Regional,Financial Services,PFBC
2015Q2,2015,Q2,2015-06-30,2015-06-30,7589000.0,22250000.0,15222000.0,0.55,22250000.0,1.0,2170156000.0,249865000.0,331847000.0,1426000.0,1920291000.0,0.0,69432000.0,405092300.45,262077300.45,18.535141847078275,232.7117812061711,0.009215927334256154,0.08004322334060393,0.033610630343088914,18.535141847078275,0.030372401096592158,18.206395525842694,13.344719345434182,1.6212446739239188,0.2168928712610357,0.0,0.004063271501757816,0.010252719159359972,232.7117812061711,0.003496983626983498,29.290838788864786,1.0,0.14583333333333348,1.2541557967270394,-0.4682731261003067,-0.6422673786320034,0.10460209502060269,0.1343796711509716,0.11959399823477493,2.3098437140784247,0.46532192564709157,0.36686663590962587,Banks—Regional,Financial Services,PFBC
2015Q1,2015,Q1,2015-03-31,2015-03-31,6690000.0,20143000.0,13596000.0,0.48,20143000.0,1.0,2137713000.0,243739000.0,365583000.0,1235000.0,1893974000.0,0.0,63545000.0,368019435.8,195966435.8,18.193360672501743,296.0186234817814,0.009355792849648199,0.08205498504547898,0.031030768122363415,18.193360672501743,0.027447392497712716,18.270338867100232,13.75259476083707,1.5098914650507305,0.20194319880418535,0.0,0.0036710017694125273,0.009422686768523184,296.0186234817814,0.0031295127082073223,128.27446350644826,1.0,-0.058823529411764754,2.452819774786441,-0.5430260270138307,-0.3628597614189585,0.0036872788878369624,-0.025917297612114153,-0.02551605504587156,-0.7008278830687439,0.43858912054558624,0.3000459034542666,Banks—Regional,Financial Services,PFBC
2014Q4,2014,Q4,2014-12-31,2014-12-31,6868000.0,20069000.0,13952000.0,0.51,20069000.0,1.0,2054154000.0,235026000.0,372230000.0,1419000.0,1819128000.0,0.0,58552000.0,373646234.6,178452234.60000002,17.54299798315163,262.3185341789993,0.009736368354076666,0.08509696799503033,0.03263293003080113,17.54299798315163,0.029222298809493417,18.61807935622104,13.600984078334305,1.5898080833609898,0.0,0.0,0.0,0.00976995882489823,262.3185341789993,0.003343468892789927,27.091519330046406,1.0,0.10869565217391301,1.0219510315132498,1.9190195059969688,-0.5505837102756019,0.060673325934147246,0.07953473750392959,0.06879117511873756,0.7724305440640865,0.6069628364256033,0.4456443527056949,Banks—Regional,Financial Services,PFBC
2014Q3,2014,Q3,2014-09-30,2014-09-30,6362000.0,18921000.0,13054000.0,0.46,18921000.0,1.0,1996150000.0,228652000.0,408531000.0,1386000.0,1767498000.0,0.0,53015000.0,299748721.68,81516721.68,17.178532108961353,294.7554112554113,0.010019287127720863,0.0874691671185907,0.03142633752628119,17.178532108961353,0.0278239420604237,15.842118370065007,11.778871490097453,1.3109385515105925,0.0,0.0,0.0,0.009478746587180321,294.7554112554113,0.0031871352353280064,48.08288766121271,1.0,0.02222222222222224,1.072915028911785,-0.19329630124725994,-0.7245119235023173,-0.010873542788436405,0.024641649218875825,0.04557468962755307,0.03220528426218115,0.5669002360904453,0.4467411694209106,Banks—Regional,Financial Services,PFBC
2014Q2,2014,Q2,2014-06-30,2014-06-30,6209000.0,19129000.0,12485000.0,0.45,19129000.0,1.0,1904018000.0,222657000.0,389897000.0,1319000.0,1681361000.0,0.0,48042000.0,313509424.8,125924424.80000001,16.789324542181994,295.60045489006825,0.010504102377183409,0.08982425883758427,0.031148660146284687,16.789324542181994,0.027885941156128035,16.389221851638872,12.623185086165243,1.408037586062868,0.0,0.0,0.0,0.010046648718657071,295.60045489006825,0.003260998582996589,38.68099010487354,1.0,0.1842105263157895,1.159144600466638,-0.7523940881834797,-0.747615752368019,0.08631949571241979,0.20492916747525713,0.16725878833208677,2.4951814651652087,0.7088065184967125,0.48196087449164005,Banks—Regional,Financial Services,PFBC
2014Q1,2014,Q1,2014-03-31,2014-03-31,5153000.0,17609000.0,10696000.0,0.38,17609000.0,1.0,1805138000.0,214544000.0,359965000.0,1153000.0,1590594000.0,0.0,41833000.0,343759334.6,179329334.60000002,16.201922913542898,312.1986123156982,0.011079485335747184,0.09322097098963383,0.027813260222886334,16.201922913542898,0.024018383175479156,19.521797637571698,16.677631214826317,1.6022789479081214,0.0,0.0,0.0,0.009754932863858609,312.1986123156982,0.002854629396755262,24.08965203924317,1.0,-0.13636363636363635,1.5764455900769967,-0.7628719729709209,-0.7598055790307359,-0.018012491635065804,-0.12184730743012952,-0.07120527961097603,6.229995871852895,0.5206390895908933,0.47931930770886283,Banks—Regional,Financial Services,PFBC
2013Q4,2013,Q4,2013-12-31,2013-12-31,5868000.0,17932000.0,11516000.0,0.44,17932000.0,1.0,1768959000.0,206916000.0,376447000.0,983000.0,1562043000.0,0.0,36680000.0,265499794.25,58884794.25,15.625871996320765,382.95727365208546,0.011306084538985923,0.09665758085406638,0.0316708854809384,15.625871996320765,0.028359334222583077,14.805922052754852,11.31134092748807,1.2831283914728684,0.0,0.0,0.0,0.01013703539765478,382.95727365208546,0.00331720520373847,19.04316412638072,1.0,0.1891891891891892,1.1726748541325391,-0.8051853672211552,-0.7782639087243989,0.0768029784423227,0.16613672496025436,0.18672712283594395,1.507674500911606,1.077575668211837,0.4358282915881685,Banks—Regional,Financial Services,PFBC
2013Q3,2013,Q3,2013-09-30,2013-09-30,5032000.0,16653000.0,9704000.0,0.37,16653000.0,1.0,1701169000.0,200289000.0,332827000.0,825000.0,1500880000.0,0.0,30812000.0,233277334.64999998,92872334.64999998,15.274271353219955,403.4266666666667,0.01175662147617315,0.09985570850121574,0.02865009141207729,15.274271353219955,0.02512369625890588,14.0081267429292,11.58969269922496,1.1647036764375478,0.0,0.0,0.0,0.009789150872135572,403.4266666666667,0.002957965963405164,27.325446251610632,1.0,0.15624999999999997,1.2201424522647637,-0.8057407003958836,-0.7892615874630855,0.06022792385560578,0.17873038182244086,0.022226904034551773,1.3362607290712392,-0.11649567661507093,-0.23531103271939174,Banks—Regional,Financial Services,PFBC
2013Q2,2013,Q2,2013-06-30,2013-06-30,4269000.0,15707000.0,9493000.0,0.32,15707000.0,1.0,1657313000.0,194440000.0,359860000.0,1002000.0,1462873000.0,0.0,25780000.0,217610102.22,66510102.22,14.85931566141608,359.14171656686625,0.01206772649463318,0.10285949393128986,0.02462967260470676,14.85931566141608,0.02195535897963382,13.854338971159356,12.743622758257201,1.1191632494342727,0.0,0.0,0.0,0.009477389002560168,359.14171656686625,0.0025758562202794523,134.16159199753392,1.0,0.06666666666666674,34.36170867304416,-0.8365263012321054,-0.8036642438601602,0.11011378896035055,0.059305210918114144,0.11603573947801551,1.147286970708656,-0.6132996657433892,-0.7132116933795779,Banks—Regional,Financial Services,PFBC
2013Q1,2013,Q1,2013-03-31,2013-03-31,4030000.0,14149000.0,8506000.0,0.3,14149000.0,1.0,1587769000.0,192309000.0,368510000.0,956000.0,1395460000.0,0.0,21511000.0,197898316.22,39241316.22,14.712395312971097,385.47071129707115,0.0,0.0,0.026700198306836058,14.712395312971097,0.020955857500168998,13.986735191179589,12.276570485111664,1.0290642467071225,0.0,0.0,0.0,0.008911245905418232,385.47071129707115,0.0025381525902067616,23.202991701254543,1.0,-0.21052631578947373,-0.819317788565193,-0.8628387891683099,-0.8053827745508298,1.2288909892879647,-0.18006103763987794,0.3488740881699968,1.8969878134659042,-0.6710052776609146,-0.4847648420463037,Banks—Regional,Financial Services,PFBC
2012Q4,2012,Q4,2012-12-31,2012-12-31,4915000.0,6348000.0,6306000.0,0.38,6348000.0,1.0,1554856000.0,187838000.0,368925000.0,968000.0,1367018000.0,0.0,17481000.0,185611366.6,33616366.599999994,14.370346217794616,381.120867768595,0.0,0.0,0.036675668613073135,14.370346217794616,0.026166164460865213,29.239345715185884,9.441066459816886,0.9881459906941088,0.0,0.0,0.0,0.004082693188308113,381.120867768595,0.0031610644329764298,38.035116106557375,1.0,0.8095238095238096,-0.8662156562219909,-0.9437716889712037,-0.8049477671610465,-0.5466685710204956,0.7385921471524585,0.14301250679717237,1.0161006734090587,1.2979420394487706,-0.6318606611333569,Banks—Regional,Financial Services,PFBC
2012Q3,2012,Q3,2012-09-30,2012-09-30,2827000.0,14003000.0,5517000.0,0.21,14003000.0,1.0,1484216000.0,182014000.0,181433000.0,975000.0,1302202000.0,0.0,12566000.0,185090608.82,9474608.819999993,13.934463755036884,186.0851282051282,0.0,0.0,0.023412237069856092,13.934463755036884,0.015531772281253091,13.21792536027994,16.368111851786345,1.0169031438241014,0.0,0.0,0.0,0.009434610595762342,186.0851282051282,0.0019047092875969535,24.444084630216587,1.0,1.4883720930232558,-0.9372466221996578,-0.8794370923841593,-0.8201241518724391,-0.04741496598639456,1.5040114102335531,1.9344512195121952,1.033015936138547,-0.39163324830985113,-0.7765362842091001,Banks—Regional,Financial Services,PFBC
2012Q2,2012,Q2,2012-06-30,2012-06-30,-5609000.0,14700000.0,-5904000.0,-0.43,14700000.0,1.0,1419712000.0,176970000.0,197821000.0,1116000.0,1242742000.0,0.0,9739000.0,174355775.51999998,-17561224.48000002,13.560314781363774,177.2589605734767,0.0,0.0,-0.023910700211373953,13.560314781363774,-0.03169463750918235,11.86093711020408,-7.771250468889284,0.985227866418037,0.0,0.0,0.0,0.010354212685389714,177.2589605734767,-0.003950801289275572,21.610780307387206,1.0,-1.2654320987654322,-1.1283614680518075,-0.8703593146836428,-0.8212473321250572,0.07992947399353512,-1.2580155480932886,-2.1457403454298465,0.8539071579966853,-0.8066432549967141,-0.7961555966621073,Banks—Regional,Financial Services,PFBC
2012Q1,2012,Q1,2012-03-31,2012-03-31,21739000.0,13612000.0,5153000.0,1.62,13612000.0,1.0,1365911000.0,182264000.0,154326000.0,1019000.0,1183647000.0,0.0,15348000.0,153423521.04,4005521.0399999917,13.99439867789388,151.44847890088323,0.0,0.0,0.20791909594237853,13.99439867789388,0.11927204494579291,11.271196079929473,1.7643810782464693,0.8417653570644779,0.0,0.0,0.0,0.009965510197955796,151.44847890088323,0.015915385409444687,26.93530917134831,1.0,4.586206896551725,-0.4671053505998472,-0.8725332637358388,-0.8101872960715255,0.1211597067786838,4.770905229625697,0.07242455775234131,3.4725261758570523,-0.8136311644580618,-0.7925322503269016,Banks—Regional,Financial Services,PFBC
2011Q4,2011,Q4,2011-12-31,2011-12-31,3767000.0,12141000.0,4805000.0,0.29,12141000.0,1.0,1309797000.0,158048000.0,147317000.0,1292000.0,1151749000.0,0.0,-6391000.0,97029306.60000001,-19440693.39999999,12.135071776345148,114.02244582043343,0.019847350390938445,0.1644816764527232,0.041532268264140124,12.135071776345148,0.02383453128163596,7.991871064986411,6.439428364746483,0.6139230271816157,0.0,0.0,0.0,0.009269375330681014,114.02244582043343,0.002876018192132063,7.576862923629549,1.0,-0.36956521739130443,-0.9105887917227047,-0.8863049861989031,-0.8294919801339056,0.028201219512195123,-0.3749792599966816,0.044111255975662754,1.1127035950978637,-0.8658933049034832,-0.8277994736121476,Banks—Regional,Financial Services,PFBC
2011Q3,2011,Q3,2011-09-30,2011-09-30,6027000.0,11808000.0,4602000.0,0.46,11808000.0,1.0,1260866000.0,154546000.0,144132000.0,1047000.0,1106320000.0,0.0,-10158000.0,103343474.94000001,-7340525.0599999875,11.873949861976646,137.66189111747852,0.020617575539351524,0.1682088180865244,0.07333064911492045,11.873949861976646,0.03899809765377299,8.75198805386179,4.2866880263812845,0.6686907130563069,0.0,0.0,0.0,0.00936499199756358,137.66189111747852,0.00478004799875641,41.189109182941415,1.0,2.5384615384615383,-0.8437820503321926,-0.883334550507459,-0.8265378011856117,0.07629204265791632,2.4618035611717404,0.08409893992932863,1.2656430128403502,-0.8612286800369235,-0.8361756651698893,Banks—Regional,Financial Services,PFBC
2011Q2,2011,Q2,2011-06-30,2011-06-30,1741000.0,10971000.0,4245000.0,0.13,10971000.0,1.0,1229162000.0,147247000.0,128728000.0,1455000.0,1081915000.0,0.0,-16185000.0,93579876.0,-1043124.0,11.329128070227407,88.47285223367697,0.021149368431500486,0.17654689059878978,0.025123670220441808,11.329128070227407,0.011823670431316088,8.52974897456932,13.437661688684665,0.6355299326981195,0.0,0.0,0.0,0.008925593209031845,88.47285223367697,0.0014164121572258174,12.6767645624492,1.0,1.5999999999999999,-0.9504992730767103,-0.8857727852410489,-0.8271238228201097,-0.0339878489037598,1.4907010014306152,0.10691003911342895,13.519200179320604,-0.8850423981793335,-0.8503085218218449,Banks—Regional,Financial Services,PFBC
2011Q1,2011,Q1,2011-03-31,2011-03-31,699000.0,11357000.0,3835000.0,0.05,11357000.0,1.0,1194398000.0,142236000.0,87542000.0,1265000.0,1052162000.0,0.0,-17926000.0,95453582.69999999,41968582.69999999,10.95228246472094,69.20316205533597,0.021764939325082593,0.18276666947889422,0.015560873758039493,10.95228246472094,0.004914367670631908,8.404823694637667,34.139335729613734,0.67109299122585,0.0,0.0,0.0,0.009508555774540815,69.20316205533597,0.0005852320583256168,40.79212935897436,1.0,1.0574712643678161,-0.9788943499749281,-0.8748797679191348,-0.8283199693685704,0.3416420555227407,1.0616619618913197,1.4333333333333333,-0.9684573006525191,-0.8891896009248503,-0.8551219716248135,Banks—Regional,Financial Services,PFBC
2010Q4,2010,Q4,2010-12-31,2010-12-31,-11336000.0,8465000.0,-8850000.0,-0.87,8465000.0,1.0,1255866000.0,141334000.0,117238000.0,1716000.0,1114532000.0,0.0,-18767000.0,114284561.60000001,32047561.60000001,10.88282776420083,68.32051282051282,0.02069966063258341,0.1839330946552139,-0.04979695761037185,10.88282776420083,-0.08020716883410928,13.50083421145895,-2.5203899435426957,0.8086133669180806,0.0,0.0,0.0,0.006740368797307993,68.32051282051282,-0.009026440718993906,91.64760352846834,1.0,0.23684210526315783,-1.353597220252662,-0.9033823725462766,-0.8243642917574866,-0.25927546377318866,-0.24942136007935634,-3.6021840873634945,-1.3105653054482176,-0.9245331170812174,-0.852284710275067,Banks—Regional,Financial Services,PFBC
2010Q3,2010,Q3,2010-09-30,2010-09-30,-9073000.0,11428000.0,-1923000.0,-1.14,11428000.0,1.0,1343744000.0,158803000.0,201082000.0,1543000.0,1184941000.0,0.0,-7431000.0,63999842.550000004,-94763157.44999999,19.974488984113915,130.31885936487362,0.02678784054105544,0.22667078077870065,-0.01629066213181534,19.974488984113915,-0.05713368135362682,5.6002662364368225,-1.7634697054447264,0.40301406491061254,0.0,0.0,0.0,0.008504596113545437,130.31885936487362,-0.006752030148599733,2.492885231566237,1.0,0.48648648648648657,-1.5222017232432556,-0.7667805343579183,-0.6679929937481969,0.17487406188958568,-0.30716035153436105,-3.48771021992238,-1.3308976769937129,-0.8383430559255886,-0.7421552626570666,Banks—Regional,Financial Services,PFBC
2010Q2,2010,Q2,2010-06-30,2010-06-30,-6941000.0,9727000.0,773000.0,-2.22,9727000.0,1.0,1323394000.0,162362000.0,193529000.0,1991000.0,1161032000.0,0.0,13149000.0,32746381.249999996,-86163618.75,51.81283657106386,97.20190858864892,0.030977924941476234,0.25249750557396433,0.00855511608600036,51.81283657106386,-0.042750150897377465,3.36654479798499,-1.179454734548336,0.20168747151427058,0.0,0.0,0.0,0.007350040879738007,97.20190858864892,-0.005244847717308677,3.2515521050541154,1.0,-5.529411764705882,-2.105398146886137,-0.463617627263057,-0.11795049011841188,-0.0694537453362671,-5.356227106227106,-0.8942544459644323,-1.6615369951137182,-0.642738879724539,-0.3170009017803484,Banks—Regional,Financial Services,PFBC
2010Q1,2010,Q1,2010-03-31,2010-03-31,-1092000.0,10453000.0,7310000.0,-0.34,10453000.0,1.0,1381093000.0,90719000.0,227469000.0,2169000.0,1290374000.0,0.0,16376000.0,21603756.4,-151411243.6,28.554719307981088,104.87275242047026,0.03547624960810025,0.540085318400776,-0.018377069517304254,28.554719307981088,-0.01203716972188847,2.066751784176791,-4.945914926739927,0.23813926961276027,0.0,0.0,0.0,0.007568643096446076,104.87275242047026,-0.0007906781078464665,2.3320117012089807,1.0,0.9854389721627409,-1.1776966588320388,-0.43540723884678867,-0.5400165595508314,3.932117812061711,0.9786209326911782,1.1985280139051084,-1.1097364058014825,-0.5987249365148728,-0.612698722787694,Banks—Regional,Financial Services,PFBC
2009Q4,2009,Q4,2009-12-31,2009-12-31,-51078000.0,-3565000.0,-36821000.0,-23.35,-3565000.0,1.0,1306781000.0,85374000.0,19653000.0,2949000.0,1221407000.0,0.0,13267000.0,19683990.0,54608990.0,39.03507368170782,6.664292980671414,0.03749365808042816,0.573898376554923,-0.33655737397242835,39.03507368170782,-0.598285192213086,-5.5214558204768585,-0.09634279924820863,0.230561880666245,0.0,0.0,0.0,-0.002728077619738885,6.664292980671414,-0.03908688601992224,0.845895573700043,1.0,-2.5594512195121957,-13.33842106033593,-1.3219999857752418,-0.1687228780934132,-1.9250129735339907,-2.562670014647416,-0.8622799919077483,-8.219485628121681,-1.1988028117717244,-0.4515242067402347,Banks—Regional,Financial Services,PFBC
2009Q3,2009,Q3,2009-09-30,2009-09-30,-14337000.0,3854000.0,-19772000.0,-6.56,3854000.0,1.0,1411817000.0,136381000.0,42589000.0,2588000.0,1275436000.0,0.0,64345000.0,35649893.0,62643893.0,62.35671731188646,16.456336939721794,0.045328820944924166,0.4692442495655553,-0.05721001014995501,62.35671731188646,-0.10512461413246713,9.250101971977166,-0.6216414347492502,0.2613992638270727,0.0,0.0,0.0,0.0027298155497490115,16.456336939721794,-0.010154998841917897,-1.7043501936224124,1.0,-1.2312925170068025,-4.693498308938407,-0.7001358112413238,0.3814710073795181,-0.6643149551432802,-1.4727492238703002,-2.1245259165613146,-3.21146443401673,-0.7733949644261013,-0.08905348081312897,Banks—Regional,Financial Services,PFBC
2009Q2,2009,Q2,2009-06-30,2009-06-30,-5798000.0,11481000.0,-6328000.0,-2.94,11481000.0,1.0,1366061000.0,131106000.0,45153000.0,3413000.0,1234955000.0,0.0,78682000.0,37445979.0,83326979.0,66.52287018587496,13.229709932610607,0.061487737370439534,0.6406724329931506,-0.013986802046893747,66.52287018587496,-0.044223757875307,3.2615607525476875,-1.6146075802000688,0.2856160587616127,0.0,0.0,0.0,0.008404456316372402,13.229709932610607,-0.004244319982782614,17.908167862266858,1.0,-3.388059701492537,-2.8206511543716006,0.0787409852311984,0.5798623874980213,0.045437989437260976,-3.385779122541604,-2.247880102543877,-2.087149816878367,-0.21168195162294776,0.01510190559063292,Banks—Regional,Financial Services,PFBC
2009Q1,2009,Q1,2009-03-31,2009-03-31,-1322000.0,10982000.0,5071000.0,-0.67,10982000.0,1.0,1433770000.0,132094000.0,27546000.0,4664000.0,1301676000.0,0.0,84480000.0,51307486.199999996,114662486.19999999,67.45336901732675,5.906089193825043,0.05858401277750267,0.635880509334262,0.014422813436357885,67.45336901732675,-0.010008024588550577,4.671961955927881,-9.702625983358548,0.3884164776598483,-0.5900151285930408,0.0,0.015202459870271329,0.007659526981314994,5.906089193825043,-0.0009220446794116212,54.17897170010559,1.0,0.7392996108949417,-1.4399218868377919,0.05810866800356684,0.5400443429941227,-0.1902374281079487,0.7359696425004993,1.9331983805668016,-1.2647149447941113,-0.19763716594531344,0.05735005432795372,Banks—Regional,Financial Services,PFBC
2008Q4,2008,Q4,2008-12-31,2008-12-31,-5007000.0,13562000.0,-5434000.0,-2.57,13562000.0,1.0,1483231000.0,137491000.0,27193000.0,5446000.0,1345740000.0,0.0,84996000.0,58531230.0,97145230.0,70.47058467761569,4.993206022769005,0.039103821319807906,0.42184579354285007,-0.01073655458161696,70.47058467761569,-0.036416929108087075,4.315825836897213,-2.9224700419412826,0.42570953735153577,-0.19492710205712002,0.0,0.016674858874484614,0.009143552150676462,4.993206022769005,-0.0033757385060047963,1.7903838859659855,1.0,-0.4770114942528735,-2.355837135706154,0.3731699430904824,0.5007166449216711,0.06326930615444924,-0.4722140546897971,-2.0982215036378333,-2.03959718522602,0.030366297720984894,0.13731020266918126,Banks—Regional,Financial Services,PFBC
2008Q3,2008,Q3,2008-09-30,2008-09-30,-3401000.0,12755000.0,4948000.0,-1.74,12755000.0,1.0,1447439000.0,141411000.0,33379000.0,4394000.0,1306028000.0,0.0,90979000.0,109258296.0,146122296.0,72.47976849281999,7.596495220755576,0.04352515028267167,0.4455098966841335,0.02796367553817937,72.47976849281999,-0.024050462835281554,8.56591893375147,-8.031336077624228,0.7726293994102298,-0.2869744192884446,0.0,0.008932960111331044,0.008812115743737733,7.596495220755576,-0.0023496672398629578,-6.919461431285624,1.0,-190.13043478260872,-1.982178632110664,0.1124937666070139,0.6057403774737146,-0.10966075666620131,-189.94444444444446,-0.4649075375797556,-1.797646843548589,0.06069777154666489,0.204726237064854,Banks—Regional,Financial Services,PFBC
2008Q2,2008,Q2,2008-06-30,2008-06-30,18000.0,14326000.0,9247000.0,0.0092,14326000.0,1.0,1524450000.0,147661000.0,34492000.0,4096000.0,1376789000.0,0.0,95356000.0,50531961.9,92892961.9,75.68318656553092,8.4208984375,0.04460625143494375,0.4605142861012725,0.0016045626239402585,75.68318656553092,0.00012190084043857214,3.5272903741449113,701.8328041666666,0.3422160347011059,52.333333333333336,0.0,0.01864166686945911,0.009397487618485356,8.4208984375,1.1807537144543934e-05,12.040019513938526,1.0,-0.9945882352941176,-0.9942903928523047,0.3597141022328104,0.7974122205909624,-0.08301862638417717,-0.9946714031971581,-0.42152017516421647,-0.9953958462248763,0.2688233299304643,0.28841271843597593,Banks—Regional,Financial Services,PFBC
2008Q1,2008,Q1,2008-03-31,2008-03-31,3378000.0,15623000.0,15985000.0,1.7,15623000.0,1.0,1550925000.0,149654000.0,29006000.0,5062000.0,1401271000.0,0.0,96280000.0,165200958.0,219928958.0,75.59657311430361,5.7301461872777555,0.048358237825813624,0.5011559998396301,0.043401543903975374,75.59657311430361,0.02257206623277694,10.574214811495871,12.226240230905862,1.1038860170793965,0.5011841326228538,0.0,0.010248124590173381,0.010073343327369151,5.7301461872777555,0.002178055031674646,27.94332848443843,1.0,-0.39501779359430605,0.11198002196222087,0.4890404334582619,0.7259638246463201,-0.12871563214544643,-0.4210796915167095,-0.25132312303873355,-0.11783381330010871,0.35423154668843543,0.21777319581514296,Banks—Regional,Financial Services,PFBC
2007Q4,2007,Q4,2007-12-31,2007-12-31,5835000.0,17931000.0,21351000.0,2.81,17931000.0,1.0,1542610000.0,152952000.0,32968000.0,5493000.0,1389658000.0,0.0,94595000.0,270094755.5,358291755.5,73.67434870463451,6.0018204988166755,0.0719559707249402,0.7257178722736545,0.047450632514904,73.67434870463451,0.0381492232857367,15.063005716357146,11.572183183376177,1.7658792006642605,0.3033419023136247,0.0,0.006553255714733788,0.01162380640602615,6.0018204988166755,0.003782550352973208,97.71879721418235,1.0,-0.16119402985074627,0.4849038554582663,0.706210460691559,0.5689428704275825,-0.028656554712892742,-0.18505586592178772,-0.09975966606231818,0.4849038554582663,0.706210460691559,0.5689428704275825,Banks—Regional,Financial Services,PFBC
2007Q3,2007,Q3,2007-09-30,2007-09-30,7160000.0,18460000.0,23717000.0,3.35,18460000.0,1.0,1506247000.0,160826000.0,40913000.0,5599000.0,1345421000.0,0.0,90536000.0,422996206.25,456607206.25,77.46711912738343,7.307197713877478,0.043153612920058926,0.4041635059007872,0.06168214992258502,77.46711912738343,0.044520164649994406,22.914204022210185,14.76942060928771,2.630148149242038,0.24804469273743016,0.0,0.004198619216339603,0.012255626069296735,7.307197713877478,0.004753536438578799,-287.7525212585034,1.0,0.030769230769230795,0.9432309235006042,0.5131304152401562,0.7162317664098009,0.01932633903920486,0.02593494770024359,0.03265554926633866,0.9432309235006042,0.5131304152401562,0.7162317664098009,Banks—Regional,Financial Services,PFBC
2007Q2,2007,Q2,2007-06-30,2007-06-30,6979000.0,18110000.0,22967000.0,3.25,18110000.0,1.0,1437344000.0,158121000.0,47293000.0,5418000.0,1279223000.0,0.0,85151000.0,416871600.0,398774600.0,75.86076863955232,8.728866740494647,0.013914553509806978,0.12648541306973773,0.07513361662545857,75.86076863955232,0.044137084890684984,23.018862506902263,14.933070640492907,2.6364088261521244,0.25376128385155466,0.0,0.00424831051095829,0.012599628203130217,8.728866740494647,0.0048554834472471445,84.11452784503632,1.0,0.06557377049180334,1.0721491073272067,0.6089227320647677,0.8016296459464287,0.06548214390774842,0.07484983828738642,0.0782122905027933,1.0721491073272067,0.6089227320647677,0.8016296459464287,Banks—Regional,Financial Services,PFBC
2007Q1,2007,Q1,2007-03-31,2007-03-31,6493000.0,16997000.0,21301000.0,3.05,16997000.0,1.0,1388608000.0,152835000.0,32683000.0,5027000.0,1235773000.0,0.0,79943000.0,406406552.70000005,402414552.70000005,73.72740806204034,6.501491943505073,0.014402912845093792,0.13086007786174633,0.07260937506443377,73.72740806204034,0.042483724277815944,23.910487303641823,15.647872813029418,2.6591196564922956,0.27321731095025414,0.0,0.0043650870986559264,0.012240315481402959,6.501491943505073,0.004675905655159699,54.51462812877264,1.0,-0.05572755417956661,1.0411508761877104,0.547058362928374,0.6832884608091049,0.011004044729954794,-0.021106588270767376,0.02079838980207984,1.0411508761877104,0.547058362928374,0.6832884608091049,Banks—Regional,Financial Services,PFBC
