Quarters,Year,Quarter,FillingDate,Date,NetIncome,Revenue,OperatingIncome,EPSDiluted,GrossProfit,GrossProfitRatio,TotalAssets,CommonStockEquity,CurrentAssets,CurrentLiability,TotalLiability,Inventory,RetainedEarnings,MarketCap,EnterpriseValue,bookValuePerShare,currentRatio,debtToAssets,debtToEquity,roic,shareholdersEquityPerShare,roe,priceToSalesRatio,peRatio,pbRatio,payoutRatio,inventoryTurnover,dividendYield,assetTurnover,quickRatio,returnOnAssets,priceToFreeCashFlowsRatio,grossProfitMargin,epsdilutedGrowth,fiveYNetIncomeGrowthPerShare,fiveYRevenueGrowthPerShare,fiveYShareholdersEquityGrowthPerShare,grossProfitGrowth,netIncomeGrowth,operatingIncomeGrowth,threeYNetIncomeGrowthPerShare,threeYRevenueGrowthPerShare,threeYShareholdersEquityGrowthPerShare,Industry,Sector,Symbol
2023Q3,2023,Q3,2023-05-02,2023-03-31,-209000000.0,1915000000.0,454000000.0,-1.69,800000000.0,0.4177545692,5818000000.0,3000000.0,1745000000.0,1996000000.0,5646000000.0,735000000.0,415000000.0,19566217760.0,22349217760.0,0.024262226140122443,0.874248496993988,0.5199381230663458,1008.3333333333334,0.11261698049385499,0.024262226140122443,-69.66666666666667,10.217346088772846,-23.404566698564597,6522.072586666667,-0.6985645933014354,1.5170068027210883,0.0074618406986389375,0.3291509109659677,0.46092184368737477,-0.0359229975936748,68.65339564912281,0.4177545691906005,-3.1125000000000003,-2.211147362461439,0.32407465956660775,-0.9962405434205291,0.2903225806451613,-3.111111111111111,3.778947368421053,-1.8813312035819234,0.0915090431993586,-0.9956132149654763,Household & Personal Products,Consumer Defensive,CLX
2023Q2,2023,Q2,2023-02-02,2022-12-31,99000000.0,1715000000.0,95000000.0,0.8,620000000.0,0.361516035,6045000000.0,321000000.0,1622000000.0,1878000000.0,5554000000.0,741000000.0,782000000.0,17337210180.0,20252210180.0,2.598222524403866,0.8636847710330139,0.5100082712985938,9.60436137071651,0.019605066159511186,2.598222524403866,0.308411214953271,10.109160454810496,43.78083378787879,54.01000056074766,1.4747474747474747,1.4777327935222673,0.008421193403332207,0.2837055417700579,0.40894568690095845,0.016377171215880892,103.81562982035928,0.36151603498542273,0.1764705882352941,-0.5551155417498749,0.2681447604181558,-0.5577585953495268,-0.009584664536741214,0.16470588235294117,-0.3115942028985507,-0.4566610707643197,0.2017194636025573,-0.4127548946644668,Household & Personal Products,Consumer Defensive,CLX
2023Q1,2023,Q1,2022-11-01,2022-09-30,85000000.0,1740000000.0,138000000.0,0.68,626000000.0,0.3597701149,6153000000.0,326000000.0,1763000000.0,2010000000.0,5657000000.0,755000000.0,832000000.0,15835494209.999998,18766494210.0,2.6431218025117764,0.8771144278606965,0.5215342109540062,9.843558282208589,0.026396327467482786,2.6431218025117764,0.2607361963190184,9.100858741379309,46.57498297058823,48.575135613496926,1.7058823529411764,1.4754966887417218,0.009156645070694008,0.28278888347147735,0.4427860696517413,0.01381439947992849,119.96586522727272,0.35977011494252875,-0.16049382716049382,-0.5369040898796542,0.21342024825886385,-0.4239646421650898,-0.06287425149700598,-0.15841584158415842,0.26605504587155965,-0.5728479443715081,0.17864736418323504,-0.39533542807738314,Household & Personal Products,Consumer Defensive,CLX
2022Q4,2022,Q4,2022-08-10,2022-06-30,101000000.0,1801000000.0,109000000.0,0.81,668000000.0,0.3709050527,6158000000.0,556000000.0,1725000000.0,1784000000.0,5429000000.0,755000000.0,1048000000.0,17372965400.0,20292965400.0,4.51188833887852,0.9669282511210763,0.5038973692757389,5.580935251798561,0.02169241396994521,4.51188833887852,0.18165467625899281,9.646288395335924,43.002389603960395,31.24634064748201,1.4158415841584158,1.5006622516556292,0.008231179692558417,0.29246508606690486,0.484304932735426,0.016401429035401104,67.86314609375,0.3709050527484731,-0.3414634146341463,-0.4735236824075678,0.1457071870534369,0.07480339316904479,0.029275808936825885,-0.3355263157894737,-0.5067873303167421,-0.5692377341159112,0.13778310713757203,0.022342240907638495,Household & Personal Products,Consumer Defensive,CLX
2022Q3,2022,Q3,2022-05-02,2022-03-31,152000000.0,1809000000.0,221000000.0,1.23,649000000.0,0.3587617468,6322000000.0,400000000.0,1869000000.0,2643000000.0,5746000000.0,803000000.0,951000000.0,17125298310.0,20127298310.0,3.247359490814032,0.7071509648127128,0.5129705789307182,8.1075,0.04194805194805195,3.247359490814032,0.38,9.466721011608623,28.166609062499997,42.813245775,0.9407894736842105,1.4445828144458281,0.00835021950633688,0.28614362543498895,0.3409004918653046,0.024043024359379942,103.16444765060241,0.3587617468214483,1.120689655172414,-0.07628179603901437,0.2802135896289275,0.034910963270515454,0.16308243727598568,1.1111111111111112,0.9557522123893806,-0.15267326062981668,0.2158379626656982,-0.46610249928491043,Household & Personal Products,Consumer Defensive,CLX
2022Q2,2022,Q2,2022-02-03,2021-12-31,72000000.0,1691000000.0,113000000.0,0.58,558000000.0,0.329982259,6190000000.0,313000000.0,1741000000.0,2596000000.0,5699000000.0,818000000.0,949000000.0,21457439040.0,24493439040.0,2.5433920561658976,0.6706471494607088,0.521486268174475,10.313099041533546,0.022431761786600498,2.5433920561658976,0.23003194888178913,12.689201088113542,74.50499666666667,68.55411833865814,1.9861111111111112,1.385085574572127,0.006664355412285025,0.2731825525040388,0.29314329738058553,0.011631663974151859,173.04386322580646,0.32998225901833234,-0.49122807017543857,-0.49544537746933226,0.2557993335921893,0.21043795941166415,-0.16716417910447762,-0.49295774647887325,-0.4840182648401826,-0.5883096296539708,0.19467688540426417,-0.5610146444082827,Household & Personal Products,Consumer Defensive,CLX
2022Q1,2022,Q1,2021-11-01,2021-09-30,142000000.0,1806000000.0,219000000.0,1.14,670000000.0,0.3709856035437431,6274000000.0,368000000.0,1820000000.0,2639000000.0,5727000000.0,785000000.0,1027000000.0,20366717800.0,23386717800.0,2.992356480728574,0.6896551724137931,0.5148230793751992,8.777173913043478,0.042769348428772384,2.992356480728574,0.3858695652173913,11.277252380952381,35.85689753521127,55.34434184782609,1.0,1.4471337579617833,0.006972159254840758,0.28785463818935286,0.32739674118984463,0.02263308893847625,-1851.5198,0.3709856035437431,0.46153846153846134,-0.1649749107589824,0.31739383277844807,0.3403375573489038,0.0029940119760479044,0.4639175257731959,1.0277777777777777,-0.29729084868619743,0.20078520328040472,-0.4351076287938642,Household & Personal Products,Consumer Defensive,CLX
2021Q4,2021,Q4,2021-08-10,2021-06-30,97000000.0,1802000000.0,108000000.0,0.78,668000000.0,0.3706992230854606,6334000000.0,411000000.0,1829000000.0,2056000000.0,5742000000.0,752000000.0,1036000000.0,22327910460.0,25174910460.0,3.311685172352666,0.8895914396887159,0.4998421218819072,7.70316301703163,0.027009520856101775,3.311685172352666,0.2360097323600973,12.390627336293008,57.54616097938144,54.325816204379564,1.422680412371134,1.5079787234042554,0.006180605222652797,0.2844963688032839,0.4489299610894942,0.015314177455004737,78.61940302816902,0.3706992230854606,2.5918367346938775,-0.3865608529170323,0.17521818042640974,0.4440062396970201,-0.13695090439276486,2.5901639344262297,-0.6459016393442623,-0.5328685505277524,0.11362324015516279,-0.40839435710315886,Household & Personal Products,Consumer Defensive,CLX
2021Q3,2021,Q3,2021-04-30,2021-03-31,-61000000.0,1781000000.0,305000000.0,-0.49,774000000.0,0.43458731049971927,6441000000.0,743000000.0,1962000000.0,1819000000.0,5503000000.0,688000000.0,1086000000.0,24227656800.0,26897656800.0,5.915134145370591,1.0786146234194613,0.49091755938518866,4.255720053835801,0.07119514472455649,5.915134145370591,-0.08209959623149395,13.60340078607524,-99.29367540983607,32.60788263795424,-2.2950819672131146,1.4636627906976745,0.0057785200259234315,0.27650985871759043,0.6239692138537658,-0.009470579102623815,132.39156721311474,0.43458731049971927,-1.2413793103448274,-1.3887738945059223,0.28951580243530795,1.9619063602822857,-0.07526881720430108,-1.2355212355212355,-0.10557184750733138,-1.3479741073506042,0.21219924159685447,-0.08344395716882497,Household & Personal Products,Consumer Defensive,CLX
2021Q2,2021,Q2,2021-02-04,2020-12-31,259000000.0,1842000000.0,341000000.0,2.03,837000000.0,0.4543973941368078,6855000000.0,1184000000.0,2103000000.0,1738000000.0,5475000000.0,609000000.0,1302000000.0,25485534720.0,27910534720.0,9.380744121189073,1.2100115074798619,0.46053975200583513,2.666385135135135,0.05685584330961173,9.380744121189073,0.21875,13.835795179153095,24.59993698841699,21.524944864864864,0.5405405405405406,1.6502463054187193,0.005493312247050236,0.2687089715536105,0.7756041426927502,0.03778264040846098,155.39960195121952,0.4543973941368078,-0.36956521739130443,0.7840746958553632,0.40561660626392987,5.137422907531293,-0.09021739130434783,-0.3759036144578313,-0.2760084925690021,0.1392684752427951,0.33324084324639064,0.59668905101697,Household & Personal Products,Consumer Defensive,CLX
2021Q1,2021,Q1,2020-11-02,2020-09-30,415000000.0,1916000000.0,471000000.0,3.22,920000000.0,0.4801670146137787,6777000000.0,1115000000.0,2144000000.0,1516000000.0,5466000000.0,534000000.0,3840000000.0,26554138820.0,28807138820.0,8.824972694030677,1.4142480211081794,0.4593477940091486,2.7919282511210763,0.08188538122873723,8.824972694030677,0.3721973094170404,13.859153872651357,15.996469168674698,23.815371139013454,0.3373493975903614,1.8651685393258426,0.005272247800955045,0.2827209679799321,1.0191292875989446,0.061236535340120996,84.56732108280255,0.4801670146137787,0.3360995850622407,1.466433306619438,0.40906306503085565,8.57806175039943,-0.00968783638320775,0.3387096774193548,0.23622047244094488,1.2071865568227986,0.30435684021127174,0.9232924865053106,Household & Personal Products,Consumer Defensive,CLX
2020Q4,2020,Q4,2020-08-13,2020-06-30,310000000.0,1983000000.0,381000000.0,2.41,929000000.0,0.46848209783156836,6213000000.0,908000000.0,2020000000.0,1418000000.0,5305000000.0,454000000.0,3567000000.0,27725516190.0,29976516190.0,7.184283193682894,1.4245416078984485,0.5024947690326734,3.4383259911894273,0.06839264826803479,7.184283193682894,0.34140969162995594,13.981601709531013,22.35928725,30.534709460352424,0.432258064516129,2.3215859030837005,0.004833093064226914,0.31916948334138096,1.0712270803949224,0.04989538065346853,43.05204377329193,0.46848209783156836,0.2751322751322753,0.6635396882267656,0.3053859728902815,6.886942620278608,0.11658653846153846,0.2863070539419087,0.12058823529411765,0.5755536763081818,0.2299761266113248,0.7114102508966411,Household & Personal Products,Consumer Defensive,CLX
2020Q3,2020,Q3,2020-05-01,2020-03-31,241000000.0,1783000000.0,340000000.0,1.89,832000000.0,0.4666292765002804,5850000000.0,695000000.0,1750000000.0,1794000000.0,5155000000.0,457000000.0,3398000000.0,21770768250.0,24542768250.0,5.530753376146935,0.9754738015607581,0.5586324786324787,4.702158273381295,0.06408647059053563,5.530753376146935,0.34676258992805753,12.210189708356703,22.583784491701245,31.3248464028777,0.5518672199170125,2.0809628008752736,0.006109109172112013,0.3047863247863248,0.6811594202898551,0.0411965811965812,83.41290517241379,0.4666292765002804,0.29452054794520544,0.45308633234810647,0.3351708172891953,1.4143569862171486,0.30203442879499215,0.3027027027027027,0.3333333333333333,0.4356284895704074,0.23687075311763578,0.7626127690239359,Household & Personal Products,Consumer Defensive,CLX
2020Q2,2020,Q2,2020-02-04,2019-12-31,185000000.0,1449000000.0,255000000.0,1.46,639000000.0,0.4409937888198758,5459000000.0,555000000.0,1303000000.0,1513000000.0,4904000000.0,514000000.0,3292000000.0,19260057600.0,22230057600.0,4.424426020408164,0.8612029081295439,0.5748305550467119,5.654054054054054,0.04973852350125467,4.424426020408164,0.3333333333333333,13.291965217391304,26.027104864864864,34.70280648648648,0.7189189189189189,1.575875486381323,0.006905482982563874,0.26543322952921783,0.47058823529411764,0.033888990657629604,113.29445647058823,0.4409937888198758,-0.08176100628930824,0.5403491709183673,0.12125286278544892,1.0556261177736221,-0.03619909502262444,-0.08866995073891626,-0.10526315789473684,0.2718690611731269,0.05569875120656372,1.1056498901643992,Household & Personal Products,Consumer Defensive,CLX
2020Q1,2020,Q1,2019-10-31,2019-09-30,203000000.0,1506000000.0,285000000.0,1.59,663000000.0,0.4402390438247012,5397000000.0,550000000.0,1266000000.0,1458000000.0,4847000000.0,504000000.0,3241000000.0,19108739010.0,22041739010.0,4.371219888255724,0.8683127572016461,0.5712432833055401,5.6054545454545455,0.05634276031319388,4.371219888255724,0.3690909090909091,12.688405717131474,23.532929815270936,34.74316183636364,0.6551724137931034,1.6726190476190477,0.006960166232339996,0.27904391328515843,0.4842249657064472,0.03761348897535668,88.05870511520737,0.4402390438247012,-0.1542553191489361,1.3181008241736407,0.14479328456472168,2.3446815750894925,-0.09673024523160763,-0.15767634854771784,-0.03389830508474576,0.16676037372176225,0.07373548192794266,0.9579586273869041,Household & Personal Products,Consumer Defensive,CLX
2019Q4,2019,Q4,2019-08-14,2019-06-30,241000000.0,1627000000.0,295000000.0,1.88,734000000.0,0.45113706207744314,5116000000.0,559000000.0,1305000000.0,1440000000.0,4557000000.0,512000000.0,3150000000.0,19354106400.0,21926106400.0,4.413285647742435,0.90625,0.52443315089914,4.799642218246869,0.07510056366355962,4.413285647742435,0.43112701252236135,11.895578610940381,20.07687385892116,34.62273059033989,0.5062240663900415,1.744140625,0.006303571835277293,0.31802189210320564,0.5152777777777777,0.04710711493354183,60.861969811320755,0.45113706207744314,0.3055555555555555,0.44385936558844663,0.09667984415286085,2.696986460954629,0.09063893016344725,0.2887700534759358,0.12595419847328243,0.49334380253591076,0.03966703970378093,0.9243411378920565,Household & Personal Products,Consumer Defensive,CLX
2019Q3,2019,Q3,2019-05-01,2019-03-31,187000000.0,1551000000.0,262000000.0,1.44,673000000.0,0.4339136041263701,5162000000.0,781000000.0,1393000000.0,1261000000.0,4381000000.0,556000000.0,3004000000.0,20357170160.0,22786170160.0,6.082365035357154,1.104678826328311,0.5050368074389772,3.3380281690140845,0.060254329004329005,6.082365035357154,0.23943661971830985,13.125190303030303,27.215468128342245,26.06551877080666,0.6577540106951871,1.579136690647482,0.006042097159539585,0.3004649360712902,0.6066613798572561,0.03622626888802789,193.87781104761905,0.4339136041263701,0.0285714285714286,0.3746795299598418,0.1270131771595902,13.840741163062573,0.04665629860031104,0.027472527472527472,0.027450980392156862,0.16588181745809236,0.09855096420995577,2.0456444843068313,Household & Personal Products,Consumer Defensive,CLX
2019Q2,2019,Q2,2019-02-04,2018-12-31,182000000.0,1473000000.0,255000000.0,1.4,643000000.0,0.4365241004752206,5073000000.0,742000000.0,1365000000.0,1186000000.0,4331000000.0,578000000.0,2940000000.0,19740401520.0,22098401520.0,5.793797045319674,1.150927487352445,0.4967474866942638,3.3962264150943398,0.06351548129981606,5.793797045319674,0.24528301886792453,13.401494582484725,27.115936153846153,26.60431471698113,0.6758241758241759,1.4359861591695502,0.006230876300838283,0.29036073329390893,0.581787521079258,0.035876207372363494,141.002868,0.4365241004752206,-0.13580246913580257,0.6044568714174943,0.12280827783923995,3.8220732895905463,-0.051622418879056046,-0.13333333333333333,-0.13559322033898305,0.2355446445921242,0.10778067715652452,2.790635609302255,Household & Personal Products,Consumer Defensive,CLX
2019Q1,2019,Q1,2018-10-31,2018-09-30,210000000.0,1563000000.0,295000000.0,1.62,678000000.0,0.43378119001919385,5058000000.0,677000000.0,1317000000.0,1235000000.0,4381000000.0,519000000.0,2883000000.0,19225405290.0,21628405290.0,5.297215245338529,1.0663967611336032,0.5071174377224199,3.78877400295421,0.07130065281243382,5.297215245338529,0.310192023633678,12.300323282149712,22.887387250000003,28.397939867060565,0.580952380952381,1.7052023121387283,0.006345769993387744,0.30901542111506525,0.5910931174089069,0.04151838671411625,86.21257977578475,0.43378119001919385,-0.024096385542168565,0.5715559010628031,0.16625644036139473,7.506542911384738,-0.08870967741935484,-0.03225806451612903,-0.08385093167701864,0.23384618660005235,0.1363558527605746,4.749259117745359,Household & Personal Products,Consumer Defensive,CLX
2018Q4,2018,Q4,2018-08-14,2018-06-30,217000000.0,1691000000.0,322000000.0,1.66,744000000.0,0.43997634535777647,5060000000.0,726000000.0,1311000000.0,1200000000.0,4334000000.0,506000000.0,2797000000.0,17541113500.0,19893113500.0,5.597791725137632,1.0925,0.4907114624505929,3.4201101928374658,0.07115811942310943,5.597791725137632,0.2988980716253444,10.373219101123595,20.208656105990784,24.161313360881543,0.5714285714285714,1.8715415019762847,0.007069106530779816,0.3341897233201581,0.6091666666666666,0.04288537549407115,52.83467921686747,0.43997634535777647,0.21167883211678817,0.20159145516209204,0.10764726905434588,4.03885605548656,0.14637904468412943,0.19889502762430938,0.24324324324324326,0.1347853671190753,0.08478171320093318,5.145284219203846,Household & Personal Products,Consumer Defensive,CLX
2018Q3,2018,Q3,2018-05-02,2018-03-31,181000000.0,1517000000.0,259000000.0,1.37,649000000.0,0.4278180619644034,5444000000.0,837000000.0,2373000000.0,2013000000.0,4607000000.0,508000000.0,2704000000.0,17263568340.0,18944568340.0,6.453652443443798,1.178837555886736,0.5244305657604702,3.4109916367980886,0.052468817993785985,6.453652443443798,0.2162485065710872,11.38007141727093,23.844707651933703,20.625529677419358,0.6022099447513812,1.7086614173228347,0.006313874272878163,0.2786554004408523,0.8787878787878788,0.033247612049963265,80.29566669767442,0.4278180619644034,-0.2259887005649717,0.3811016237062809,0.08953734540984055,4.588311058905456,0.06568144499178982,-0.22317596566523606,0.07468879668049792,0.05738605052494035,0.1006562286782613,1.8172329886639942,Household & Personal Products,Consumer Defensive,CLX
2018Q2,2018,Q2,2018-02-02,2017-12-31,233000000.0,1416000000.0,241000000.0,1.77,609000000.0,0.4300847457627119,4758000000.0,760000000.0,1680000000.0,1380000000.0,3998000000.0,494000000.0,2649000000.0,19240857660.0,21034857660.0,5.875122720491037,1.2173913043478262,0.4798234552332913,3.0039473684210525,0.0812915031392913,5.875122720491037,0.30657894736842106,13.588176313559321,20.64469706008584,25.316917973684212,0.4678111587982833,1.6336032388663968,0.005665028135757229,0.29760403530895335,0.7427536231884058,0.048970155527532575,801.7024025,0.4300847457627119,0.21232876712328771,0.9182076451134258,0.08216175928128631,12.742646433568597,-0.0950965824665676,0.21354166666666666,-0.20462046204620463,0.881233775771303,0.0625217490036877,1.7296321949242255,Household & Personal Products,Consumer Defensive,CLX
2018Q1,2018,Q1,2017-11-01,2017-09-30,192000000.0,1500000000.0,303000000.0,1.46,673000000.0,0.44866666666666666,4600000000.0,592000000.0,1520000000.0,1376000000.0,4008000000.0,462000000.0,2524000000.0,17018896290.0,18750896290.0,4.5884714654430745,1.1046511627906976,0.4782608695652174,3.7162162162162162,0.07468342730381737,4.5884714654430745,0.32432432432432434,11.34593086,22.160021210937497,28.748135624999996,0.5625,1.79004329004329,0.006345887427697581,0.32608695652173914,0.7260174418604651,0.04173913043478261,81.43012578947368,0.44866666666666666,-0.03947368421052635,0.4575842329453487,0.13192908598264294,30.886550043016918,-0.10505319148936171,-0.04477611940298507,-0.02572347266881029,1.138178097799549,0.11198703773321583,2.5109137404696735,Household & Personal Products,Consumer Defensive,CLX
2017Q4,2017,Q4,2017-08-15,2017-06-30,201000000.0,1647000000.0,311000000.0,1.52,752000000.0,0.45658773527625984,4573000000.0,542000000.0,1514000000.0,1809000000.0,4031000000.0,459000000.0,2440000000.0,17203016120.0,18980016120.0,4.197873180857079,0.8369264787175235,0.4799912530067789,4.049815498154982,0.07780633255512964,4.197873180857079,0.37084870848708484,10.445061396478446,21.396786218905472,31.7398821402214,0.5124378109452736,1.9498910675381265,0.005987322181268757,0.36015744587797943,0.5433941404090658,0.043953640935928275,54.43992443037975,0.45658773527625984,0.16030534351145034,0.1636541580657628,0.07663396615291534,5.044293213151501,0.15692307692307692,0.1686046511627907,0.22924901185770752,0.18136393063805034,0.08909485313125858,2.516536556470568,Household & Personal Products,Consumer Defensive,CLX
2017Q3,2017,Q3,2017-05-03,2017-03-31,172000000.0,1477000000.0,253000000.0,1.31,650000000.0,0.44008124576844954,4629000000.0,404000000.0,1603000000.0,1998000000.0,4225000000.0,510000000.0,2351000000.0,17359632160.0,19368632160.0,3.137815334907419,0.8023023023023023,0.5271116871894578,6.03960396039604,0.0619473057847475,3.137815334907419,0.42574257425742573,11.753305457007448,25.232023488372093,42.96938653465347,0.5988372093023255,1.6215686274509804,0.005933305443955904,0.31907539425361847,0.5,0.037157053359256856,103.33114380952381,0.44008124576844954,0.14912280701754402,0.3183526893139171,0.06664389937170512,4.856138230349527,0.033386327503974564,0.15436241610738255,-0.06985294117647059,0.26099357878304397,0.07034124330166339,6.656151009048257,Household & Personal Products,Consumer Defensive,CLX
2017Q2,2017,Q2,2017-02-03,2016-12-31,149000000.0,1406000000.0,272000000.0,1.14,629000000.0,0.4473684210526316,4568000000.0,270000000.0,1549000000.0,2037000000.0,4298000000.0,501000000.0,2284000000.0,15422209940.0,17557209940.0,2.1012163708102136,0.7604320078546882,0.5580122591943958,9.440740740740742,0.06375866719382166,2.1012163708102136,0.5518518518518518,10.968854864864864,25.876191174496643,57.11929607407407,0.6845637583892618,1.5508982035928143,0.006613838120271368,0.30779334500875655,0.45557191948944525,0.032618213660245185,367.19547476190473,0.4473684210526316,-0.16176470588235306,0.4479261883823859,0.17494925597838504,2.3843953809531095,-0.0171875,-0.16759776536312848,-0.03202846975088968,0.30915348725786534,0.0681587896993704,0.7488046712853519,Household & Personal Products,Consumer Defensive,CLX
2017Q1,2017,Q1,2016-11-02,2016-09-30,179000000.0,1443000000.0,281000000.0,1.36,640000000.0,0.4435204435204435,4466000000.0,289000000.0,1416000000.0,1522000000.0,4177000000.0,465000000.0,2238000000.0,16204425820.0,18203425820.0,2.2325394556929754,0.9303547963206308,0.538961038961039,8.328719723183392,0.07067007238557682,2.2325394556929754,0.6193771626297578,11.229678322938323,22.63187963687151,56.07067757785468,0.5810055865921788,1.7268817204301075,0.006417999696826036,0.3231079265562024,0.5926412614980289,0.040080609046126286,145.9858181981982,0.4435204435204435,0.07936507936507943,0.40371717522255574,0.1272643031742942,4.8766285116959285,-0.11966987620357634,0.08484848484848485,0.08076923076923077,0.32253117625701344,0.0630256814417272,2.58512761925689,Household & Personal Products,Consumer Defensive,CLX
2016Q4,2016,Q4,2016-08-16,2016-06-30,165000000.0,1600000000.0,260000000.0,1.26,727000000.0,0.454375,4518000000.0,297000000.0,1485000000.0,1558000000.0,4221000000.0,443000000.0,2163000000.0,17921781780.0,19840781780.0,2.2934008741177743,0.9531450577663672,0.5135015493581231,7.811447811447811,0.06505085794348309,2.2934008741177743,0.5555555555555556,11.2011136125,27.154214818181813,60.34269959595959,0.6060606060606061,1.9706546275395034,0.005579802344853683,0.35413899955732625,0.6225930680359435,0.03652058432934927,65.88890360294117,0.454375,0.024390243902439046,-0.0027324976087276464,0.10277320838588341,4.527543886365408,0.12538699690402477,0.018518518518518517,-0.0038314176245210726,-0.08499292750969593,0.04959382117945198,1.064406367659631,Household & Personal Products,Consumer Defensive,CLX
2016Q3,2016,Q3,2016-05-03,2016-03-31,162000000.0,1426000000.0,261000000.0,1.23,646000000.0,0.453015427769986,4284000000.0,259000000.0,1590000000.0,1387000000.0,4025000000.0,460000000.0,2103000000.0,16348721400.0,18162721400.0,1.9970699360012336,1.1463590483056958,0.5200746965452848,8.602316602316602,0.07040662075705059,1.9970699360012336,0.6254826254826255,11.464741514726509,25.22950833333333,63.12247644787645,0.6172839506172839,1.6956521739130435,0.00611668628716127,0.33286647992530344,0.6806056236481615,0.037815126050420166,75.33972995391706,0.453015427769986,0.08849557522123902,0.12805768620944816,0.14983407814860064,4.321078594547222,0.07666666666666666,0.087248322147651,0.04819277108433735,0.23616223069818895,0.024211057594633188,0.7292917625430682,Household & Personal Products,Consumer Defensive,CLX
2016Q2,2016,Q2,2016-02-04,2015-12-31,149000000.0,1345000000.0,249000000.0,1.13,600000000.0,0.44609665427509293,4175000000.0,198000000.0,1490000000.0,1358000000.0,3977000000.0,450000000.0,2042000000.0,16429938690.0,18335938690.0,1.5284500127370835,1.0972017673048602,0.5499401197604791,11.595959595959595,0.06554687772392873,1.5284500127370835,0.7525252525252525,12.215567799256506,27.567011224832214,82.97948833333334,0.6644295302013423,1.6555555555555554,0.006025585479528043,0.3221556886227545,0.6362297496318114,0.035688622754491015,-8214.969345,0.44609665427509293,-0.13740458015267187,6.595573891074227,0.22124303131075437,0.7093741198899457,-0.04,-0.13372093023255813,-0.12937062937062938,0.2249226470866409,0.02644081611132545,2.5752356360436304,Household & Personal Products,Consumer Defensive,CLX
2016Q1,2016,Q1,2015-11-02,2015-09-30,172000000.0,1390000000.0,286000000.0,1.31,625000000.0,0.44964028776978415,4095000000.0,119000000.0,1410000000.0,1351000000.0,3976000000.0,408000000.0,1993000000.0,14921277150.0,16765277150.0,0.9213735434168248,1.0436713545521836,0.5438339438339438,18.714285714285715,0.0798877522023302,0.9213735434168248,1.4453781512605042,10.734731762589927,21.687902834302324,125.38888361344537,0.5755813953488372,1.875,0.006634820800175272,0.33943833943833945,0.6328645447816432,0.042002442002442006,125.38888361344537,0.44964028776978415,-0.1027397260273972,-0.14007645134972754,0.18567657815660835,-0.5393957886449403,-0.11971830985915492,-0.09947643979057591,-0.02054794520547945,0.3043775867604438,0.04781644099316595,7.001274437691146,Household & Personal Products,Consumer Defensive,CLX
2015Q4,2015,Q4,2015-08-21,2015-06-30,191000000.0,1557000000.0,292000000.0,1.46,710000000.0,0.45600513808606297,4164000000.0,118000000.0,1429000000.0,1405000000.0,4046000000.0,385000000.0,1923000000.0,13474854820.0,15283854820.0,0.9109085154507067,1.0170818505338077,0.5261767531219981,18.56779661016949,0.08270330780262582,0.9109085154507067,1.61864406779661,8.654370468850352,17.637244528795808,114.19368491525424,0.5078534031413613,2.2,0.007198593327775832,0.3739193083573487,0.6412811387900356,0.045869356388088374,39.984732403560834,0.45600513808606297,0.12307692307692301,0.20261434987437205,0.10507602429361443,0.5307104240058713,0.17355371900826447,0.09770114942528736,0.21161825726141079,0.1021075118719348,0.014438720016990458,1.8775827587261806,Household & Personal Products,Consumer Defensive,CLX
2015Q3,2015,Q3,2015-05-04,2015-03-31,174000000.0,1401000000.0,241000000.0,1.3,605000000.0,0.4318344039971449,4228000000.0,302000000.0,1495000000.0,1300000000.0,3926000000.0,440000000.0,1832000000.0,14553044870.0,16341044870.0,2.2907769678305128,1.15,0.5122989593188269,7.172185430463577,0.06479994622411102,2.2907769678305128,0.5761589403973509,10.38761232690935,20.909547227011494,48.18889029801325,0.5574712643678161,1.809090909090909,0.006665271829124787,0.33136234626300853,0.696923076923077,0.04115421002838222,74.63099933333334,0.4318344039971449,0.36842105263157904,0.12598542370754187,0.09510282758348873,0.7914384949983018,0.057692307692307696,0.392,0.09049773755656108,0.3025135795079586,-0.011886250028445032,3.8151920046359393,Household & Personal Products,Consumer Defensive,CLX
2015Q2,2015,Q2,2015-02-05,2014-12-31,125000000.0,1345000000.0,221000000.0,0.95,572000000.0,0.42527881040892196,4674000000.0,281000000.0,1905000000.0,1744000000.0,4393000000.0,446000000.0,1757000000.0,13605136550.0,15458136550.0,2.1523495844663167,1.0923165137614679,0.5716730851519042,9.508896797153024,0.048626450602587745,2.1523495844663167,0.44483985765124556,10.115343159851301,27.2102731,48.416856049822066,0.768,1.7331838565022422,0.007056158506545824,0.2877620881471973,0.7408256880733946,0.026743688489516474,4535.045516666667,0.42527881040892196,0.3970588235294116,0.2212111927749015,0.1301216323443106,10.184485324051023,-0.010380622837370242,0.3888888888888889,-0.10526315789473684,0.19555523944478798,0.1062557817565284,2.4180847171786315,Household & Personal Products,Consumer Defensive,CLX
2015Q1,2015,Q1,2014-11-03,2014-09-30,90000000.0,1352000000.0,247000000.0,0.68,578000000.0,0.4275147928994083,4150000000.0,169000000.0,1351000000.0,1533000000.0,3981000000.0,397000000.0,1731000000.0,12419124480.0,14288124480.0,1.3069166048007919,0.8812785388127854,0.5359036144578313,13.159763313609467,0.0686539869727071,1.3069166048007919,0.5325443786982249,9.185742958579882,34.497568,73.48594366863905,1.0555555555555556,1.9496221662468514,0.00764949253491982,0.3257831325301205,0.5283757338551859,0.021686746987951807,58.03329196261682,0.4275147928994083,-0.4728682170542635,-0.3805102988949257,0.06491222801560964,4.885796746908023,-0.09546165884194054,-0.47058823529411764,-0.08856088560885608,-0.29347267431899954,0.05729453181517802,3.26935750660988,Household & Personal Products,Consumer Defensive,CLX
2014Q4,2014,Q4,2014-08-25,2014-06-30,170000000.0,1511000000.0,271000000.0,1.29,639000000.0,0.4228987425545996,4258000000.0,154000000.0,1395000000.0,1638000000.0,4104000000.0,386000000.0,1739000000.0,11791057000.0,13775057000.0,1.1937521801480562,0.8516483516483516,0.5432127759511508,15.019480519480519,0.0723817963003114,1.1937521801480562,1.103896103896104,7.8034791528788885,17.339789705882353,76.5653051948052,0.5352941176470588,2.2590673575129534,0.007717713517965352,0.3548614372945045,0.5341880341880342,0.03992484734617191,41.083822299651565,0.4228987425545996,0.24038461538461536,0.08323708383395992,0.09118082244874229,1.9532486337738848,0.10362694300518134,0.24087591240875914,0.08835341365461848,0.031446191824590956,0.045443629825100286,2.836143542300055,Household & Personal Products,Consumer Defensive,CLX
2014Q3,2014,Q3,2014-05-02,2014-03-31,137000000.0,1386000000.0,249000000.0,1.04,579000000.0,0.41774891774891776,4374000000.0,53000000.0,1520000000.0,1838000000.0,4321000000.0,447000000.0,1667000000.0,11381277180.0,13581277180.0,0.4098424039963501,0.8269858541893362,0.5861911294010059,48.37735849056604,0.0618011634924773,0.4098424039963501,2.5849056603773586,8.211599696969698,20.768753978102193,214.74107886792453,0.6788321167883211,1.8053691275167785,0.008171314917400157,0.3168724279835391,0.49782372143634385,0.031321444901691815,58.365524,0.41774891774891776,0.19540229885057475,-0.036060117092920015,0.10522391829959221,1.1846452769823426,0.03949730700179533,0.19130434782608696,0.22660098522167488,-0.04328105807041298,0.12079553356698941,1.681557921689735,Household & Personal Products,Consumer Defensive,CLX
2014Q2,2014,Q2,2014-02-05,2013-12-31,115000000.0,1330000000.0,203000000.0,0.87,557000000.0,0.418796992481203,4388000000.0,156000000.0,1500000000.0,1181000000.0,4232000000.0,466000000.0,1623000000.0,12043587360.0,14214587360.0,1.201515758341292,1.2701100762066047,0.5724703737465816,16.102564102564102,0.048762911361998555,1.201515758341292,0.7371794871794872,9.055328842105263,26.181711652173917,77.20248307692309,0.7913043478260869,1.6587982832618027,0.007555888231627357,0.3030993618960802,0.7112616426756986,0.026207839562443026,-3010.89684,0.418796992481203,-0.15533980582524273,0.43247707125339513,0.17167282186758695,1.414674989490464,-0.04786324786324787,-0.15441176470588236,-0.13983050847457626,4.849126150352313,0.20489798561301098,0.3437403414133363,Household & Personal Products,Consumer Defensive,CLX
2014Q1,2014,Q1,2013-11-01,2013-09-30,136000000.0,1364000000.0,236000000.0,1.03,585000000.0,0.42888563049853373,4301000000.0,81000000.0,1420000000.0,1170000000.0,4220000000.0,439000000.0,1603000000.0,10629647280.0,12762647280.0,0.6227224502975229,1.2136752136752136,0.5710299930248779,30.320987654320987,0.061270125223613595,0.6227224502975229,1.6790123456790123,7.792996539589443,19.53979279411765,131.23021333333332,0.6838235294117647,1.7744874715261958,0.008749114392062876,0.3171355498721228,0.7085470085470086,0.03162055335968379,70.39501509933775,0.42888563049853373,-0.24817518248175185,0.1309759252425541,0.04906573412502143,1.2368689074199015,-0.13970588235294118,-0.2568306010928962,-0.2053872053872054,-0.32486436495692766,0.15527809531485315,-0.6886945743539534,Household & Personal Products,Consumer Defensive,CLX
2013Q4,2013,Q4,2013-08-23,2013-06-30,183000000.0,1547000000.0,297000000.0,1.37,680000000.0,0.43956043956043955,4311000000.0,146000000.0,1420000000.0,1134000000.0,4165000000.0,394000000.0,1561000000.0,11013163600.0,13086163600.0,1.110925111472965,1.252204585537919,0.5502203665042914,16.246575342465754,0.08068007003847392,1.110925111472965,1.2534246575342465,7.119045636716225,15.045305464480874,75.43262739726026,0.4644808743169399,2.200507614213198,0.007718036623009941,0.3588494548828578,0.7751322751322751,0.04244954766875435,47.88332,0.43956043956043955,0.3700000000000001,0.2202276115456844,0.09017436694140943,1.4157171842140874,0.14285714285714285,0.37593984962406013,0.27467811158798283,0.1357513909257628,0.0822635475587369,0.8668226496709855,Household & Personal Products,Consumer Defensive,CLX
2013Q3,2013,Q3,2013-05-02,2013-03-31,133000000.0,1413000000.0,233000000.0,1.0,595000000.0,0.4210898796886058,4523000000.0,152000000.0,1588000000.0,1308000000.0,4371000000.0,454000000.0,1474000000.0,11599582470.0,13737582470.0,1.1548484641275196,1.2140672782874617,0.5662171125359274,16.848684210526315,0.05697174951553393,1.1548484641275196,0.875,8.209187876857749,21.80372644736842,76.31304256578947,0.6240601503759399,1.801762114537445,0.007155429966092564,0.3124032721644926,0.7530581039755352,0.029405261994251603,90.621738046875,0.4210898796886058,0.07526881720430102,0.39456035982646875,0.09504014383786549,1.3376659466892178,0.056838365896980464,0.08130081300813008,0.09905660377358491,-0.13793361785520963,0.10627850738750504,-0.09688283775307678,Household & Personal Products,Consumer Defensive,CLX
2013Q2,2013,Q2,2013-02-05,2012-12-31,123000000.0,1325000000.0,212000000.0,0.93,563000000.0,0.4249056603773585,4502000000.0,56000000.0,1552000000.0,1373000000.0,4446000000.0,444000000.0,1430000000.0,9591161020.0,11820161020.0,0.42751028696628013,1.1303714493809176,0.5939582407818748,47.75,0.0508066401683423,0.42751028696628013,2.1964285714285716,7.238612090566038,19.494229715447155,171.2707325,0.6829268292682927,1.7162162162162162,0.008758063786525815,0.2943136383829409,0.696285506190823,0.027321190581963573,139.0023336231884,0.4249056603773585,-0.07920792079207917,0.41614857044609427,0.18337590820671323,1.1070704915461576,-0.01916376306620209,-0.07518796992481203,-0.06607929515418502,0.1976720815656314,0.10961120468983505,1.2215176219344446,Household & Personal Products,Consumer Defensive,CLX
2013Q1,2013,Q1,2012-11-02,2012-09-30,133000000.0,1338000000.0,227000000.0,1.01,574000000.0,0.4289985052316891,4747000000.0,-20000000.0,1745000000.0,1725000000.0,4767000000.0,421000000.0,1395000000.0,9415771040.0,11769771040.0,-0.1535296465747536,1.0115942028985507,0.6364019380661471,-151.05,0.051857284685173664,-0.1535296465747536,-6.65,7.037198086696562,17.698817744360902,-470.788552,0.6240601503759399,1.814726840855107,0.00881499769348682,0.2818622287760691,0.6782608695652174,0.028017695386559932,61.14137038961039,0.4289985052316891,-0.2348484848484849,0.3224624661508624,0.19189912157994135,0.9653466475271194,-0.1276595744680851,-0.23563218390804597,-0.21180555555555555,-0.0912502476521209,0.04615086628767375,0.5435171616745577,Household & Personal Products,Consumer Defensive,CLX
2012Q4,2012,Q4,2012-08-24,2012-06-30,174000000.0,1541000000.0,288000000.0,1.32,658000000.0,0.426995457495133,4355000000.0,-135000000.0,1376000000.0,2061000000.0,4490000000.0,384000000.0,1350000000.0,9424220060.0,11878220060.0,-1.037974488893673,0.6676370693837943,0.6247990815154995,-20.155555555555555,0.07720394523992198,-1.037974488893673,-1.288888888888889,6.1156522128488,13.54054606321839,-69.80903748148147,0.4482758620689655,2.2994791666666665,0.008276546971888092,0.35384615384615387,0.4090247452692867,0.039954075774971294,44.038411495327104,0.426995457495133,0.306930693069307,0.17287235389172922,0.2675021926524586,-1.8727362342933014,0.10961214165261383,0.3181818181818182,0.2743362831858407,0.0997229806647288,0.10381007373463212,0.17114474856303677,Household & Personal Products,Consumer Defensive,CLX
2012Q3,2012,Q3,2012-05-03,2012-03-31,132000000.0,1401000000.0,226000000.0,1.01,593000000.0,0.42326909350463954,4386000000.0,-106000000.0,1442000000.0,2131000000.0,4492000000.0,454000000.0,1263000000.0,8955787500.0,11502787500.0,-0.8137196198547587,0.676677616142656,0.6497948016415869,-26.88679245283019,0.055739611862060834,-0.8137196198547587,-1.2452830188679245,6.392425053533191,16.96171875,-84.48856132075471,0.5909090909090909,1.7797356828193833,0.008709451848874263,0.31942544459644323,0.40356640075082123,0.030095759233926128,74.6315625,0.42326909350463954,0.2784810126582278,0.18980804571968843,0.3126805013971721,-2.33970975108457,0.16962524654832348,0.2571428571428571,0.26256983240223464,-0.07799937563651803,0.1090549934578308,0.6333969273823932,Household & Personal Products,Consumer Defensive,CLX
2012Q2,2012,Q2,2012-02-06,2011-12-31,105000000.0,1221000000.0,179000000.0,0.79,507000000.0,0.4152334152334152,4290000000.0,-199000000.0,1348000000.0,1637000000.0,4489000000.0,451000000.0,1210000000.0,8726814720.0,11325814720.0,-1.517786320092745,0.8234575442883323,0.6750582750582751,-14.552763819095478,0.04496035020991066,-1.517786320092745,-0.5276381909547738,7.147268402948403,20.778130285714287,-43.853340301507544,0.7619047619047619,1.583148558758315,0.009167147758581037,0.2846153846153846,0.48014660965180206,0.024475524475524476,-1090.85184,0.4152334152334152,-0.1938775510204081,0.2631030626487276,0.28070488812277405,-5.964017578309176,-0.07142857142857142,-0.19230769230769232,-0.14761904761904762,0.2951850503812114,0.06518014881210456,0.4761716423910185,Household & Personal Products,Consumer Defensive,CLX
2012Q1,2012,Q1,2011-11-03,2011-09-30,130000000.0,1305000000.0,210000000.0,0.98,546000000.0,0.41839080459770117,4077000000.0,-76000000.0,1238000000.0,1268000000.0,4153000000.0,407000000.0,1185000000.0,8753437440.0,11045437440.0,-0.5758971871968962,0.9763406940063092,0.6284032376747608,-33.71052631578947,0.05872457957072978,-0.5758971871968962,-1.7105263157894737,6.707614896551724,16.833533538461538,-115.17680842105263,0.6076923076923076,1.864864864864865,0.009025025944550532,0.3200883002207506,0.5591482649842271,0.031886190826588175,93.12167489361703,0.41839080459770117,-0.22222222222222224,0.3293665076815158,0.2873531356438769,-0.5825968829909179,-0.15348837209302327,-0.23076923076923078,-0.2553191489361702,0.06556430820350385,-0.010716640494034757,0.7809423163524158,Household & Personal Products,Consumer Defensive,CLX
2011Q4,2011,Q4,2011-08-26,2011-06-30,169000000.0,1482000000.0,282000000.0,1.26,645000000.0,0.4352226720647773,4163000000.0,-86000000.0,1279000000.0,1365000000.0,4249000000.0,382000000.0,1143000000.0,8920895760.0,11245895760.0,-0.6501409898774559,0.936996336996337,0.620706221474898,-30.046511627906977,0.07511205815045736,-0.6501409898774559,-1.9651162790697674,6.019497813765182,13.196591360946744,-103.73134604651163,0.4319526627218935,2.1910994764397906,0.00818303474941624,0.35599327408119147,0.5743589743589743,0.04059572423732885,40.004016860986546,0.4352226720647773,0.1559633027522935,0.35986405813832045,0.28380937616744195,0.3701008997881518,0.12173913043478261,0.11920529801324503,0.1799163179916318,0.11957613372043226,0.03760253771918835,0.7567119701744245,Household & Personal Products,Consumer Defensive,CLX
2011Q3,2011,Q3,2011-05-04,2011-03-31,151000000.0,1304000000.0,239000000.0,1.09,575000000.0,0.4409509202453988,4051000000.0,-82000000.0,1204000000.0,1232000000.0,4133000000.0,435000000.0,1059000000.0,9555025480.0,11870025480.0,-0.601331729782054,0.9772727272727273,0.6092322883238707,-30.097560975609756,0.06449149720400969,-0.601331729782054,-1.8414634146341464,7.327473527607362,15.819578609271524,-116.52470097560973,0.5033112582781457,1.6758620689655173,0.007953929600614734,0.3218958281905702,0.5292207792207793,0.0372747469760553,86.08131063063063,0.4409509202453988,6.2666666666666675,0.5136602302393859,0.24276316017982985,0.7882467348549209,0.16869918699186992,6.190476190476191,0.4311377245508982,0.5282045114546359,-0.024596465574736714,0.8241767174496574,Household & Personal Products,Consumer Defensive,CLX
2011Q2,2011,Q2,2011-02-07,2010-12-31,21000000.0,1179000000.0,167000000.0,0.15,492000000.0,0.4173027989821883,4158000000.0,124000000.0,1344000000.0,1176000000.0,4034000000.0,412000000.0,994000000.0,8775543840.0,10824543840.0,0.8941576890350308,1.1428571428571428,0.583934583934584,19.580645161290324,0.0952369290192566,0.8941576890350308,0.1693548387096774,7.443209363867685,104.47076000000001,70.77051483870967,3.6666666666666665,1.6674757281553398,0.008774384973045727,0.28354978354978355,0.6964285714285714,0.005050505050505051,398.8883563636364,0.4173027989821883,-0.9013157894736843,-0.7261854930647176,0.19918842665440054,1.2541575491863208,-0.12299465240641712,-0.9027777777777778,-0.2832618025751073,-0.7716206200538376,-0.005386068256631013,1.2239429230209575,Household & Personal Products,Consumer Defensive,CLX
2011Q1,2011,Q1,2010-11-03,2010-09-30,216000000.0,1266000000.0,233000000.0,1.52,561000000.0,0.4431279620853081,4793000000.0,279000000.0,1721000000.0,1697000000.0,4514000000.0,370000000.0,1053000000.0,9311351000.0,11955351000.0,2.000358487184083,1.0141426045963464,0.611308157730023,10.501792114695341,0.050322576664023524,2.000358487184083,0.7741935483870968,7.354937598736177,10.777026620370371,33.37401792114696,0.35648148148148145,1.9054054054054055,0.008269476684962257,0.2641351971625287,0.45138479670005893,0.04506572084289589,81.67851754385966,0.4431279620853081,0.23977777777777776,1.1430534885900765,0.24013906964782536,1.567150512057164,-0.175,0.2631578947368421,-0.24104234527687296,1.0059811164453571,0.05331548130810503,1.4515032065468654,Household & Personal Products,Consumer Defensive,CLX
2010Q4,2010,Q4,2010-08-26,2010-06-30,171000000.0,1517000000.0,307000000.0,1.226026169564438,680000000.0,0.44825313117996046,4555000000.0,83000000.0,1124000000.0,1647000000.0,4472000000.0,367000000.0,920000000.0,8669766000.0,11377766000.0,0.5950887255780606,0.6824529447480268,0.6136114160263447,33.674698795180724,0.06633015351569903,0.5950887255780606,2.0602409638554215,5.715073170731707,12.67509649122807,104.45501204819277,0.4152046783625731,2.2806539509536785,0.00818937904437098,0.3330406147091109,0.38312082574377654,0.03754116355653128,30.527345070422534,0.44825313117996046,0.0569191116934812,0.18543370055289762,0.3082592131063372,1.1623150233681137,0.10210696920583469,0.03636363636363636,0.10431654676258993,0.07485116224168156,0.1635428456200548,-0.4996452234727345,Household & Personal Products,Consumer Defensive,CLX
2010Q3,2010,Q3,2010-05-04,2010-03-31,165000000.0,1366000000.0,278000000.0,1.16,617000000.0,0.45168374816983897,4743000000.0,180000000.0,1338000000.0,1772000000.0,4563000000.0,423000000.0,838000000.0,9028602960.0,11805602960.0,1.2787360404648915,0.755079006772009,0.6363061353573688,16.766666666666666,0.059026088836386936,1.2787360404648915,0.9166666666666666,6.609519004392387,13.679701454545455,50.15890533333334,0.42424242424242425,1.7706855791962175,0.007753137479865434,0.2880033733923677,0.4497742663656885,0.03478810879190386,55.732117037037035,0.45168374816983897,0.5064935064935063,0.524840350648206,0.37165001640874507,1.5673079181602365,0.09982174688057041,0.5,0.27522935779816515,0.37634209460267637,0.18443457552958764,1.105313796882355,Household & Personal Products,Consumer Defensive,CLX
2010Q2,2010,Q2,2010-02-05,2009-12-31,110000000.0,1279000000.0,218000000.0,0.77,561000000.0,0.43862392494136043,4489000000.0,27000000.0,1103000000.0,1372000000.0,4462000000.0,409000000.0,753000000.0,8558483000.0,11439483000.0,0.19244064631547436,0.8039358600583091,0.6760971263087547,112.4074074074074,0.048045906080071164,0.19244064631547436,4.074074074074074,6.691542611415168,19.451097727272728,316.98085185185187,0.6454545454545455,1.7555012224938875,0.008295862713053236,0.2849186901314324,0.4205539358600583,0.02450434395188238,77.80439090909091,0.43862392494136043,-0.30630630630630634,-0.7899079997483884,0.7075150923358731,1.0788753992589748,-0.09369951534733441,-0.29936305732484075,-0.2482758620689655,0.23656701923693713,0.25365902807355395,1.882970169108028,Household & Personal Products,Consumer Defensive,CLX
2010Q1,2010,Q1,2009-11-03,2009-09-30,157000000.0,1372000000.0,290000000.0,1.11,619000000.0,0.4511661807580175,4598000000.0,-47000000.0,1201000000.0,1866000000.0,4645000000.0,392000000.0,720000000.0,8219683260.0,11151683260.0,-0.3363316946108213,0.6436227224008575,0.6892127011744237,-67.42553191489361,0.0597688535092049,-0.3363316946108213,-3.3404255319148937,5.99102278425656,13.088667611464968,-174.88687787234042,0.445859872611465,1.9209183673469388,0.008516143236400086,0.2983906046107003,0.372454448017149,0.03414528055676381,136.994721,0.4511661807580175,-0.08756041176470583,0.9446898135712427,0.9177121146440054,-1.0435563865213606,-0.09898107714701601,-0.07647058823529412,-0.09657320872274143,0.5161410461653585,0.27814424045794955,0.07574215784430242,Household & Personal Products,Consumer Defensive,CLX
2009Q4,2009,Q4,2009-08-25,2009-06-30,170000000.0,1500000000.0,321000000.0,1.216518895400843,687000000.0,0.458,4576000000.0,-175000000.0,1180000000.0,1937000000.0,4751000000.0,366000000.0,640000000.0,7801851690.0,10744851690.0,-1.2522988629126324,0.609189468249871,0.6881555944055944,-17.994285714285713,0.0703027773268712,-1.2522988629126324,-0.9714285714285714,5.20123446,11.47331130882353,-44.58200965714286,0.38235294117647056,2.221311475409836,0.008331355501580933,0.3277972027972028,0.3572534847702633,0.03715034965034965,30.837358458498024,0.458,0.12640638463041012,0.40001597527198096,0.8385520474089003,-1.1731303177976713,0.12438625204582651,0.1111111111111111,0.12631578947368421,0.294847291602603,0.22999809620191064,-0.2133090194692563,Household & Personal Products,Consumer Defensive,CLX
2009Q3,2009,Q3,2009-05-04,2009-03-31,153000000.0,1350000000.0,285000000.0,1.08,611000000.0,0.4525925925925926,4465000000.0,-309000000.0,1112000000.0,1978000000.0,4774000000.0,406000000.0,542000000.0,7166685240.0,10310685240.0,-2.219620294081731,0.5621840242669363,0.7303471444568869,-10.553398058252426,0.06339631529362504,-2.219620294081731,-0.49514563106796117,5.3086557333333335,11.71027,-23.193156116504852,0.41830065359477125,1.8201970443349753,0.008930209414359602,0.3023516237402016,0.2901921132457027,0.034266517357222845,39.59494607734807,0.4525925925925926,0.7419354838709679,0.8423058807110584,0.88601349504057,-1.3516974202354723,0.257201646090535,0.7790697674418605,0.5833333333333334,0.502321295751507,0.2602725801972578,0.21838176604378132,Household & Personal Products,Consumer Defensive,CLX
2009Q2,2009,Q2,2009-02-05,2008-12-31,86000000.0,1216000000.0,180000000.0,0.62,486000000.0,0.3996710526315789,4398000000.0,-403000000.0,1041000000.0,1430000000.0,4801000000.0,405000000.0,457000000.0,7727618160.0,10986618160.0,-2.8974878851933337,0.727972027972028,0.7630741246020919,-8.327543424317618,0.04001623397605747,-2.8974878851933337,-0.21339950372208435,6.3549491447368425,22.464006279069768,-19.175231166253102,0.7558139534883721,1.8024691358024691,0.008411388691078908,0.2764893133242383,0.35384615384615387,0.019554342883128694,145.8041162264151,0.3996710526315789,-0.3186813186813187,0.19409982893561872,0.9433556116800006,-1.514701434458394,-0.13523131672597866,-0.328125,-0.22413793103448276,0.11804623264205609,0.23319385128625447,0.17641101929959185,Household & Personal Products,Consumer Defensive,CLX
2009Q1,2009,Q1,2008-11-03,2008-09-30,128000000.0,1384000000.0,232000000.0,0.91,562000000.0,0.4060693641618497,4587000000.0,-364000000.0,1166000000.0,1562000000.0,4951000000.0,421000000.0,440000000.0,8679869330.0,11942869330.0,-2.628975060849217,0.7464788732394366,0.7514715500327012,-9.469780219780219,0.05178589490058211,-2.628975060849217,-0.3516483516483517,6.271581885838151,16.95286978515625,-23.845794862637362,0.5,1.9524940617577198,0.007373382889394258,0.3017222585567909,0.4090909090909091,0.02790494876825812,160.73832092592593,0.4060693641618497,-0.20255778481012662,0.5239787037119464,1.0283058641900946,-1.4831997083749606,-0.10793650793650794,-0.189873417721519,-0.15942028985507245,0.2792949395808178,0.36569659622257034,0.2546213283774593,Household & Personal Products,Consumer Defensive,CLX
2008Q4,2008,Q4,2008-08-19,2008-06-30,158000000.0,1495000000.0,276000000.0,1.1411485154235612,630000000.0,0.4214046822742475,4708000000.0,-370000000.0,1249000000.0,1661000000.0,5078000000.0,384000000.0,386000000.0,7227455400.0,10488455400.0,-2.6723098145994784,0.7519566526189043,0.7381053525913339,-9.391891891891891,0.05851851851851852,-2.6723098145994784,-0.42702702702702705,4.834418327759197,11.435847151898734,-19.533663243243247,0.34810126582278483,2.2526041666666665,0.007609870550014048,0.3175446049277825,0.4328717639975918,0.033559898045879354,38.64949411764706,0.4214046822742475,0.6072514301740299,0.6286563516703488,0.9931838168970228,-1.4677180010813478,0.17100371747211895,0.58,0.33980582524271846,0.10336625848662091,0.29876586722109333,0.2711069604247517,Household & Personal Products,Consumer Defensive,CLX
2008Q3,2008,Q3,2008-05-02,2008-03-31,100000000.0,1353000000.0,206000000.0,0.71,538000000.0,0.3976348854397635,4750000000.0,-472000000.0,1269000000.0,1775000000.0,5222000000.0,423000000.0,295000000.0,7816773120.0,11214773120.0,-3.4200915888933974,0.7149295774647887,0.7747368421052632,-7.796610169491525,0.042526134993641725,-3.4200915888933974,-0.211864406779661,5.777363725055432,19.541932799999998,-16.56096,0.56,1.9267139479905437,0.007164081538546688,0.2848421052631579,0.41577464788732393,0.021052631578947368,58.77273022556391,0.3976348854397635,0.09230769230769222,0.42556953220103183,1.0821149507112813,-1.5586080763160572,0.12317327766179541,0.08695652173913043,0.1839080459770115,-0.057399276288576634,0.3857272186318929,-0.5173147372205614,Household & Personal Products,Consumer Defensive,CLX
2008Q2,2008,Q2,2008-02-04,2007-12-31,92000000.0,1186000000.0,174000000.0,0.65,479000000.0,0.40387858347386174,4853000000.0,-554000000.0,1215000000.0,2331000000.0,5407000000.0,421000000.0,248000000.0,9042337500.0,12525337500.0,-3.992792792792793,0.5212355212355212,0.7753966618586441,-6.792418772563177,0.038972421315051416,-3.992792792792793,-0.16606498194945848,7.624230607082631,24.571569293478262,-16.321908844765343,0.6086956521739131,1.6793349168646081,0.006193088899855817,0.2443849165464661,0.2904332904332904,0.018957345971563982,87.78968446601942,0.40387858347386174,-0.14473684210526314,0.6266203461888855,1.015403840990018,-1.6940783611637114,-0.0928030303030303,-0.17117117117117117,-0.25,-0.8223199680367063,0.6010786306306305,-0.6365208271729059,Household & Personal Products,Consumer Defensive,CLX
2008Q1,2008,Q1,2007-11-01,2007-09-30,111000000.0,1239000000.0,232000000.0,0.76,528000000.0,0.4261501210653753,3673000000.0,-637000000.0,1064000000.0,2153000000.0,4310000000.0,332000000.0,219000000.0,8797775820.0,11437775820.0,-4.430441374897411,0.4941941477008825,0.7756602232507487,-4.472527472527473,0.06690777576853527,-4.430441374897411,-0.17425431711145997,7.100706876513317,19.814810405405403,-13.81126502354788,0.5495495495495496,2.141566265060241,0.006933570626035797,0.337326436155731,0.28657686948444033,0.0302205281786006,64.21734175182482,0.4261501210653753,-0.33371170731707317,0.18137171242447053,0.8262331242040171,-1.7550227523704778,-0.1111111111111111,-0.3231707317073171,-0.15018315018315018,0.3363225283965898,0.6832097227874624,-1.5737610224589618,Household & Personal Products,Consumer Defensive,CLX
2007Q4,2007,Q4,2007-08-24,2007-06-30,164000000.0,1344000000.0,273000000.0,1.1406473869437606,594000000.0,0.4419642857142857,3666000000.0,171000000.0,1032000000.0,1427000000.0,3495000000.0,309000000.0,185000000.0,8928613800.0,10782613800.0,1.189333555898677,0.7231955150665732,0.5553737043098745,11.90643274853801,0.08488017396151082,1.189333555898677,0.9590643274853801,6.643313839285715,13.610691768292682,52.21411578947369,0.2865853658536585,2.4271844660194173,0.005263975019280148,0.36661211129296234,0.4498948843728101,0.0447354064375341,38.65200779220779,0.4419642857142857,0.3579135558854293,0.7454500976361547,0.8257971649955655,-0.8051012574715908,0.10614525139664804,0.2713178294573643,0.19736842105263158,0.31270017252573695,0.6011114479956009,-0.835574635897008,Household & Personal Products,Consumer Defensive,CLX
2007Q3,2007,Q3,2007-05-04,2007-03-31,129000000.0,1241000000.0,228000000.0,0.84,537000000.0,0.43271555197421435,3691000000.0,92000000.0,1018000000.0,1483000000.0,3599000000.0,346000000.0,85000000.0,9647060610.0,11646060610.0,0.6073850094738857,0.6864463924477411,0.5879165537794636,23.58695652173913,0.06737125657976112,0.6073850094738857,1.4021739130434783,7.7736185414987915,18.695853895348836,104.85935445652174,0.3643410852713178,2.0346820809248554,0.004871950317310176,0.3362232457328637,0.40256237356709373,0.034949878081820644,66.99347645833333,0.43271555197421435,0.3548387096774193,3.2862166946486684,0.8361734560339337,-0.9120609826308441,0.16233766233766234,0.34375,0.3902439024390244,0.4276312707707911,0.5934514774747351,-0.9037602325536326,Household & Personal Products,Consumer Defensive,CLX
2007Q2,2007,Q2,2007-02-05,2006-12-31,96000000.0,1101000000.0,164000000.0,0.62,462000000.0,0.4196185286103542,3624000000.0,-33000000.0,979000000.0,1519000000.0,3657000000.0,340000000.0,7000000.0,,,,,,,,,,,,,,,,,,,,,,,,,,,,,,,Household & Personal Products,Consumer Defensive,CLX
2007Q1,2007,Q1,2006-11-03,2006-09-30,112000000.0,1161000000.0,202000000.0,0.73,498000000.0,0.4289405684754522,3539000000.0,-55000000.0,940000000.0,960000000.0,3594000000.0,325000000.0,4005000000.0,,,,,,,,,,,,,,,,,,,,,,,,,,,,,,,Household & Personal Products,Consumer Defensive,CLX
