Quarters,Year,Quarter,FillingDate,Date,NetIncome,Revenue,OperatingIncome,EPSDiluted,GrossProfit,GrossProfitRatio,TotalAssets,CommonStockEquity,CurrentAssets,CurrentLiability,TotalLiability,Inventory,RetainedEarnings,MarketCap,EnterpriseValue,bookValuePerShare,currentRatio,debtToAssets,debtToEquity,roic,shareholdersEquityPerShare,roe,priceToSalesRatio,peRatio,pbRatio,payoutRatio,inventoryTurnover,dividendYield,assetTurnover,quickRatio,returnOnAssets,priceToFreeCashFlowsRatio,grossProfitMargin,epsdilutedGrowth,fiveYNetIncomeGrowthPerShare,fiveYRevenueGrowthPerShare,fiveYShareholdersEquityGrowthPerShare,grossProfitGrowth,netIncomeGrowth,operatingIncomeGrowth,threeYNetIncomeGrowthPerShare,threeYRevenueGrowthPerShare,threeYShareholdersEquityGrowthPerShare,Industry,Sector,Symbol
2023Q1,2023,Q1,2023-04-27,2023-03-31,2262000000.0,11337000000.0,2840000000.0,1.07,8771000000.0,0.7736614625,94281000000.0,31824000000.0,27086000000.0,19085000000.0,62395000000.0,2605000000.0,26568000000.0,145481690000.0,175857690000.0,15.161505478799429,1.419229761592874,0.4175920917257984,1.2371480643539468,0.031955136502753244,15.161505478799429,0.07107843137254902,12.83246802505072,16.078878205128206,4.571445764203117,0.5287356321839081,0.9850287907869482,0.008220965813636067,0.12024692143698094,1.188053445113964,0.023992108696343908,54.04223254086181,0.773661462468025,0.12631578947368433,0.1842612998434812,0.6984531436251038,0.9353348273961907,-0.004765687053216839,0.11869436201780416,0.19780683256010123,4.1398029783768,0.131229181046058,-0.31408548474025544,Drug Manufacturers—General,Healthcare,BMY
2022Q4,2022,Q4,2023-02-14,2022-12-31,2022000000.0,11406000000.0,2371000000.0,0.95,8813000000.0,0.7726635104,96820000000.0,31061000000.0,27273000000.0,21890000000.0,65702000000.0,2339000000.0,25503000000.0,151670600000.0,183264600000.0,14.73481973434535,1.2459113750571038,0.4205432761826069,1.310872154792183,0.03529510357188999,14.73481973434535,0.06509771095586105,13.29743994388918,18.752546983184967,4.882991532790316,0.566271018793274,1.1085934159897393,0.00754925476657968,0.1178062383804999,1.059387848332572,0.020884114852303244,51.240067567567564,0.7726635104331054,0.2666666666666666,1.6728430231420803,0.621556694593963,1.0493961865416879,-0.005865764241398759,0.2590286425902864,-0.12605971249539255,2.7421888476798344,0.30622340736777875,-0.45227752528248416,Drug Manufacturers—General,Healthcare,BMY
2022Q3,2022,Q3,2022-10-26,2022-09-30,1606000000.0,11218000000.0,2713000000.0,0.75,8865000000.0,0.790247816,98196000000.0,32671000000.0,26796000000.0,18930000000.0,65462000000.0,2074000000.0,24675000000.0,151634970000.0,184010970000.0,15.316924519456165,1.4155309033280508,0.4084687767322498,1.22769428545193,0.026762393723718015,15.316924519456165,0.049156744513482904,13.517112676056337,23.604447384806974,4.6412711579076245,0.7185554171855542,1.134522661523626,0.007610381694934882,0.1142409059432156,1.176281035393555,0.016355045012016782,44.07993313953489,0.790247816009984,0.1363636363636363,0.4604171694726708,0.6406406406406406,0.6981965289446429,-0.03294425657248827,0.1301900070372977,-0.03245363766048502,-0.0918093147176198,0.4288515250726006,0.41643363643202974,Drug Manufacturers—General,Healthcare,BMY
2022Q2,2022,Q2,2022-07-27,2022-06-30,1421000000.0,11887000000.0,2804000000.0,0.66,9167000000.0,0.7711785985,100357000000.0,32600000000.0,30186000000.0,20915000000.0,67696000000.0,2142000000.0,24217000000.0,164241000000.0,196533000000.0,15.283638068448195,1.4432703801099689,0.4288888667457178,1.3203067484662576,0.026707468873915386,15.283638068448195,0.043588957055214726,13.816858753259863,28.89532019704433,5.038067484662577,0.8092892329345531,1.2698412698412698,0.007001905736082952,0.1184471436970017,1.2338513028926608,0.014159450760784,82.57466063348416,0.7711785984689157,0.11864406779661028,0.19566512507754022,0.7810752166029052,0.7093884607475903,-0.0010896807235480004,0.10756040530007795,0.12520064205457465,-0.23900549258853288,0.45320685360181145,0.5577583406443646,Drug Manufacturers—General,Healthcare,BMY
2022Q1,2022,Q1,2022-04-29,2022-03-31,1283000000.0,11648000000.0,2492000000.0,0.59,9177000000.0,0.7878605769,103034000000.0,31580000000.0,30121000000.0,22821000000.0,71389000000.0,2104000000.0,23948000000.0,156722380000.0,190348380000.0,14.715750232991612,1.319880811533237,0.4464060407244211,1.4564597846738443,0.024112826242556402,14.715750232991612,0.040626979100696646,13.454874656593407,30.538265783320345,4.9627099430019,0.9236165237724084,1.174429657794677,0.007561140916823749,0.11305006114486481,1.1524034880154244,0.01245220024457946,44.035509974712,0.7878605769230769,-0.44859813084112155,-0.3687182560030126,0.8301801707262702,0.6965577751964526,-0.04694153079239796,-0.459106239460371,0.1425951398441082,-0.4287149218183701,0.4981385859298254,0.5800720121374882,Drug Manufacturers—General,Healthcare,BMY
2021Q4,2021,Q4,2022-02-09,2021-12-31,2372000000.0,11985000000.0,2181000000.0,1.07,9629000000.0,0.8034209428,109314000000.0,35946000000.0,33262000000.0,21868000000.0,73308000000.0,2095000000.0,23820000000.0,134239550000.0,165856550000.0,16.69577333952624,1.5210353027254435,0.41711034268254754,1.2684582429199354,0.03371502355957358,16.69577333952624,0.06598787069493128,11.200629954109303,14.148350548060709,3.7344781060479613,0.4633220910623946,1.1245823389021479,0.008186857003021837,0.10963828969756848,1.35984086336199,0.02169895896225552,35.921742039068775,0.8034209428452231,0.5507246376811596,1.0604847717819472,0.775212813333311,0.7256186575810024,0.03171541840780028,0.5342820181112549,0.2477116704805492,0.5500040040360682,0.5209735029182646,0.941950116891656,Drug Manufacturers—General,Healthcare,BMY
2021Q3,2021,Q3,2021-10-27,2021-09-30,1546000000.0,11624000000.0,1748000000.0,0.69,9333000000.0,0.8029077770130764,110893000000.0,37213000000.0,31443000000.0,21460000000.0,73609000000.0,2163000000.0,22625000000.0,131298230000.0,163602230000.0,16.770166741775576,1.4651910531220875,0.41340751895971795,1.2319350764517776,0.014944535935723537,16.770166741775576,0.041544621503238115,11.295443048864419,21.23192593790427,3.528289307500067,0.705045278137128,1.0591770688858066,0.008301711302581916,0.10482176512494026,1.2842963653308481,0.013941366903231042,26.28067053642914,0.8029077770130764,0.4680851063829787,-0.03144526285243386,0.7784151098735589,0.7948471546472163,0.008863906604691385,0.4654028436018957,0.1270148291424887,-0.40187738291011177,0.5022072991604827,1.0065184840599517,Drug Manufacturers—General,Healthcare,BMY
2021Q2,2021,Q2,2021-07-28,2021-06-30,1055000000.0,11703000000.0,1551000000.0,0.47,9251000000.0,0.7904810732290866,110797000000.0,36808000000.0,29161000000.0,18991000000.0,73923000000.0,2137000000.0,22168000000.0,148808140000.0,184077140000.0,16.528064660978895,1.5355168237586225,0.4178181719721653,1.2576885459682678,0.012579343895284298,16.528064660978895,0.028662247337535317,12.715384089549689,35.26259241706161,4.042820582482069,1.0417061611374407,1.1474029012634535,0.007385348677834426,0.1056256035813244,1.3317360855141909,0.009521918463496305,52.21338245614035,0.7904810732290866,-0.4719101123595506,-0.32149951361006085,0.8016703422480508,0.8502391730684243,0.12378522837706511,-0.47798119742701634,-0.15153172866520787,1.0740040280688745,0.5044704289004447,1.1913071033026335,Drug Manufacturers—General,Healthcare,BMY
2021Q1,2021,Q1,2021-04-29,2021-03-31,2021000000.0,11073000000.0,1828000000.0,0.89,8232000000.0,0.7434299647791927,112435000000.0,37605000000.0,27111000000.0,17330000000.0,74762000000.0,1953000000.0,22204000000.0,141158680000.0,177445680000.0,16.817978533094813,1.564396999422966,0.4204117934806777,1.2569871027788857,0.01707425546198325,16.817978533094813,0.053742853343970214,12.74800686354195,17.461489361702128,3.753721047733014,0.5482434438396834,1.4546850998463903,0.007849322478787703,0.09848356828389736,1.2577611079053663,0.017974829901720994,38.66301835113668,0.7434299647791927,1.2,0.26235918892822657,0.8822894161867113,0.951147377431895,0.009070850698700662,1.2015557993417771,3.1787842669845054,-0.006742416399213148,0.55726084067344,1.1467801879577761,Drug Manufacturers—General,Healthcare,BMY
2020Q4,2020,Q4,2021-02-10,2020-12-31,-10027000000.0,11068000000.0,-839000000.0,-4.45,8158000000.0,0.7370798698951934,118481000000.0,37822000000.0,30192000000.0,19080000000.0,80599000000.0,2074000000.0,21281000000.0,139691560000.0,176818560000.0,16.794849023090585,1.5823899371069183,0.4361289995864316,1.3662154301729152,-0.008895388926992006,16.794849023090585,-0.265110253291735,12.621210697506324,-3.48288520993318,3.6933943207656923,-0.1018250723047771,1.4030858244937319,0.007308959825489815,0.09341582194613482,1.3077044025157232,-0.08462960305871828,41.243448479480364,0.7370798698951934,-6.426829268292684,-36.721828763603256,0.9133905180725238,0.9648537094867649,0.014929086837521772,-6.356303418803419,-1.6251862891207154,-2.123243447596028,0.47288941507347143,1.3359158891667595,Drug Manufacturers—General,Healthcare,BMY
2020Q3,2020,Q3,2020-11-05,2020-09-30,1872000000.0,10540000000.0,1342000000.0,0.82,8038000000.0,0.7626185958254269,125536000000.0,50158000000.0,34277000000.0,20464000000.0,75306000000.0,1949000000.0,32414000000.0,136074530000.0,162446530000.0,22.2233052724856,1.6749902267396404,0.36489134590874334,0.9132541169903107,0.01153288628372028,22.2233052724856,0.03732206228318514,12.91029696394687,18.17234642094017,2.712917779815782,0.5427350427350427,1.2837352488455618,0.007466496485418689,0.08395997960744328,1.4338838936669274,0.014912057099158807,65.86376089060987,0.7626185958254269,21.5,0.9595918772067011,0.9143326575369732,1.458284580841301,0.08183041722745626,23.023529411764706,0.5061728395061729,0.6087795235336217,0.4567933050650356,1.4639110695801867,Drug Manufacturers—General,Healthcare,BMY
2020Q2,2020,Q2,2020-08-06,2020-06-30,-85000000.0,10129000000.0,891000000.0,-0.04,7430000000.0,0.7335373679534011,128076000000.0,49094000000.0,34343000000.0,23421000000.0,78916000000.0,2384000000.0,31565000000.0,133064400000.0,160640400000.0,21.694211224038888,1.4663336322104095,0.370951622474156,0.9677353648103638,-0.000449607915783845,21.694211224038888,-0.0017313724691408318,13.136973047684865,-391.3658823529411,2.710400456267568,-12.011764705882353,1.1321308724832215,0.0076729763933854585,0.0790858552734314,1.2658725075786688,-0.000663668446859677,32.15669405509908,0.7335373679534011,0.8823529411764707,0.5183554845508005,0.7923020689492658,1.3913410110740478,0.04368591094254811,0.8903225806451613,0.13793103448275862,-1.0674125431519392,0.43048355827639023,1.4263748045662923,Drug Manufacturers—General,Healthcare,BMY
2020Q1,2020,Q1,2020-05-07,2020-03-31,-775000000.0,10781000000.0,783000000.0,-0.34,7119000000.0,0.6603283554401261,129285000000.0,49911000000.0,31853000000.0,19232000000.0,79308000000.0,2836000000.0,32671000000.0,125860920000.0,157573920000.0,22.104074402125775,1.65625,0.3676373902618246,0.9522950852517481,0.020077890880460192,22.104074402125775,-0.015527639197772034,11.674327056859289,-40.60029677419355,2.521707038528581,-1.312258064516129,1.2912552891396334,0.008080347736215498,0.08338941099122095,1.3837354409317804,-0.005994508256951696,33.94307443365696,0.6603283554401261,0.38181818181818183,-1.481266159519759,0.9648911982559629,1.364535940482128,0.2913114456738618,0.26609848484848486,0.40574506283662476,-1.362413240850265,0.6099311732356772,1.548347090478152,Drug Manufacturers—General,Healthcare,BMY
2019Q4,2019,Q4,2020-02-24,2019-12-31,-1056000000.0,7945000000.0,557000000.0,-0.55,5513000000.0,0.6938955317809944,129944000000.0,51598000000.0,29354000000.0,18304000000.0,78246000000.0,4293000000.0,34474000000.0,123116420000.0,158308420000.0,26.901981230448385,1.6036931818181819,0.36583451332881856,0.9213147796426218,0.04579601189508012,26.901981230448385,-0.020465909531377186,15.496088105726873,-29.146879734848483,2.3860696151013605,-0.6325757575757576,0.5665036105287677,0.005425758806177113,0.06114172258819184,1.2608173076923077,-0.008126577602659607,68.89559037493005,0.6938955317809944,-1.6626506024096386,-71.30400256677628,0.6149077905736904,2.006819878975513,0.3135573028353586,-1.7804878048780488,-0.6835227272727272,-2.029707959213666,0.3209966434216774,1.7804977818699201,Drug Manufacturers—General,Healthcare,BMY
2019Q3,2019,Q3,2019-10-31,2019-09-30,1353000000.0,6007000000.0,1760000000.0,0.83,4197000000.0,0.6986848676544032,57433000000.0,17648000000.0,40191000000.0,10489000000.0,39679000000.0,1192000000.0,36555000000.0,82758720000.0,77294720000.0,10.813725490196079,3.8317284774525695,0.4357251057754253,1.4180077062556664,0.04169913643609649,10.813725490196079,0.07666591115140525,13.777046778758116,15.29170731707317,4.6894106980961014,0.4959349593495935,1.5184563758389262,0.008107906937178342,0.10459143697874045,3.627800552960244,0.02355788483972629,34.97832628909552,0.6986848676544032,-0.045977011494252915,0.9064565146446929,0.5564141175470444,0.18398975518358965,-0.019621583742116328,-0.055167597765363126,-0.06233351092168354,0.15252306205344038,0.24960374489088605,0.15735190508663607,Drug Manufacturers—General,Healthcare,BMY
2019Q2,2019,Q2,2019-07-25,2019-06-30,1432000000.0,6273000000.0,1877000000.0,0.87,4281000000.0,0.6824485891917743,55163000000.0,16049000000.0,37716000000.0,9711000000.0,39012000000.0,1308000000.0,35870000000.0,75539698355.4,72180698355.4,9.811302350097602,3.8838430645659563,0.45401809183691966,1.560533366564895,0.03694844689202212,9.811302350097602,0.08922674309925852,12.042037040554758,13.187796500593576,4.706816521615054,0.4685754189944134,1.5229357798165137,0.008882746616793091,0.11371752805322408,3.606631654824426,0.025959429327629027,39.92584479672304,0.6824485891917743,-0.1634615384615385,3.3561214066396126,0.6339491438073699,0.06069863600911636,0.05029440628066732,-0.16257309941520467,0.09191390343222804,0.25383278354750244,0.31477764561605653,0.09832919457454051,Drug Manufacturers—General,Healthcare,BMY
2019Q1,2019,Q1,2019-04-25,2019-03-31,1710000000.0,5920000000.0,1719000000.0,1.04,4076000000.0,0.6885135135135135,34834000000.0,15218000000.0,17093000000.0,8841000000.0,19517000000.0,1283000000.0,35109000000.0,76945060000.0,75666060000.0,9.313341493268053,1.9333785770840404,0.17385313199747374,0.3979497962938625,0.0698922860059716,9.313341493268053,0.1123669338940728,12.99747635135135,11.249277777777777,5.056187409646472,0.3912280701754386,1.4372564302416213,0.008694515281422874,0.16994890049951197,1.6364664630697885,0.04908996956996038,64.87779089376053,0.6885135135135135,0.42465753424657543,0.8450770643568044,0.570510154365367,-0.005645954444592185,-0.04833060938594443,0.47413793103448276,0.09700063816209317,0.46161331127761024,0.3770907277515179,0.0804926284070889,Drug Manufacturers—General,Healthcare,BMY
2018Q4,2018,Q4,2019-02-25,2018-12-31,1160000000.0,5973000000.0,1567000000.0,0.73,4283000000.0,0.7170601038004353,34986000000.0,14031000000.0,17160000000.0,10654000000.0,20859000000.0,1195000000.0,34065000000.0,84831360000.0,85269360000.0,8.597426470588236,1.6106626619110194,0.21005545075172927,0.5237687976623191,0.05639405909208159,8.597426470588236,0.08267407882545791,14.202471120040181,18.28262068965517,6.045995296129997,0.5629310344827586,1.4142259414225942,0.007697625029234473,0.170725433030355,1.393748826731744,0.03315611959069342,39.659354838709675,0.7170601038004353,-0.37068965517241376,0.6134608113217739,0.3581533041047989,-0.0650284529807699,0.05936186000494682,-0.38979484481851656,-0.055455093429776975,7.02182243455758,0.42486990422481113,0.005825373574356233,Drug Manufacturers—General,Healthcare,BMY
2018Q3,2018,Q3,2018-10-25,2018-09-30,1901000000.0,5691000000.0,1659000000.0,1.16,4043000000.0,0.7104199613424705,33734000000.0,13640000000.0,14869000000.0,9694000000.0,19984000000.0,1282000000.0,33292000000.0,101347200000.0,103246200000.0,8.357843137254902,1.533835362079637,0.21660639117803995,0.5357038123167155,0.06988010195331355,8.357843137254902,0.13936950146627566,17.80832894043226,13.328143082588111,7.430146627565983,0.34350341925302474,1.2854914196567864,0.006443197246692558,0.1687021995612735,1.3101918712605736,0.056352641252149165,96.06369668246445,0.7104199613424705,4.0434782608695645,1.7706757197098493,0.4120098039215688,-0.06580131713149744,-0.008825692571708753,4.096514745308311,2.2339181286549707,1.7520309115147474,0.4294757347519986,-0.07547699761647493,Drug Manufacturers—General,Healthcare,BMY
2018Q2,2018,Q2,2018-07-26,2018-06-30,373000000.0,5704000000.0,513000000.0,0.23,4079000000.0,0.7151122019635343,32641000000.0,12317000000.0,13874000000.0,9878000000.0,20223000000.0,1242000000.0,32044000000.0,90370220000.0,92758220000.0,7.542559706062462,1.404535331038672,0.22631046842927607,0.5997401964764147,0.019236930949424795,7.542559706062462,0.030283348217910205,15.843306451612904,60.5698525469169,7.337031744743038,1.7533512064343164,1.3083735909822867,0.007236897287624175,0.17474954811433474,1.177768779105082,0.011427345975919856,105.20398137369034,0.7151122019635343,-0.7472527472527473,-0.29941687764484376,0.418582642097645,-0.13715342309048179,0.13022998060404545,-0.7489905787348586,-0.6279912980420594,3.9289698054548023,0.3986933853904112,-0.16858777821820253,Drug Manufacturers—General,Healthcare,BMY
2018Q1,2018,Q1,2018-04-26,2018-03-31,1486000000.0,5193000000.0,1379000000.0,0.91,3609000000.0,0.6949740034662045,33083000000.0,12793000000.0,14649000000.0,9624000000.0,20177000000.0,1231000000.0,32323000000.0,103287250000.0,105645250000.0,7.834047764849969,1.52213216957606,0.23274793700692198,0.6018916595012898,0.05654887517357069,7.834047764849969,0.1161572735089502,19.889707298286154,17.376724427994617,8.073731728288909,0.43943472409152085,1.2867587327376118,0.006322174324517304,0.15696883595804492,1.2939526184538654,0.04491732914185533,110.34962606837607,0.6949740034662045,1.6410662834358334,1.4475367949827902,0.35967115210414013,-0.06053369654994886,-0.04422669491525424,1.638316151202749,1.8432989690721648,0.27596918116957475,0.308686241590143,-0.16196954631767027,Drug Manufacturers—General,Healthcare,BMY
2017Q4,2017,Q4,2018-02-13,2017-12-31,-2328000000.0,5449000000.0,485000000.0,-1.41951,3776000000.0,0.69297118737383,33551000000.0,11741000000.0,14854000000.0,9563000000.0,21704000000.0,1166000000.0,31160000000.0,100070240000.0,102611240000.0,7.189834660134721,1.5532782599602635,0.2373103633274716,0.6781364449365471,-0.08213408951002618,7.189834660134721,-0.19827953325951791,18.364881629656818,-10.746374570446735,8.523144536240524,-0.27448453608247425,1.434819897084048,0.00638551481439437,0.16240946618580668,1.3711178500470564,-0.06938690352001431,115.95624565469294,0.69297118737383,-3.783352941176471,-3.5337098028831035,0.30892503882652933,-0.1323432297393025,0.025529603476371537,-3.7550295857988165,-0.5,-183.03777851052803,0.30086747125183766,-0.19639607219070576,Drug Manufacturers—General,Healthcare,BMY
2017Q3,2017,Q3,2017-10-26,2017-09-30,845000000.0,5254000000.0,970000000.0,0.51,3682000000.0,0.700799390940236,33977000000.0,14783000000.0,15048000000.0,9438000000.0,19063000000.0,1250000000.0,34141000000.0,104469860000.0,108268860000.0,9.019524100061012,1.5944055944055944,0.2484916266886423,0.5711289995264831,0.030219434467988807,9.019524100061012,0.05716025164039775,19.88387133612486,30.908242603550292,7.06689169992559,0.757396449704142,1.2576,0.006126168829938128,0.15463401712923447,1.3820724729815639,0.0248697648409218,71.99852515506547,0.700799390940236,-0.08928571428571436,2.20804511000756,0.4294838211527632,0.08104511875551412,0.027917364600781685,-0.07751091703056769,0.3472222222222222,0.1855694966400643,0.3554977430238673,-0.012456517341269385,Drug Manufacturers—General,Healthcare,BMY
2017Q2,2017,Q2,2017-07-27,2017-06-30,916000000.0,5144000000.0,720000000.0,0.56,3582000000.0,0.6963452566096423,33409000000.0,14699000000.0,14324000000.0,9017000000.0,18588000000.0,1217000000.0,33934000000.0,91603680000.0,96350680000.0,8.940997566909976,1.5885549517577908,0.24595168966446168,0.5590176202462752,0.022369425755706083,8.940997566909976,0.062317164432954625,17.80786936236392,25.00100436681223,6.231966800462616,0.7019650655021834,1.2834839769926047,0.007019368654185072,0.15397048699452243,1.3626483309304647,0.027417761680984167,68.56562874251497,0.6963452566096423,-0.4042553191489361,0.4538448480733322,0.18524177291926436,-0.06524419771962413,-0.023978201634877384,-0.41804320203303685,-0.43529411764705883,1.7725024294367362,0.3331644121951051,-0.03338990223984925,Drug Manufacturers—General,Healthcare,BMY
2017Q1,2017,Q1,2017-04-27,2017-03-31,1574000000.0,4929000000.0,1275000000.0,0.94,3670000000.0,0.7445729356867519,32937000000.0,14416000000.0,13615000000.0,8494000000.0,18402000000.0,1384000000.0,33658000000.0,90379560000.0,94903560000.0,8.673886883273164,1.6028961619967035,0.2560646081913957,0.5850443951165372,0.04355437161069356,8.673886883273164,0.1091842397336293,18.33628727936701,14.35507623888183,6.269392341842398,0.4161372299872935,0.9096820809248555,0.007247213861187197,0.14964933054012206,1.3660230751118436,0.047788201718432156,158.56063157894738,0.7445729356867519,0.7735849056603772,0.45111379983845773,-0.04720194262464708,-0.10431247033838346,-0.04922279792746114,0.7606263982102909,0.30903490759753593,0.6697219664366524,0.2855793650718469,-0.0739183654645338,Drug Manufacturers—General,Healthcare,BMY
2016Q4,2016,Q4,2017-02-21,2016-12-31,894000000.0,5243000000.0,974000000.0,0.53,3860000000.0,0.7362197215334731,33707000000.0,16177000000.0,13704000000.0,8841000000.0,17360000000.0,1241000000.0,33513000000.0,97711680000.0,100182680000.0,9.67523923444976,1.5500508992195452,0.1990091079004361,0.41466279285405205,0.03519285916329989,9.67523923444976,0.05526364591704271,18.63659736791913,27.32429530201342,6.040160722012734,0.7102908277404921,1.1144238517324738,0.006498711310664191,0.15554632568902602,1.3452098178939034,0.026522680748805885,92.44245979186377,0.7362197215334731,-0.26388888888888884,0.058709313296044216,-0.03006298436861236,0.02294613866362156,0.06718274813381256,-0.2562396006655574,-0.25987841945288753,0.21372928941436978,0.16364368988837152,0.052183862899116154,Drug Manufacturers—General,Healthcare,BMY
2016Q3,2016,Q3,2016-10-27,2016-09-30,1202000000.0,4922000000.0,1316000000.0,0.72,3617000000.0,0.7348638764729785,33727000000.0,15613000000.0,13204000000.0,8996000000.0,17946000000.0,1482000000.0,33272000000.0,90100320000.0,93494320000.0,9.343506882106523,1.46776345042241,0.2023897767367391,0.4371997694229168,0.04570698277685399,9.343506882106523,0.07698712611285467,18.305631856968713,18.739667221297836,5.7708524947159425,0.5291181364392679,0.8805668016194332,0.007058798459317347,0.14593649005248022,1.2402178746109382,0.035639102202982775,85.32227272727273,0.7348638764729785,0.04347826086956526,0.2604973199711711,-0.06426012666412516,-0.04264574669219918,-0.013096862210095497,0.030874785591766724,0.15845070422535212,0.7110068734584878,0.1927088462985169,0.044371338309611374,Drug Manufacturers—General,Healthcare,BMY
2016Q2,2016,Q2,2016-07-28,2016-06-30,1166000000.0,4871000000.0,1136000000.0,0.69,3665000000.0,0.7524122356805584,32831000000.0,14918000000.0,12298000000.0,7885000000.0,17753000000.0,1437000000.0,32706000000.0,122828500000.0,126630500000.0,8.932934131736527,1.5596702599873178,0.2051719411531784,0.45153505831880947,0.038590829427978035,8.932934131736527,0.07816061134200294,25.216280024635598,26.335441680960546,8.233576886982169,0.5445969125214408,0.8392484342379958,0.005169809938247231,0.1483658737169139,1.30285351934052,0.03551521427918735,818.8566666666667,0.7524122356805584,-0.028169014084507067,0.3213232072440486,-0.08374671341894789,-0.06753998881708245,0.09763402216232404,-0.024267782426778243,0.020664869721473494,1.141505049602288,0.1845761047075808,0.02190130906512069,Drug Manufacturers—General,Healthcare,BMY
2016Q1,2016,Q1,2016-04-28,2016-03-31,1195000000.0,4391000000.0,1113000000.0,0.71,3339000000.0,0.7604190389432931,31892000000.0,14386000000.0,11215000000.0,7597000000.0,17341000000.0,1336000000.0,32176000000.0,106615720000.0,110670720000.0,8.619532654284003,1.4762406212978807,0.21005267778753292,0.46566105936326985,0.038465454529823535,8.619532654284003,0.08306687056860837,24.28051013436575,22.304543933054394,7.411074655915473,0.5364016736401673,0.7874251497005988,0.006012246599281982,0.13768343158158786,1.2194287218638937,0.037470211965383166,-169.77025477707005,0.7604190389432931,9.874999999999998,0.23593095427051228,-0.10640186556621559,-0.0829825867238798,0.0011994002998500749,7.065989847715736,9.49618320610687,0.925786657300469,0.12488686551435663,0.03366238287701846,Drug Manufacturers—General,Healthcare,BMY
2015Q4,2015,Q4,2016-02-12,2015-12-31,-197000000.0,4287000000.0,-131000000.0,-0.08,3335000000.0,0.7779332866806624,31748000000.0,14266000000.0,10415000000.0,8017000000.0,17324000000.0,1221000000.0,31613000000.0,114810510000.00002,119114510000.00002,8.547633313361294,1.299114381938381,0.21069043719289404,0.46887705032945465,-0.002866537469955945,8.547633313361294,-0.013809056497967195,26.781084674597626,-145.69861675126904,8.047841721575775,-3.1370558375634516,0.7796887796887797,0.00538278246477609,0.1350321280080635,1.0688536859174256,-0.0062051152828524634,352.1794785276074,0.7779332866806624,-1.1904761904761905,-1.4159319809409683,-0.1446362883002732,-0.07413785404818159,0.12213997308209959,-1.2790368271954675,-1.2126623376623376,-1.2097828445581593,0.007584085215558615,0.03151355554326998,Drug Manufacturers—General,Healthcare,BMY
2015Q3,2015,Q3,2015-10-27,2015-09-30,706000000.0,4069000000.0,616000000.0,0.42,2972000000.0,0.7304005898255099,31779000000.0,15079000000.0,12926000000.0,7158000000.0,16506000000.0,1130000000.0,32446000000.0,98745600000.0,102044600000.0,9.040167865707435,1.8058116792400112,0.22889329431385505,0.4823927316135022,0.0203821785388732,9.040167865707435,0.046820080907221964,24.267780781518802,34.96657223796034,6.548550964918098,0.8739376770538244,0.9707964601769912,0.006248379674638667,0.12804052990968878,1.302179379715004,0.022215928757984834,340.50206896551725,0.7304005898255099,6.25,-0.2364346668081762,-0.12956737569510868,-0.030884947646140967,-0.05650793650793651,6.430769230769231,4.008130081300813,1.9917770425010202,0.08782684772952512,0.08351940030709253,Drug Manufacturers—General,Healthcare,BMY
2015Q2,2015,Q2,2015-07-23,2015-06-30,-130000000.0,4163000000.0,123000000.0,-0.08,3150000000.0,0.7566658659620465,31954000000.0,15123000000.0,13056000000.0,7435000000.0,16663000000.0,1304000000.0,32361000000.0,110922180000.00002,114093180000.00002,9.071985602879424,1.756018829858776,0.23064405082305814,0.4873371685512134,-0.011567701404539533,9.071985602879424,-0.008596178007009191,26.644770598126353,-213.31188461538463,7.334667724657806,-4.7615384615384615,0.776840490797546,0.005580488951803867,0.13028102897915753,1.2303967720242097,-0.0040683482506102524,-1180.0231914893618,0.7566658659620465,-1.112676056338028,-1.1445277287584554,-0.10017568633924227,-0.00525457839246544,-0.013775829680651221,-1.109612141652614,-0.8903743315508021,-1.2034848844184651,-0.05402727692138832,-0.051549772043354945,Drug Manufacturers—General,Healthcare,BMY
2015Q1,2015,Q1,2015-04-28,2015-03-31,1186000000.0,4041000000.0,1122000000.0,0.71,3194000000.0,0.7903984162336055,33579000000.0,15546000000.0,14925000000.0,7689000000.0,17890000000.0,1437000000.0,33110000000.0,107263500000.0,108426500000.0,9.348165965123272,1.9410846664065549,0.22207331963429525,0.4796732278399588,0.04038861853954673,9.348165965123272,0.07628972082850895,26.543801039346697,22.610349915682967,6.899749131609417,0.5252951096121417,0.5894224077940153,0.005808126715984468,0.12034307156258375,1.439068799583821,0.03531969385627922,218.90510204081633,0.7903984162336055,70.0,0.6461437234594439,-0.13306486669257758,0.05135449079850548,-0.02976913730255164,90.23076923076923,1123.0,0.09274846078265919,-0.2193260900509401,-0.034684704464530786,Drug Manufacturers—General,Healthcare,BMY
2014Q4,2014,Q4,2015-02-13,2014-12-31,13000000.0,4258000000.0,-1000000.0,0.01,3292000000.0,0.7731329262564585,33749000000.0,14852000000.0,14608000000.0,8461000000.0,18766000000.0,1560000000.0,32541000000.0,97989800000.0,100250800000.0,8.946987951807229,1.7265098688098333,0.23206613529289757,0.5273363856719634,1.9837771116205252e-05,8.946987951807229,0.0008753029894963641,23.013104744011272,1884.4192307692306,6.5977511446269865,46.0,0.6192307692307693,0.0061026759928074145,0.12616670123559218,1.2793995981562463,0.00038519659841773087,257.19107611548554,0.7731329262564585,-0.9767441860465116,-0.9983263896708329,0.5055025028244395,0.033758966337626914,0.12971859986273165,-0.9819694868238558,-1.0014224751066856,-0.9844936082357599,-0.20659027750164577,-0.0540505969730011,Drug Manufacturers—General,Healthcare,BMY
2014Q3,2014,Q3,2014-10-24,2014-09-30,721000000.0,3921000000.0,703000000.0,0.43,2914000000.0,0.7431777607753124,33450000000.0,15143000000.0,14177000000.0,8103000000.0,18249000000.0,1565000000.0,33147000000.0,84856440000.0,87673440000.0,9.13329312424608,1.7495989139824757,0.22923766816143498,0.5063725813907416,0.022380075610972983,9.13329312424608,0.04761275837020405,21.641530221882174,29.423176144244106,5.6036743049593865,0.8280166435506241,0.6434504792332268,0.007035411808461444,0.11721973094170404,1.300999629766753,0.02155455904334828,106.60356783919597,0.7431777607753124,1.15,-0.10866942885613884,-0.14661983154393,0.24562063548748028,0.005521048999309869,1.165165165165165,1.351170568561873,-0.23798302255318982,-0.24871919575807303,-0.06418466540128867,Drug Manufacturers—General,Healthcare,BMY
2014Q2,2014,Q2,2014-07-24,2014-06-30,333000000.0,3889000000.0,299000000.0,0.2,2898000000.0,0.7451787091797377,33503000000.0,15327000000.0,14062000000.0,7798000000.0,18124000000.0,1666000000.0,33026000000.0,80381070000.0,83836070000.0,9.249849124924562,1.8032828930495,0.23093454317523804,0.5047954589939323,0.00966507017739458,9.249849124924562,0.02172636523781562,20.668827462072514,60.346148648648644,5.244409864944216,1.7957957957957957,0.5948379351740696,0.007439562573625855,0.11607915709040982,1.3452167222364708,0.009939408411187059,84.96941860465117,0.7451787091797377,-0.6428571428571429,-0.5952066236460382,-0.13687126791557458,0.2992835745850337,0.019345761519521634,-0.6446104589114194,-0.5806451612903226,-0.6196803990863193,-0.26272531584922393,-0.03445897044907801,Drug Manufacturers—General,Healthcare,BMY
2014Q1,2014,Q1,2014-04-29,2014-03-31,937000000.0,3811000000.0,713000000.0,0.56,2843000000.0,0.7459984256100761,33424000000.0,15473000000.0,14014000000.0,7521000000.0,17893000000.0,1655000000.0,33291000000.0,85821400000.0,88244400000.0,9.366222760290556,1.8633160483978195,0.22881761608425083,0.49428035933561687,0.029303705050257565,9.366222760290556,0.060557099463581725,22.51939123589609,22.89791889007471,5.546526206941124,0.6456776947705443,0.5848942598187311,0.0070495237784515274,0.11401986596457635,1.37947081505119,0.02803374820488272,171.9867735470942,0.7459984256100761,0.2727272727272728,0.7584707811183554,-0.09011971349872899,0.3890971447742911,-0.10258838383838384,0.290633608815427,-0.1728538283062645,-0.020933504904007163,-0.21645479219325225,-0.0035434968111935604,Drug Manufacturers—General,Healthcare,BMY
2013Q4,2013,Q4,2014-02-14,2013-12-31,726000000.0,4441000000.0,862000000.0,0.44,3168000000.0,0.7133528484575546,38592000000.0,15154000000.0,18916000000.0,12440000000.0,23356000000.0,1498000000.0,32952000000.0,87591200000.0,92345200000.0,9.195388349514563,1.5205787781350482,0.21610696517412936,0.5503497426422067,0.031032578599261392,9.195388349514563,0.04790814306453742,19.723305561810403,30.162258953168042,5.780071268311997,0.7947658402203857,0.849799732977303,0.006587419740795879,0.11507566334991708,0.6338424437299035,0.01881218905472637,72.3894214876033,0.7133528484575546,0.047619047619047665,-0.2995368057940248,0.015484456586275307,0.48586538316639205,0.09619377162629758,0.049132947976878616,0.09669211195928754,0.5523578363384191,-0.10261823441919479,-0.0039743543006563655,Drug Manufacturers—General,Healthcare,BMY
2013Q3,2013,Q3,2013-10-23,2013-09-30,692000000.0,4065000000.0,786000000.0,0.42,2890000000.0,0.7109471094710947,36804000000.0,14726000000.0,10627000000.0,8279000000.0,22090000000.0,1640000000.0,32826000000.0,76176880000.0,81617880000.0,8.946537059538274,1.2836091315376252,0.19595696119986958,0.48974602743446966,0.03030946737872747,8.946537059538274,0.046991715333423875,18.73969987699877,27.520549132947977,5.172951242699987,0.8338150289017341,0.7164634146341463,0.007574476665360934,0.11044995109227258,0.7724362845754318,0.01880230409738072,81.99879440258343,0.7109471094710947,0.31249999999999994,-0.6775962980524053,-0.07071843890508,0.36708175658580683,-0.017006802721088437,0.291044776119403,0.2515923566878981,-0.24157295458415645,-0.11880051276934447,-0.04092226387416873,Drug Manufacturers—General,Healthcare,BMY
2013Q2,2013,Q2,2013-07-25,2013-06-30,536000000.0,4048000000.0,628000000.0,0.32,2940000000.0,0.7262845849802372,36252000000.0,14371000000.0,10486000000.0,8354000000.0,21879000000.0,1785000000.0,32715000000.0,73684080000.0,79069080000.0,8.741484184914842,1.2552070864256644,0.19877523998675936,0.5014264838911697,0.029105065579088846,8.741484184914842,0.03729733491058381,18.202588932806325,34.367574626865675,5.127275763690766,1.0727611940298507,0.6207282913165266,0.0078035852520653036,0.11166280481076907,0.7427579602585588,0.014785391150833058,52.18419263456091,0.7262845849802372,-0.13513513513513511,-0.1563228493904536,-0.06439715436490177,0.6034435176820044,0.06213872832369942,-0.11986863711001643,-0.04122137404580153,-0.3957642711097463,-0.11279168503731277,-0.04149413902963367,Drug Manufacturers—General,Healthcare,BMY
2013Q1,2013,Q1,2013-04-25,2013-03-31,609000000.0,3831000000.0,655000000.0,0.37,2768000000.0,0.7225267554163404,35958000000.0,13659000000.0,10076000000.0,8414000000.0,22259000000.0,1791000000.0,32761000000.0,67387320000.0,73926320000.0,8.33882783882784,1.1975279296410744,0.2195339006618833,0.5779339629548284,0.02809064563911941,8.33882783882784,0.044585987261146494,17.590007830853562,27.663103448275862,4.933547111794421,0.9523809523809523,0.5935231714126187,0.008606960478618232,0.10654096445853496,0.6942001426194437,0.016936425830135157,-124.10187845303868,0.7225267554163404,-0.33928571428571436,0.11088482873656849,-0.10843756385157652,0.5594342374476832,-0.1116816431322208,-0.34162162162162163,0.2571976967370441,-0.14181937398626496,-0.16557317587065865,-0.06216212580564341,Drug Manufacturers—General,Healthcare,BMY
2012Q4,2012,Q4,2013-02-15,2012-12-31,925000000.0,4191000000.0,521000000.0,0.56,3116000000.0,0.7434979718444286,35897000000.0,13623000000.0,9521000000.0,8279000000.0,22259000000.0,1657000000.0,32733000000.0,53577960000.00001,59315960000.00001,8.286496350364963,1.150018118130209,0.20597821544975903,0.5427585700653307,0.04465001459414504,8.286496350364963,0.06789987521104016,12.784051539012172,14.480529729729732,3.932904646553623,0.6064864864864865,0.6487628243814122,0.010470723409401925,0.11675070340139844,0.7140959053025727,0.025768170042064796,81.05591527987899,0.7434979718444286,2.302325581395349,13.485818365728969,0.028771637548137226,0.5495010691129333,0.13350309203346672,2.3009845288326303,-0.06964285714285715,-0.8797572215779461,0.4962348306579336,-0.04255600344432315,Drug Manufacturers—General,Healthcare,BMY
2012Q3,2012,Q3,2012-10-24,2012-09-30,-711000000.0,3736000000.0,560000000.0,-0.43,2749000000.0,0.735813704496788,36044000000.0,13900000000.0,9278000000.0,8195000000.0,22144000000.0,1697000000.0,32381000000.0,56494059999.99999,62350059999.99999,8.343337334933974,1.1321537522879805,0.20416712906447676,0.5294244604316547,0.014917944765420287,8.343337334933974,-0.05115107913669065,15.12153640256959,-19.864296765119548,4.064320863309352,-0.8030942334739803,0.5816146140247496,0.010107257293952676,0.10365109310842303,0.7100671140939597,-0.01972589057818222,12.703858781200807,0.735813704496788,-2.1315789473684212,-1.9818710701063642,-0.12342790581579162,0.4767101137953612,-0.14040025015634772,-2.1023255813953488,-0.4444444444444444,-1.874747414493748,-0.19078839846490797,0.1378845518094275,Drug Manufacturers—General,Healthcare,BMY
2012Q2,2012,Q2,2012-07-25,2012-06-30,645000000.0,4443000000.0,1008000000.0,0.38,3198000000.0,0.7197839297771775,31667000000.0,16098000000.0,11013000000.0,6991000000.0,15855000000.0,1521000000.0,33661000000.0,60503850000.00001,63147850000.00001,9.5650623885918,1.575311114289801,0.1719455584678056,0.338240775251584,0.03570012619862061,9.5650623885918,0.040067089079388746,13.617792032410534,23.451104651162794,3.7584699962728294,0.8914728682170543,0.8185404339250493,0.009503527461475592,0.14030378627593393,1.1245887569732513,0.02036820665045631,59.25940254652303,0.7197839297771775,-0.40625,0.06830679735195641,0.05425724008611723,0.749121239616118,-0.1899696048632219,-0.4141689373297003,-0.4997518610421836,-0.22805337801448144,-0.02914954986452233,0.3435601255258062,Drug Manufacturers—General,Healthcare,BMY
2012Q1,2012,Q1,2012-04-26,2012-03-31,1101000000.0,5251000000.0,2015000000.0,0.64,3948000000.0,0.7518567891830128,32408000000.0,16337000000.0,11765000000.0,7211000000.0,16162000000.0,1463000000.0,33595000000.0,56936250000.0,60044250000.0,9.68405453467694,1.6315351546248786,0.167088373241175,0.33145620370937134,0.06772832121272711,9.68405453467694,0.06739303421680848,10.84293467910874,12.928303814713896,3.4851104854012367,0.5258855585831063,0.8906356801093643,0.010169268260554568,0.1620278943470748,1.198446817362363,0.03397309306344112,215.66761363636363,0.7518567891830128,0.28,0.8557614494471794,0.3643816219600764,0.8516825842545714,-0.034010276486420354,0.29225352112676056,0.2769328263624842,1.0233818263579315,0.22767181561421249,0.43623452572474986,Drug Manufacturers—General,Healthcare,BMY
2011Q4,2011,Q4,2012-02-17,2011-12-31,852000000.0,5454000000.0,1578000000.0,0.5,4087000000.0,0.7493582691602494,32970000000.0,15956000000.0,15318000000.0,7780000000.0,17103000000.0,1384000000.0,33069000000.0,59449880000.0,59164880000.0,9.458209839952579,1.9688946015424165,0.16654534425235062,0.3441338681373778,0.056821171433721326,9.458209839952579,0.053396841313612435,10.90023469013568,17.444213615023475,3.725863624968664,0.6572769953051644,0.9877167630057804,0.00941969941739159,0.1654231119199272,1.603598971722365,0.02584167424931756,41.4573779637378,0.7493582691602494,-0.10714285714285723,8.394668624866185,0.5055930278187409,0.8573724057638836,0.03783646521076689,-0.12074303405572756,-0.09362435381964389,-0.1969724982226483,0.2182874362384547,0.5283342099032923,Drug Manufacturers—General,Healthcare,BMY
2011Q3,2011,Q3,2011-10-27,2011-09-30,969000000.0,5345000000.0,1741000000.0,0.56,3938000000.0,0.7367633302151544,32014000000.0,16572000000.0,14869000000.0,7313000000.0,15578000000.0,1357000000.0,32797000000.0,53283240000.0,54431240000.0,9.759717314487633,2.033228497196773,0.17551696132941838,0.3390658942795076,0.058091167270342706,9.759717314487633,0.05847212165097755,9.968800748362955,13.746965944272446,3.2152570601013757,0.5820433436532507,1.036845983787767,0.010584941906685854,0.1669582057849691,1.6245043073977847,0.030268007746610856,33.01315985130112,0.7367633302151544,0.07692307692307698,2.310907019047818,0.4860079234512494,0.6514630816904174,-0.003794586390083481,0.07427937915742794,0.002302820955670697,-0.5623672170335018,0.18447697934335083,0.49134032545540657,Drug Manufacturers—General,Healthcare,BMY
2011Q2,2011,Q2,2011-07-28,2011-06-30,902000000.0,5434000000.0,1737000000.0,0.52,3953000000.0,0.7274567537725433,31833000000.0,16353000000.0,14775000000.0,7410000000.0,15688000000.0,1492000000.0,32392000000.0,49434720000.0,51288720000.0,9.579964850615115,1.9939271255060729,0.1733735431784626,0.33749159175686416,0.05798743221097456,9.579964850615115,0.05515807497095334,9.097298490982702,13.701419068736143,3.0229756008071913,0.6263858093126385,0.9926273458445041,0.01142921412319115,0.17070335815034712,1.5828609986504723,0.028335375239531304,48.51297350343474,0.7274567537725433,-0.08771929824561392,0.5527561351134627,0.28092604064777527,0.6032045002737044,0.0776990185387132,-0.08519269776876268,0.0917661847894406,0.36737088121900274,0.20959214080561192,0.7572453618172278,Drug Manufacturers—General,Healthcare,BMY
2011Q1,2011,Q1,2011-04-28,2011-03-31,986000000.0,5011000000.0,1591000000.0,0.57,3668000000.0,0.7319896228297745,30851000000.0,15998000000.0,13296000000.0,6755000000.0,14950000000.0,1322000000.0,32055000000.0,44983860000.0,46989860000.0,9.399529964747357,1.968319763138416,0.17539139736151177,0.3382297787223403,0.05749178099547861,9.399529964747357,0.061632704088011005,8.977022550389144,11.405644016227182,2.8118427303412923,0.5730223123732252,1.0158850226928895,0.012560060430563317,0.1624258532948689,1.536639526276832,0.03196006612427474,110.79768472906404,0.7319896228297745,1.0357142857142854,0.5878518269822617,0.23219990269586727,0.591803404379593,-0.007844197998377062,1.041407867494824,0.4017621145374449,0.730943928207626,0.12232427034420937,0.7577948755208814,Drug Manufacturers—General,Healthcare,BMY
2010Q4,2010,Q4,2011-02-18,2010-12-31,483000000.0,5111000000.0,1135000000.0,0.28,3697000000.0,0.723341811778517,31076000000.0,15713000000.0,13273000000.0,6739000000.0,15438000000.0,1204000000.0,31636000000.0,45068960000.0,45480960000.0,9.232079905992949,1.9695800563881882,0.1752156004633801,0.3465283523197353,0.031966212221772,9.232079905992949,0.030738878635524724,8.818031696341224,23.32761904761905,2.8682594030420674,1.1366459627329193,1.1744186046511629,0.012181332784248848,0.1644677564680139,1.5997922540436267,0.015542540867550522,30.659156462585035,0.723341811778517,-0.4909090909090909,0.11295564101175318,0.17090040220838845,0.6119896837998038,0.05088118249005116,-0.4910432033719705,-0.27753023551877787,7.297449134527786,0.21185165460764677,0.7263167784828699,Drug Manufacturers—General,Healthcare,BMY
2010Q3,2010,Q3,2010-10-26,2010-09-30,949000000.0,4798000000.0,1571000000.0,0.55,3518000000.0,0.7332221759066277,31885000000.0,15970000000.0,14376000000.0,6284000000.0,15915000000.0,1369000000.0,31721000000.0,46412320000.0,45553320000.0,9.328271028037383,2.287714831317632,0.20319899639328837,0.40569818409517844,0.05645294969299268,9.328271028037383,0.059423919849718225,9.673263859941642,12.22663856691254,2.906219160926738,0.5795574288724974,0.9349890430971513,0.011850301816414263,0.15047828132350635,1.82511139401655,0.029763211541477184,35.86732612055641,0.7332221759066277,0.03773584905660381,0.12302044150153169,0.14818950965457608,0.6168009689170224,0.007734173589229447,0.023732470334412083,0.03902116402116402,0.2753292268479184,0.09549967613583779,0.6510362242756024,Drug Manufacturers—General,Healthcare,BMY
2010Q2,2010,Q2,2010-07-22,2010-06-30,927000000.0,4768000000.0,1512000000.0,0.53,3491000000.0,0.7321728187919463,31051000000.0,15668000000.0,12983000000.0,5908000000.0,15477000000.0,1265000000.0,31322000000.0,42846920000.0,43466920000.0,9.119906868451688,2.1975287745429926,0.21055682586712182,0.41728363543528213,0.05423225286117158,9.119906868451688,0.05916517743170794,8.98635067114094,11.555264293419633,2.7346770487618075,0.5954692556634305,1.009486166007905,0.01288307304235637,0.15355383079449939,1.7985781990521328,0.02985411097871244,44.263347107438015,0.7321728187919463,0.2325581395348838,0.049065669800425725,0.10808445749420599,0.6481861130652435,-0.0028563267637817767,0.24764468371467024,0.02231237322515213,0.5041008881135255,0.10832589994406062,0.6677175912574727,Drug Manufacturers—General,Healthcare,BMY
2010Q1,2010,Q1,2010-04-29,2010-03-31,743000000.0,4807000000.0,1479000000.0,0.43,3501000000.0,0.7283128770542958,30753000000.0,15249000000.0,12532000000.0,6017000000.0,15520000000.0,1284000000.0,30949000000.0,45790500000.0,46944500000.0,8.891545189504374,2.0827654977563568,0.20450037394725717,0.41242048658928454,0.05206951158398494,8.891545189504374,0.04872450652501804,9.5257957145829,15.407301480484522,3.0028526460751523,0.7415881561238223,1.017133956386293,0.012033063626734803,0.1563099535004715,1.701013794249626,0.02416024452898904,136.68805970149253,0.7283128770542958,-0.9081196581196582,0.584197484944125,0.20540207761329216,0.6693595582645241,0.5784490532010821,-0.9074143302180685,0.8769035532994924,0.2318975789073394,0.22862379727839047,0.700147321100047,Drug Manufacturers—General,Healthcare,BMY
2009Q4,2009,Q4,2010-02-19,2009-12-31,8025000000.0,2922000000.0,788000000.0,4.68,2218000000.0,0.759069130732375,31008000000.0,14843000000.0,13958000000.0,6313000000.0,16223000000.0,1413000000.0,30760000000.0,43303750000.0,41981750000.0,8.654810495626823,2.2109931886583243,0.205140608875129,0.4285521794785421,0.044960571472520285,8.654810495626823,0.5406588964495048,14.819900752908966,1.349026479750779,2.9174526712928652,0.07800623052959502,0.4982307147912243,0.014456022861761396,0.09423374613003097,1.8498336765404721,0.2588041795665635,37.72103658536585,0.759069130732375,8.749999999999998,64.61119617425592,-0.006377354737740231,0.6534234126618974,-0.4349044585987261,7.307453416149069,-0.5568053993250843,69.51333710456464,-0.20654257023415662,0.699603462358105,Drug Manufacturers—General,Healthcare,BMY
2009Q3,2009,Q3,2009-10-22,2009-09-30,966000000.0,5487000000.0,1778000000.0,0.48,3925000000.0,0.715327136868963,30951000000.0,14518000000.0,13387000000.0,7392000000.0,16580000000.0,1824000000.0,23287000000.0,44589600000.0,44815600000.0,7.332323232323232,1.8110119047619047,0.21301411909146717,0.454125912660146,0.06301956479951677,7.332323232323232,0.0665380906460945,8.12640787315473,11.539751552795032,3.0713321394131423,0.6480331262939959,0.856359649122807,0.01403914814216768,0.1772802171173791,1.4025974025974026,0.03121062324319085,34.19447852760736,0.715327136868963,-0.02040816326530614,0.2499480291037018,-0.008348269873974771,0.3354001422837585,0.0005098139179199592,-0.017293997965412006,-0.006148686416992733,1.8305630267168727,0.30822026232473976,0.2407184276974596,Drug Manufacturers—General,Healthcare,BMY
2009Q2,2009,Q2,2009-07-23,2009-06-30,983000000.0,5384000000.0,1789000000.0,0.49,3923000000.0,0.7286404160475483,29809000000.0,14096000000.0,14570000000.0,6744000000.0,15873000000.0,1780000000.0,22936000000.0,40213800000.0,39065800000.0,7.119191919191919,2.160438908659549,0.21332483478144185,0.45112088535754824,0.06520588265439146,7.119191919191919,0.0697360953461975,7.469130757800891,10.227314343845372,2.8528518728717365,0.6256358087487284,0.8207865168539326,0.015293257538456949,0.1806165923043376,1.7406583629893237,0.032976617799993294,63.629430379746836,0.7286404160475483,0.5312499999999999,0.8294769325129857,-0.02750079059471318,0.32542140802135044,0.08911715713492505,0.5407523510971787,0.38574748257164987,0.4588766222949132,0.09415236329627633,0.19139482254236354,Drug Manufacturers—General,Healthcare,BMY
2009Q1,2009,Q1,2009-04-28,2009-03-31,638000000.0,5015000000.0,1291000000.0,0.32,3602000000.0,0.7182452642073779,29693000000.0,13337000000.0,15375000000.0,6633000000.0,16564000000.0,1735000000.0,22571000000.0,43357760000.0,42173760000.0,6.742669362992922,2.3179556761646314,0.2238911527969555,0.4984629226962585,0.04298784059142623,6.742669362992922,0.04783684486766139,8.64561515453639,16.98971786833856,3.2509379920521857,0.9655172413793104,0.8144092219020173,0.014207376026805812,0.168895025763648,1.8875320367857682,0.021486545650490015,172.7400796812749,0.7182452642073779,-0.49206349206349204,-0.35122341608313856,-0.05112530052152523,0.2412452192958583,-0.03353903944191038,-0.4871382636655949,0.5801713586291309,-0.11592928374585415,0.06111138260817676,0.14186603871384115,Drug Manufacturers—General,Healthcare,BMY
2008Q4,2008,Q4,2009-02-20,2008-12-31,1244000000.0,5249000000.0,817000000.0,0.63,3727000000.0,0.7100400076204991,29552000000.0,12241000000.0,14763000000.0,6710000000.0,17311000000.0,1765000000.0,22549000000.0,45988500000.0,44751500000.0,6.188574317492416,2.200149031296572,0.2280387114239307,0.5505269177354791,0.03337835544998303,6.188574317492416,0.1016256841761294,8.761383120594399,9.24206189710611,3.7569234539661793,0.49517684887459806,0.8623229461756374,0.013394653011078856,0.17761911207363293,1.7846497764530551,0.04209528965890633,567.7592592592592,0.7100400076204991,-0.5116279069767442,1.0917190293919217,-0.11192508340799537,0.2262053547535046,0.02955801104972376,-0.517455391776571,-0.328125,1.4665184767918038,0.03472255379003683,0.08057101528663978,Drug Manufacturers—General,Healthcare,BMY
2008Q3,2008,Q3,2008-10-23,2008-09-30,2578000000.0,5254000000.0,1216000000.0,1.29,3620000000.0,0.6889988580129425,28476000000.0,12938000000.0,14779000000.0,6951000000.0,15538000000.0,2055000000.0,21919000000.0,41220450000.0,40302450000.0,6.544258978249873,2.1261688965616456,0.21965865992414665,0.4834595764414902,0.04646138349050869,6.544258978249873,0.19925799969083322,7.845536733917015,3.997328355314197,3.1859986087494208,0.23855702094647013,0.7951338199513382,0.014919778896154699,0.1845062508779323,1.6767371601208458,0.09053237814299761,33.62190048939641,0.6889988580129425,2.3947368421052633,1.8572852509744413,-0.035469829211688626,0.2594366260178842,0.024624964619303708,2.3743455497382198,0.08377896613190731,1.6418092293743192,0.08878089215404456,0.13426852897781344,Drug Manufacturers—General,Healthcare,BMY
2008Q2,2008,Q2,2008-07-24,2008-06-30,764000000.0,5203000000.0,1122000000.0,0.38,3533000000.0,0.6790313280799539,28064000000.0,10778000000.0,12836000000.0,8640000000.0,17286000000.0,2156000000.0,19957000000.0,40587810000.0,44360810000.0,5.451694486595852,1.485648148148148,0.27864880273660203,0.7255520504731862,0.047581402243193835,5.451694486595852,0.07088513638894044,7.800847587930041,13.281351439790578,3.7658016329560215,0.8075916230366492,0.774582560296846,0.015201608561782466,0.18539766248574688,1.026736111111111,0.027223489167616875,43.642806451612906,0.6790313280799539,0.15151515151515146,-0.14744620078511084,0.009051739501496004,0.09839111925693426,0.002553916004540295,0.15582450832072617,-0.04591836734693878,-0.24866643693309726,0.05076822816035461,-0.014747927244226997,Drug Manufacturers—General,Healthcare,BMY
2008Q1,2008,Q1,2008-04-24,2008-03-31,661000000.0,5181000000.0,1176000000.0,0.33,3524000000.0,0.6801775718973171,26325000000.0,10561000000.0,10580000000.0,8443000000.0,15764000000.0,2336000000.0,19808000000.0,42067500000.0,46065500000.0,5.347341772151899,1.2531090844486557,0.24467236467236467,0.6098854275163337,0.04991916135721379,5.347341772151899,0.06258877000284065,8.119571511291257,15.91055219364599,3.983287567465202,0.9273827534039334,0.709332191780822,0.014571819100255541,0.1968091168091168,0.8501717399028781,0.025109211775878444,79.5226843100189,0.6801775718973171,8.445848375451263,-0.1485580265806151,0.0780495957481681,0.11352626340605321,0.08799012040753319,8.426966292134832,0.9029126213592233,0.22382406725722567,0.12815411085166523,0.003946547916775943,Drug Manufacturers—General,Healthcare,BMY
2007Q4,2007,Q4,2008-02-22,2007-12-31,-89000000.0,4894000000.0,618000000.0,-0.04432,3239000000.0,0.6618308132407029,26172000000.0,10562000000.0,10348000000.0,8644000000.0,15610000000.0,2162000000.0,19762000000.0,52377000000.0,56848000000.0,5.347848101265823,1.197130957889866,0.23964542258902644,0.5938269267184245,-0.05169566935720469,5.347848101265823,-0.008426434387426624,10.702288516550878,-147.12640449438203,4.959003976519598,-6.224719101123595,0.7654949121184089,0.01057716173129427,0.1869937337612716,0.7479176307265155,-0.00340058077334556,137.8342105263158,0.6618308132407029,-1.1030697674418604,-1.2332688011913626,0.000700664860611669,0.15461513594854834,-0.05513418903150525,-1.1037296037296038,-0.4034749034749035,-1.6318586649667608,0.44511449976895523,0.02165810129063804,Drug Manufacturers—General,Healthcare,BMY
2007Q3,2007,Q3,2007-10-25,2007-09-30,858000000.0,5050000000.0,1036000000.0,0.43,3428000000.0,0.6788118811881189,26098000000.0,11153000000.0,10594000000.0,8051000000.0,14945000000.0,2269000000.0,20463000000.0,57305220000.0,61785220000.0,5.649949341438703,1.315861383679046,0.23476894781209287,0.5493589168833498,0.04542204766779537,5.649949341438703,0.07692997399802744,11.347568316831683,16.697325174825178,5.138099166143639,0.6480186480186481,0.7148523578669017,0.009702431994851428,0.19350141773315963,0.9049807477332008,0.03287608245842593,111.9242578125,0.6788118811881189,0.19444444444444448,1.3570960299013222,0.091643425362867,0.18946301925025336,0.014501331754957087,0.21529745042492918,0.01171875,0.1135767617550584,-0.08455209785438074,0.0289976199075271,Drug Manufacturers—General,Healthcare,BMY
2007Q2,2007,Q2,2007-08-01,2007-06-30,706000000.0,4928000000.0,1024000000.0,0.36,3379000000.0,0.6856737012987013,27175000000.0,10762000000.0,11544000000.0,6689000000.0,16413000000.0,2224000000.0,20161000000.0,62110080000.0,66965080000.0,5.46849593495935,1.725818507998206,0.26620055197792086,0.6721798922133433,0.04426221288395405,5.46849593495935,0.06560118937000557,12.603506493506494,21.993654390934843,5.771239546552685,0.7818696883852692,0.6964928057553957,0.00888744628891156,0.18134314627414905,1.237554193451936,0.02597976080956762,72.64336842105263,0.6856737012987013,0.0285714285714286,0.5792706023651147,0.1967367342067203,-0.01134248403805677,0.09565499351491569,0.02318840579710145,0.20470588235294118,0.3219597044167787,-0.1044393537858031,0.01810172617113002,Drug Manufacturers—General,Healthcare,BMY
2007Q1,2007,Q1,2007-05-10,2007-03-31,690000000.0,4476000000.0,850000000.0,0.35,3084000000.0,0.6890080428954424,26091000000.0,10261000000.0,10558000000.0,6307000000.0,15830000000.0,2096000000.0,20011000000.0,54465120000.0,59624120000.0,5.22986748216106,1.6740130014269858,0.2825878655475068,0.7185459506870675,0.043681724694376346,5.22986748216106,0.06724490790371308,12.168257372654155,19.733739130434785,5.307973881687945,0.7985507246376812,0.6641221374045801,0.010116566345580436,0.17155340922157067,1.1721896305692088,0.026445900885362767,96.74088809946714,0.6890080428954424,6.216095380029805,0.1632557045401082,0.08143157024124713,-0.05722064673172614,0.11496746203904555,6.149253731343284,2.935185185185185,-0.2926231172357786,-0.14620168847948903,-0.03724361075569213,Drug Manufacturers—General,Healthcare,BMY
