Quarters,Year,Quarter,FillingDate,Date,NetIncome,Revenue,OperatingIncome,EPSDiluted,GrossProfit,GrossProfitRatio,TotalAssets,CommonStockEquity,CurrentAssets,CurrentLiability,TotalLiability,Inventory,RetainedEarnings,MarketCap,EnterpriseValue,bookValuePerShare,currentRatio,debtToAssets,debtToEquity,roic,shareholdersEquityPerShare,roe,priceToSalesRatio,peRatio,pbRatio,payoutRatio,inventoryTurnover,dividendYield,assetTurnover,quickRatio,returnOnAssets,priceToFreeCashFlowsRatio,grossProfitMargin,epsdilutedGrowth,fiveYNetIncomeGrowthPerShare,fiveYRevenueGrowthPerShare,fiveYShareholdersEquityGrowthPerShare,grossProfitGrowth,netIncomeGrowth,operatingIncomeGrowth,threeYNetIncomeGrowthPerShare,threeYRevenueGrowthPerShare,threeYShareholdersEquityGrowthPerShare,Industry,Sector,Symbol
2023Q1,2023,Q1,2023-06-30,2022-07-31,-3609261.0,4946449.0,-4984722.0,-0.51,1392058.0,0.2814257258,74132214.0,47773360.0,12616416.0,23036690.0,26358854.0,7206103.0,-84863356.0,6330524.209,10741883.208999999,6.799404905332382,0.5476661794728322,0.08112048292527727,0.12587854402537313,-0.07818542962663996,6.799404905332382,-0.07554965780091666,1.279811883029624,-0.43849171679465687,0.13251159660949116,0.0,0.4932473210554998,0.0,0.06672469002477115,0.13791686218810081,-0.0486868097585754,-1.9152484137731565,0.2814257258085548,0.0,-506.0375855711658,215.16822254745264,1103.5408554904284,1.150590692594212,0.5128989445692362,-0.9429356998583546,-161.14174473857838,0.0,1192.300694157409,Leisure,Consumer Cyclical,CNXA
2022Q4,2022,Q4,2023-05-17,2022-04-30,-7409676.0,4691617.0,-2565562.0,0.0,647291.0,0.1379675707,74862946.0,32511932.0,12826096.0,38980522.0,42351014.0,8185144.0,-80596925.0,0.0,15779998.0,0.0,0.32903859009379094,0.22981139427775124,0.5291705826648505,-0.05327749352116335,0.0,-0.2279063575797341,0.0,0.0,0.0,0.0,0.4941056626493071,,0.06266941458595551,0.07650631256297696,-0.09897654842490436,0.0,0.13796757066913176,1.0,-1.0,-1.0,-1.0,-0.3308374211089459,-3.722567914579606,0.19099473236936165,1.0,0.0,1.0,Leisure,Consumer Cyclical,CNXA
2022Q3,2022,Q3,2022-03-17,2022-01-31,-1568993.0,4201745.0,-3171255.0,-0.37,967315.0,0.2302174454,18634564.0,-10292951.0,15194459.0,28927515.0,28927515.0,8669721.0,-73454066.0,6616043.0200000005,15111375.02,-2.4580950472719265,0.5252597397322238,0.5139791840581835,-0.9305181769543059,2.935418269284508,-2.4580950472719265,0.15243373839047714,1.5745941317238434,-1.0541861913979222,-0.6427741684576173,0.0,0.37307198236252354,0.0,0.225481261595388,0.16064456279773773,-0.08419799894432732,-3.7092408159603965,0.23021744537091138,0.9576659038901603,-428.8872250163317,0.0,0.0,-0.5360459332823966,0.9595884462826704,0.9096613504562062,-262.107820610514,0.0,-990.4065915880726,Leisure,Consumer Cyclical,CNXA
2022Q2,2022,Q2,2021-12-20,2021-10-31,-38825357.0,5400542.0,-35104078.0,-8.74,2084937.0,0.3860606954,16725618.0,-8182537.0,13194723.0,24908155.0,24908155.0,8578431.0,-71083942.0,11954492.43,12834609.43,-1.9918187919250705,0.5297350606658743,0.15711096594457677,-0.321144652324823,5.844989812217905,-1.9918187919250705,4.744904544886262,2.213572717330964,-0.07697606251244515,-1.460976275451,0.0,0.38650482821392396,0.0,0.3228904307153254,0.16177067309883048,-2.3213107581435857,-2.0279897247550784,0.38606069538946275,-5.027586206896552,-6983.276882911312,666.7158100241483,0.0,1.6552197977132581,-10.301843034926668,-13.093936617575144,-3806.25606635944,0.0,-510.6079562087651,Leisure,Consumer Cyclical,CNXA
2022Q1,2022,Q1,2021-09-14,2021-07-31,-3435312.0,2537573.0,-2490722.0,-1.45,785222.0,0.3094381915,11515221.0,-11322724.0,7893537.0,22817531.0,22837945.0,5169994.0,-32258585.0,9321094.4,8828199.4,-3.887174106937486,0.34594176731917226,0.04519357466087711,-0.045961908106211896,0.2836699551376094,-3.887174106937486,0.30339978259648476,3.673232021305397,-0.6783295374626818,-0.8232201367798068,0.0,0.33894642817767295,0.0,0.22036685183897034,0.06740852022946742,-0.29832792614227727,-89.04114708214324,0.30943819153182983,0.7010309278350515,-1422.4151708432198,0.0,0.0,-0.502194164195247,0.7350890259086392,-1.336071716308651,-440.1997307201633,0.0,-565.7417002987659,Leisure,Consumer Cyclical,CNXA
2021Q4,2021,Q4,2021-08-06,2021-04-30,-12967798.0,3495513.0,-1066201.0,-4.85,1577366.0,0.4512545083,5697512.0,-18450744.0,5584659.0,24137779.0,24148256.0,3693216.0,-28823273.0,13628750.399999999,18853654.4,-6.904433028577587,0.2313659015603714,1.0800679314058488,-0.3335204260597838,0.08387274669470969,-6.904433028577587,0.7028333383195822,3.8989271102696508,-0.2627421864529352,-0.7386558720884101,0.0,0.5193703807196763,0.0,0.6135156889533536,0.07006787989897496,-2.276045754708371,-9.889012611642531,0.45125450827961444,-8.326923076923077,-2552.390772565843,321.1243584244725,-1360.9133724084793,0.7962273175008968,-9.044100857727525,-0.06997587488659993,-3156.4056611656824,0.0,-723.5087013336835,Leisure,Consumer Cyclical,CNXA
2021Q3,2021,Q3,2021-03-22,2021-01-31,-1291086.0,4123648.0,-996472.0,-0.52,878155.0,0.2129558585,4538624.0,-6654103.0,4424340.0,11192727.0,11192727.0,2321426.0,-15417751.0,3188608.57,9924057.57,-2.483334782607073,0.39528704666878767,1.556835287523267,-1.0618846747638262,-2.5993546301278827,-2.483334782607073,0.19402855651618256,0.7732494553366339,-0.6174276093924029,-0.4791943512145814,0.0,1.3980600716973102,0.0,0.9085678831293361,0.1575802751197273,-0.2844663933385978,-1.9988180952542145,0.2129558585019866,0.4583333333333333,-551.809746126976,0.0,0.0,-0.15587829875095885,0.4885017625902986,-3.919561793703376,-511.3073312341143,0.0,-224.86282861882214,Leisure,Consumer Cyclical,CNXA
2021Q2,2021,Q2,2020-12-14,2020-10-31,-2524126.0,2620068.0,-202553.0,-0.96,1040318.0,0.3970576336186694,3190124.0,-6403008.0,3190124.0,9170677.0,9593132.0,1912693.0,-14126665.0,2245749.3,7874041.3,-2.4234925955448365,0.3478613410983726,1.9689400788182527,-0.9809706625386069,1.662382535188149,-2.4234925955448365,0.39420940907773344,0.8571339751487366,-0.2224284069020326,-0.35073348338780774,0.0,0.8259297231704199,0.0,0.821306005659968,0.10973846314726819,-0.791231312638631,44.51700398437964,0.3970576336186694,-0.811320754716981,-706.8110356901071,502.6892471701983,0.0,3.797192906981434,-0.8370292847442479,0.8613895330973352,-2696.8060390941596,455.1713936635759,-232.95960065712592,Leisure,Consumer Cyclical,CNXA
2021Q1,2021,Q1,2020-09-21,2020-07-31,-1374026.0,564985.0,-1461311.0,-0.53,-371915.0,-0.6582741134720391,2071691.0,-6303423.0,2071691.0,4366899.0,8375114.0,1785438.0,-11602539.0,2217702.6999999997,8037484.699999999,-2.4159728668770617,0.4744078120423669,2.8593791255549212,-0.9397671709482293,3.848867314768235,-2.4159728668770617,0.2179809287747308,3.9252417320813824,-0.403504500642637,-0.3518251432594639,0.0,0.5247451885755764,0.0,0.2727168289093306,0.03835559283601476,-0.6632388710478542,-1.3908574299178542,-0.6582741134720391,0.8468208092485549,-634.6131638402029,0.0,0.0,-1.542008717841846,0.839191779601875,0.768476066534151,-518.8131947195182,65.49143671419965,-393.4668076656634,Leisure,Consumer Cyclical,CNXA
2020Q4,2020,Q4,2020-08-24,2020-04-30,-8544501.0,686179.0,-6311706.0,-3.46,686179.0,1.0,1381001.0,-4993830.0,1381001.0,4486917.0,6374831.0,919644.0,-10228513.0,2098633.85,6088828.85,-2.0226279586598683,0.3077839416240595,2.947168032463409,-0.8150141274332526,6.832418260466687,-2.0226279586598683,1.7110115882999621,3.058434971049828,-0.06140305472490436,-0.42024535276531233,0.0,0.0,0.0,0.4968707481022823,0.0177955152725134,-6.1871794444754205,-0.9561013462014195,1.0,-18.22222222222222,-1820.5565706057716,67.44128919026215,-399.3815610932913,0.0,-17.978333007569564,-15.71992815817916,-1820.5565706057716,67.44128919026215,-399.3815610932913,Leisure,Consumer Cyclical,CNXA
2020Q3,2020,Q3,2020-03-12,2020-01-31,-450224.0,0.0,-377496.0,-0.18,0.0,0.0,1856267.0,-674145.0,1856267.0,2530412.0,2530412.0,1524101.0,-716334.0,2072300.0,4040556.0,-0.27651558654634945,0.7335829106090234,1.0677165515521205,-2.93997137114419,-0.2886447849936765,-0.27651558654634945,0.6678444548279673,0.0,-1.1507049824087565,-3.073967766578407,0.0,0.0,0.0,0.0,0.12288789335491612,-0.24254269455848754,-1.1361381063231846,0.0,-1.2499999999999998,-210.87011764705883,0.0,0.0,0.0,-1.3470803813932635,-1.0206077410168983,-210.87011764705883,0.0,0.0,Leisure,Consumer Cyclical,CNXA
2020Q2,2020,Q2,2019-12-16,2019-10-31,-191823.0,0.0,-186823.0,-0.08,0.0,0.0,351621.0,-223921.0,351621.0,575542.0,575542.0,0.0,-266110.0,2072300.0,2259603.0,-0.09184618539786711,0.610938906283121,1.421985603817747,-2.2329303638336735,-0.6767012340670605,-0.09184618539786711,0.8566548023633335,0.0,-2.7007970889830726,-9.254603185945042,0.0,0.0,0.0,0.0,0.610938906283121,-0.5455390889622633,-11.37232950834966,0.0,0.0,-59.128181818181815,-1.0,0.0,0.0,-23.834671154842052,-23.187338166752976,-59.128181818181815,-1.0,0.0,Leisure,Consumer Cyclical,CNXA
2020Q1,2020,Q1,2019-09-04,2019-07-31,-7724.0,0.0,-7724.0,0.0,0.0,0.0,3549.0,-13915.0,1715.0,17464.0,17464.0,0.0,-40815.0,2072300.0,2087494.0,-0.005707547169811321,0.09820201557489693,4.582699351930121,-1.1688106360043118,-3.288207747977863,-0.005707547169811321,0.5550844412504492,0.0,-67.07340756084929,-148.92561983471074,0.0,0.0,0.0,0.0,0.06126889601465873,-2.176387714849253,-292.94599943454904,0.0,1.0,-2.8237623762376236,0.0,0.0,0.0,0.36936642717178314,0.36936642717178314,-2.8237623762376236,0.0,0.0,Leisure,Consumer Cyclical,CNXA
2019Q4,2019,Q4,2019-08-06,2019-04-30,-12248.0,0.0,-12248.0,-0.005,0.0,0.0,5123.0,-6191.0,2639.0,11314.0,11314.0,0.0,-33091.0,2073473.0,2081593.0,-0.002537939968352614,0.23325083966766838,1.9742338473550654,-1.633661767081247,-3.12210043334183,-0.002537939968352614,1.978355677596511,0.0,-42.322685336381454,-334.9172993054434,0.0,0.0,0.0,0.0,0.17624182428849214,-2.390786648448175,-178.7784962924642,0.0,0.0,-3.639868684889974,-1.0,-1.4998786268253088,0.0,-2.5276497695852536,-2.5276497695852536,-3.639868684889974,-1.0,-1.4998786268253088,Leisure,Consumer Cyclical,CNXA
2019Q3,2019,Q3,2019-03-15,2019-01-31,-3472.0,0.0,-3472.0,0.0,0.0,0.0,8371.0,6057.0,5237.0,2314.0,2314.0,0.0,-20843.0,2072300.0,2068822.0,0.0024844134536505334,2.263180639585134,0.13307848524668497,0.18391943206207695,-0.48417236089806165,0.0024844134536505334,-0.573221066534588,0.0,-149.21514976958525,342.1330691761598,0.0,0.0,0.0,0.0,1.9844425237683665,-0.41476526102018874,-368.6054784774102,0.0,0.0,-0.6338823529411766,0.0,0.0,0.0,0.426305353602115,0.426305353602115,-0.6338823529411766,0.0,0.0,Leisure,Consumer Cyclical,CNXA
2019Q2,2019,Q2,2018-12-18,2018-10-31,-6052.0,0.0,-6052.0,0.0,0.0,0.0,14643.0,9529.0,10859.0,5114.0,5114.0,0.0,-17371.0,2072300.0,2063200.0,0.003908531583264971,2.123386781384435,0.0760773065628628,0.11690628607408962,-0.5686366625951329,0.003908531583264971,-0.6351138629446952,0.0,-85.60393258426967,217.4729772274111,0.0,0.0,0.0,0.0,1.9972624168947986,-0.4133032848460015,-318.7173177483851,0.0,0.0,-2.8339393939393935,-1.0,0.0,0.0,0.0713518490102808,0.0713518490102808,-2.8339393939393935,-1.0,0.0,Leisure,Consumer Cyclical,CNXA
2019Q1,2019,Q1,2018-09-17,2018-07-31,-6517.0,0.0,-6517.0,0.0,0.0,0.0,21795.0,16781.0,17361.0,5014.0,5014.0,0.0,-11319.0,2072300.0,2056698.0,0.006883100902378999,3.4625049860390904,0.05111264051387933,0.066384601632799,-0.3641799385303157,0.006883100902378999,-0.388355878672308,0.0,-79.49593371183059,123.49085275013408,0.0,0.0,0.0,0.0,3.3338651775029917,-0.29901353521449875,-509.66551893753075,0.0,1.0,-2.226237623762376,0.0,0.0,0.0,-0.7392580731251668,-0.7392580731251668,-2.226237623762376,0.0,0.0,Leisure,Consumer Cyclical,CNXA
2018Q4,2018,Q4,2018-08-14,2018-04-30,-3747.0,0.0,-3747.0,-0.0015,0.0,0.0,26511.0,23298.0,21427.0,3213.0,3213.0,0.0,-4802.0,2072300.0,2052632.0,0.009556193601312551,6.668845315904139,0.042020293463090795,0.04781526311271354,-0.15349008684253646,0.009556193601312551,-0.1608292557301056,0.0,-138.26394448892447,88.94754914584942,0.0,0.0,0.0,0.0,6.4680983504512914,-0.1413375579947946,-2076.452905811623,0.0,0.0,-1.8080655596290705,-1.0,0.8822103732428502,0.0,-0.6341037941561274,-0.6341037941561274,-1.8080655596290705,-1.0,0.8822103732428502,Leisure,Consumer Cyclical,CNXA
2018Q3,2018,Q3,2018-03-20,2018-01-31,-2293.0,0.0,-2293.0,0.0,0.0,0.0,28159.0,27045.0,22425.0,1114.0,1114.0,0.0,-1055.0,2072300.0,2051634.0,0.011093109105824447,20.13016157989228,0.03956106395823716,0.04119060824551673,-0.08143044852445044,0.011093109105824447,-0.0847846182288778,0.0,-225.93763628434365,76.62414494361249,0.0,0.0,0.0,0.0,19.55116696588869,-0.08143044852445044,-1261.2903225806451,0.0,-1.0,-0.07905882352941171,0.0,0.0,-1.0,-3.653935185185185,-3.5534521158129175,-0.07905882352941171,0.0,0.0,Leisure,Consumer Cyclical,CNXA
2018Q2,2018,Q2,2017-12-18,2017-10-31,864.0,5300.0,898.0,0.0004,5300.0,1.0,26586.0,25472.0,20068.0,1114.0,1114.0,0.0,1372.0,2072300.0,2053991.0,0.010447908121410993,18.014362657091564,0.04190175280222674,0.04373429648241206,0.03249830737982397,0.010447908121410993,0.03391959798994975,391.0,599.6238425925926,81.35599874371859,0.0,0.0,0.0,0.1993530429549387,17.435368043087973,0.03249830737982397,1501.6666666666667,1.0,0.0,-0.7381818181818183,0.10416666666666656,0.0,-0.33249370277078083,1.3497975708502024,1.3635627530364371,-0.7381818181818183,0.10416666666666656,0.0,Leisure,Consumer Cyclical,CNXA
2018Q1,2018,Q1,2017-09-20,2017-07-31,-2470.0,7940.0,-2470.0,0.0,7940.0,1.0,16122.0,15008.0,9088.0,1114.0,1114.0,0.0,508.0,2072300.0,2064971.0,0.006155865463494668,8.157989228007182,0.06909812678327751,0.074227078891258,-0.1532067981639995,0.006155865463494668,-0.16457889125799574,260.9949622166247,-209.74696356275305,138.0796908315565,0.0,0.0,0.0,0.4924947277012778,7.578994614003591,-0.1532067981639995,-164.11657559198542,1.0,-1.0,-0.2227722772277226,0.0,0.0,-0.19797979797979798,-1.5326719861979727,-1.5326719861979727,-0.2227722772277226,0.0,0.0,Leisure,Consumer Cyclical,CNXA
2017Q4,2017,Q4,2017-08-03,2017-04-30,4637.0,9900.0,4637.0,0.0019,9900.0,1.0,19365.0,12378.0,16615.0,6987.0,6987.0,0.0,2978.0,2072300.0,2057444.0,0.005077112387202625,2.377987691426936,0.05752646527239866,0.08999838423008563,0.34368514675363177,0.005077112387202625,0.3746162546453385,209.32323232323233,111.7263316799655,167.41799967684602,0.0,0.0,0.0,0.5112316034082107,2.285673393444969,0.23945262070746193,240.54556006964597,1.0,0.0,0.0,0.0,0.0,0.0,3.1821176470588237,3.1821176470588237,0.0,0.0,0.0,Leisure,Consumer Cyclical,CNXA
2017Q3,2017,Q3,2017-01-31,2017-01-31,-2125.0,0.0,-2125.0,0.0,0.0,0.0,,,,,,,,2072300.0,,,0.0,0.0,0.0,0.0,,0.0,0.0,-243.79999999999998,0.0,0.0,0.0,0.0,0.0,0.0,0.0,-404.35121951219514,0.0,-1.0,0.0,0.0,0.0,-1.0,-1.643939393939394,-1.643939393939394,0.0,0.0,0.0,Leisure,Consumer Cyclical,CNXA
2017Q2,2017,Q2,2016-10-31,2016-10-31,3300.0,4800.0,3300.0,0.0014,4800.0,1.0,,,,,,,,2072300.0,,,0.0,0.0,0.0,0.0,,0.0,431.7291666666667,156.99242424242422,0.0,0.0,0.0,0.0,0.0,0.0,0.0,431.7291666666667,1.0,0.0,0.0,0.0,0.0,0.0,2.633663366336634,2.633663366336634,0.0,0.0,0.0,Leisure,Consumer Cyclical,CNXA
2017Q1,2017,Q1,2016-07-31,2016-07-31,-2020.0,0.0,-2020.0,0.0,0.0,0.0,,,,,,,,2072300.0,,,0.0,0.0,0.0,0.0,,0.0,0.0,-256.4727722772277,0.0,0.0,0.0,0.0,0.0,0.0,0.0,-1025.8910891089108,0.0,0.0,0.0,0.0,0.0,0.0,0.0,0.0,0.0,0.0,0.0,Leisure,Consumer Cyclical,CNXA
