Quarters,Year,Quarter,FillingDate,Date,NetIncome,Revenue,OperatingIncome,EPSDiluted,GrossProfit,GrossProfitRatio,TotalAssets,CommonStockEquity,CurrentAssets,CurrentLiability,TotalLiability,Inventory,RetainedEarnings,MarketCap,EnterpriseValue,bookValuePerShare,currentRatio,debtToAssets,debtToEquity,roic,shareholdersEquityPerShare,roe,priceToSalesRatio,peRatio,pbRatio,payoutRatio,inventoryTurnover,dividendYield,assetTurnover,quickRatio,returnOnAssets,priceToFreeCashFlowsRatio,grossProfitMargin,epsdilutedGrowth,fiveYNetIncomeGrowthPerShare,fiveYRevenueGrowthPerShare,fiveYShareholdersEquityGrowthPerShare,grossProfitGrowth,netIncomeGrowth,operatingIncomeGrowth,threeYNetIncomeGrowthPerShare,threeYRevenueGrowthPerShare,threeYShareholdersEquityGrowthPerShare,Industry,Sector,Symbol
2023Q1,2023,Q1,2023-05-10,2023-03-31,44033000.0,74276000.0,-15563000.0,0.58,59606000.0,0.802493403,14111525000.0,1349832000.0,188555000.0,77342000.0,12736762000.0,0.0,-282262000.0,814065120.0,12970881120.0,20.245860331173507,2.43793798970805,0.8748431512540282,9.145857410403664,-0.0011358058989138105,20.245860331173507,0.03262109655127453,10.960002154127848,4.62190357232076,0.6030862507334246,0.7717166670451706,0.0,0.041742360856831695,0.005263499161146651,4.8599079413514,0.0031203572966068513,-16.72896962722453,0.802493402983467,-0.0169491525423729,-0.03218603035427501,0.30810350177888957,0.04999095875376019,0.10697173420495487,0.21836695166154782,-1.1359641459323455,1.220729464280296,1.4140283125506057,0.11370363035775448,REIT—Mortgage,Real Estate,EFC
2022Q4,2022,Q4,2023-03-01,2022-12-31,36141000.0,66483000.0,114464000.0,0.59,53846000.0,0.8099213333,14085886000.0,1195967000.0,217053000.0,84018000.0,12865000000.0,0.0,-290881000.0,760829220.0,12948390220.0,19.444720840243228,2.583410697707634,0.8806413739256445,10.372037021088374,0.009136603567041407,19.444720840243228,0.030219061228278037,11.443966427507783,5.262923134390305,0.6361623857514462,0.8745192440718298,0.0,0.041541517030589344,0.004719830900235882,4.680270894332167,0.002565759796721342,-27.648419943309833,0.8099213332731676,9.428571428571427,1.5473507034162561,1.3734323292462673,0.04566177619940914,7.665271966527197,9.56827880512091,8.133737631662942,1.3310369411436258,0.8249888675476993,-0.15900905300939555,REIT—Mortgage,Real Estate,EFC
2022Q3,2022,Q3,2022-11-09,2022-09-30,-4218000.0,6214000.0,12532000.0,-0.07,6214000.0,1.0,6342709000.0,1155306000.0,346609000.0,72279000.0,5162080000.0,0.0,-285680000.0,684655920.0,5274688920.0,19.18603029095257,4.795431591471935,0.7512977499046543,4.124676059849079,0.002076806668538059,19.18603029095257,-0.0036509807791182598,110.17958158995816,-40.579416785206256,0.5926186828424677,-7.402797534376481,0.0,0.045606850226315145,0.000979707566593391,8.389601405664163,-0.0006650155320069074,-61.48683610237988,1.0,0.8906250000000001,-1.3629107854982756,-0.6888861123657007,0.0002494867227645075,1.1684056478495353,0.8895406693552611,1.1819263990709152,-1.1330070244776815,-0.8862341310189925,-0.008582175930419652,REIT—Mortgage,Real Estate,EFC
2022Q2,2022,Q2,2022-08-09,2022-06-30,-38186000.0,-36899000.0,-68885000.0,-0.64,-36899000.0,1.0,6178877000.0,1208149000.0,450551000.0,56301000.0,4944422000.0,0.0,-225259000.0,880610760.0,5303624760.0,20.126424335310187,8.002539919362,0.7521536680532724,3.846764761631223,-0.009763256926699443,20.126424335310187,-0.03160702860326003,-23.865437003712838,-5.765272351123449,0.7288925124301722,-0.815194050175457,0.0,0.03534932959483711,-0.005971797140483619,8.002539919362,-0.0061800874171795295,18.191430342092215,1.0,-36.2093023255814,-5.034578983967566,-3.061450257653247,0.03271809924405439,-6.020955232004354,-37.493951612903224,-4.28340236232551,-2.4965495833253137,-1.9158338919456754,0.06436985076374875,REIT—Mortgage,Real Estate,EFC
2022Q1,2022,Q1,2022-05-10,2022-03-31,-992000.0,7349000.0,-13038000.0,-0.0172,7349000.0,1.0,5827265000.0,1294080000.0,620814000.0,74739000.0,4504327000.0,0.0,-133370000.0,1022648500.0,4937130500.0,22.461207345436872,8.306426363745835,0.734137026546759,3.3058319423837785,-0.0002918959552077844,22.461207345436872,-0.0007665677546983185,139.15478296366854,-257.7239163306451,0.7902513754945599,-29.339717741935484,0.0,0.028460414306577482,0.0012611405178930425,8.306426363745835,-0.00017023423509999975,31.054280161549908,1.0,-1.1146666666666667,-1.0363436196456537,-0.7865668184612299,0.13845445145980287,-0.6251848829499669,-1.1162681669010783,-1.3566095019282842,-1.0332420950890233,-0.8289237623205373,0.18846478191038402,REIT—Mortgage,Real Estate,EFC
2021Q4,2021,Q4,2022-03-01,2021-12-31,8532000.0,19607000.0,36561000.0,0.15,19607000.0,1.0,5145184000.0,1291321000.0,308385000.0,53993000.0,3853863000.0,0.0,-97279000.0,966764210.0,4510458210.0,22.82736127561032,5.711573722519586,0.7067492630001182,2.8159961775577105,0.007423872505462898,22.82736127561032,0.006607187523474024,49.30709491508135,28.327596401781527,0.7486629660634342,3.1921003281762776,0.0,0.028171295253058653,0.0038107480704285793,5.711573722519586,0.001658249734120296,-128.23507229075474,1.0,-0.6341463414634146,1.9351975726875446,0.7467022119682828,0.17877579479268224,0.0,-0.6208842479449012,0.0,3.1556102903434824,0.44041735256115333,0.2822505101649631,REIT—Mortgage,Real Estate,EFC
2021Q3,2021,Q3,2021-11-09,2021-09-30,22505000.0,26740000.0,0.0,0.41,0.0,0.0,4420255000.0,1063326000.0,0.0,0.0,3324985000.0,0.0,-105699000.0,911816253.43,3963081253.43,21.329113696801457,0.0,0.713733031239148,2.9669941297400797,0.0,21.329113696801457,0.02116472276611312,34.099336328721016,10.129040806820706,0.857513362252028,1.062697178404799,0.0,0.026228968731402447,0.0060494247503820485,0.0,0.005091335228397457,62.18059556942171,0.0,-0.45333333333333337,27.55800107654005,2.576172702125812,0.06151297232700454,0.0,-0.34947246711952595,0.0,1.0434241722809605,0.14642508268393248,0.08304718261438578,REIT—Mortgage,Real Estate,EFC
2021Q2,2021,Q2,2021-08-09,2021-06-30,34595000.0,29920000.0,0.0,0.75,0.0,0.0,4282681000.0,923486000.0,0.0,0.0,3327577000.0,0.0,-103409000.0,838425299.9999999,3795583300.0,21.092823534785985,0.0,0.7219433340937604,3.3480236841706317,0.0,21.092823534785985,0.03746131506054234,28.022235962566842,6.058861829744182,0.9078917276493633,0.557305969070675,0.0,0.022995489282110166,0.006986277988017319,0.0,0.008077883923645026,23.952271169009254,0.0,-0.12790697674418602,4.205487373705787,1.335590074208434,0.027748534786857813,0.0,-0.13071337035454933,0.0,0.12606839867897893,-0.274115531327631,0.06251842199015703,REIT—Mortgage,Real Estate,EFC
2021Q1,2021,Q1,2021-05-10,2021-03-31,39797000.0,45690000.0,0.0,0.86,0.0,0.0,4106925000.0,909856000.0,0.0,0.0,3163549000.0,0.0,-116799000.0,700949820.0000001,3522499820.0,20.781508382440272,0.0,0.7233879362296609,3.265241972356065,0.0,20.781508382440272,0.04373988850983013,15.3414274458306,4.40328303640978,0.7703964363591602,0.38377264617936024,0.0,0.02178900623727958,0.011125111853759199,0.0,0.009690218350712517,76.48950458315147,0.0,-0.4027777777777778,2.2962255908131826,0.853516620020896,-0.002633206635600969,0.0,-0.3887071256316913,0.0,0.33202333419898794,0.22535702585394585,0.07777074196396938,REIT—Mortgage,Real Estate,EFC
2020Q4,2020,Q4,2021-07-01,2020-12-31,65103000.0,56139000.0,0.0,1.44,0.0,0.0,3413863000.0,885215000.0,0.0,0.0,2492291000.0,0.0,-141521000.0,649724880.0,2926552880.0,20.21869718149011,0.0,0.6996399679776254,2.6981863163186346,0.0,20.21869718149011,0.07354484503764622,11.57350291241383,2.494988249389429,0.7339740966883751,0.22094219928421116,0.0,0.022138601187628833,0.01644442088039268,0.0,0.019070185300347438,17.5478010046994,0.0,0.3584905660377357,27.226741211179597,5.80150438159894,-0.06677072290875422,0.0,0.35228382111625783,0.0,5.446314115014325,1.8154823221873397,0.0872832261741269,REIT—Mortgage,Real Estate,EFC
2020Q3,2020,Q3,2020-11-09,2020-09-30,48143000.0,48250000.0,0.0,1.06,0.0,0.0,3350873000.0,835130000.0,0.0,0.0,2478596000.0,0.0,-191986000.0,536732182.84,2773618182.84,19.075982635928796,0.0,0.7053890135496034,2.8303006717517034,0.0,19.075982635928796,0.057647312394477505,11.12398306404145,2.78717665517313,0.6426929733574414,0.2891593793490227,0.0,0.02593658521898221,0.014399232677573873,0.0,0.014367300700444332,33.5059730844622,0.0,0.24705882352941186,8.43817311140964,3.9875284786371923,-0.1518729878253509,0.0,0.2275427726357123,0.0,4.697327517131025,2.3226928970173906,-0.00548776630891036,REIT—Mortgage,Real Estate,EFC
2020Q2,2020,Q2,2020-08-10,2020-06-30,39219000.0,45384000.0,0.0,0.85,0.0,0.0,3236851000.0,800896000.0,0.0,0.0,2399172000.0,0.0,-226368000.0,515728400.0,2647952400.0,18.29365006852444,0.0,0.7040036751768926,2.8452570620904587,0.0,18.29365006852444,0.04896890482659422,11.363661202185792,3.2874907570310303,0.6439392879974429,0.40023967974706137,0.0,0.03043656312120876,0.014021034641384482,0.0,0.01211640572890133,13.718369952652019,0.0,1.2796052631578947,1.2783524065979366,1.1182161520547704,-0.20604435048724581,0.0,1.3077037746063378,0.0,4.681574245040369,2.476475319271517,-0.06132439561767497,REIT—Mortgage,Real Estate,EFC
2020Q1,2020,Q1,2020-05-21,2020-03-31,-127457000.0,-114621000.0,0.0,-3.04,0.0,0.0,3777642000.0,774383000.0,0.0,0.0,2968161000.0,0.0,-252701000.0,243234580.0,2953605580.0,18.17885816235504,0.0,0.7536741173462176,3.6766186757715498,0.0,18.17885816235504,-0.16459168137730296,-2.122076931801328,-0.4770914504499557,0.31410113600117767,-0.16494974775806742,0.0,0.08643507843333789,-0.030341943466321054,0.0,-0.03373983029625359,8.426042886340804,0.0,-10.806451612903226,-6.196220753145454,-4.961490312931689,-0.21990510225461507,0.0,-15.097666187368654,0.0,-7.315664010680475,-5.502323566376262,-0.07859797209013593,REIT—Mortgage,Real Estate,EFC
2019Q4,2019,Q4,2020-03-13,2019-12-31,9041000.0,21243000.0,0.0,0.31,0.0,0.0,4338217000.0,829265000.0,0.0,0.0,3469518000.0,0.0,-103555000.0,657423779.9999999,3860449780.0,23.121201137567613,0.0,0.7549940447884465,3.94967591783085,0.0,23.121201137567613,0.010902425641984168,30.94778421126959,18.178956420749913,0.7927788825043863,1.6686207277955978,0.0,0.022947146816015694,0.004896712174609984,0.0,0.0020840359069175195,28.424219810627346,0.0,-0.41509433962264153,2.237332441292613,1.9545476621762365,0.0011092401440440619,0.0,-0.47718730122014685,0.0,3.9056721373845042,1.9848267479855761,0.1939493101472826,REIT—Mortgage,Real Estate,EFC
2019Q3,2019,Q3,2019-11-08,2019-09-30,17293000.0,29785000.0,0.0,0.53,0.0,0.0,3627358000.0,635446000.0,0.0,0.0,2958391000.0,0.0,-99216000.0,593346520.0,3231529520.0,19.35211353392618,0.0,0.7364682504456411,4.2040299254381965,0.0,19.35211353392618,0.027213956811436377,19.920984388114825,8.577842479616029,0.9337481391022998,0.8054125946914936,0.0,0.023473635608413108,0.008211210473297646,0.0,0.004767381659047714,46.409583105201406,0.0,0.2325581395348838,0.11618318146881224,0.5206990663891776,-0.3406025687267228,0.0,0.3676842771274913,0.0,32.31674054344305,5.047808933615525,-0.036878894724621664,REIT—Mortgage,Real Estate,EFC
2019Q2,2019,Q2,2019-08-09,2019-06-30,12644000.0,19965000.0,0.0,0.43,0.0,0.0,3127594000.0,562470000.0,0.0,0.0,2534480000.0,0.0,-102324000.0,539588376.64,2875330376.64,18.909239416043473,0.0,0.7604609166023467,4.2285152985937025,0.0,18.909239416043473,0.022479421124682205,27.026715584272477,10.668862239797532,0.959319388838516,1.012416956659285,0.0,0.023723639266863803,0.006383501183337735,0.0,0.004042724215483211,24.15130143407036,0.0,-0.17307692307692313,-0.48372115231434126,-0.2986038552343175,-0.2291640024657246,0.0,-0.17938733125649015,0.0,1.8002889269612603,1.2939008362657385,-0.07864667469851086,REIT—Mortgage,Real Estate,EFC
2019Q1,2019,Q1,2019-05-10,2019-03-31,15408000.0,22180000.0,0.0,0.52,0.0,0.0,2870565000.0,562209000.0,0.0,0.0,2278131000.0,0.0,-102475000.0,532778387.67,2511457387.67,18.899346187887758,0.0,0.7087646508614158,3.6188588229644134,0.0,18.899346187887758,0.027406178129485655,24.020666711902617,8.64450914573598,0.9476518299600326,0.8110721703011423,0.0,0.023456281803496452,0.007726701886214038,0.0,0.0053675844302428265,25.38006801019436,0.0,8.428571428571429,-0.4179554204836813,-0.24739220279043875,-0.22838949119731625,0.0,7.953068592057762,0.0,1.738620078512139,0.32428497478753954,-0.09296380430091392,REIT—Mortgage,Real Estate,EFC
2018Q4,2018,Q4,2019-03-14,2018-12-31,-2216000.0,7621000.0,0.0,-0.07,0.0,0.0,3971499000.0,563833000.0,0.0,0.0,3376329000.0,0.0,0.0,485523006.57,2436799006.57,17.802575311647605,0.0,0.5025638933813152,3.5399346969758776,0.0,17.802575311647605,-0.003930241755980938,63.70856929143157,-54.77470741990072,0.8611113690933309,-5.67870036101083,0.0,0.02591844223593081,0.0019189228047142904,0.0,-0.000557975716473805,-6.639176898263367,0.0,-1.3181818181818183,-1.1215949722194047,-0.6344598644540426,-0.25885852029697837,0.0,-1.3326827803633088,0.0,-2.328181521003458,0.27638064266373646,-0.17829104717681338,REIT—Mortgage,Real Estate,EFC
2018Q3,2018,Q3,2018-11-09,2018-09-30,6661000.0,14107000.0,0.0,0.22,0.0,0.0,3714561000.0,593797000.0,0.0,0.0,3097883000.0,0.0,0.0,479412872.7,2350580872.7,19.693614497306342,0.0,0.5181678265614699,3.2414545711749976,0.0,19.693614497306342,0.011217638351153678,33.984041447508325,17.993277011709953,0.8073682970779577,1.8992643747185107,0.0,0.026388527969119755,0.0037977569893185223,0.0,0.0017932132491564952,-2.429091940738639,0.0,-0.6811594202898551,-0.5212113133669054,-0.13518474953135765,-0.19937498167200277,0.0,-0.6856981078658048,0.0,0.896045794860293,1.1172753283135737,-0.12441278956393113,REIT—Mortgage,Real Estate,EFC
2018Q2,2018,Q2,2018-08-09,2018-06-30,21193000.0,28434000.0,0.0,0.69,0.0,0.0,3672076000.0,599567000.0,0.0,0.0,3058801000.0,0.0,0.0,471457309.82,2152524309.82,19.851725013179475,0.0,0.46380793861564956,2.8406133092715242,0.0,19.851725013179475,0.035347175545018324,16.580759295913342,5.561474423394517,0.7863296509314222,0.5969423866370972,0.0,0.026833818749846274,0.0077433037878301,0.0,0.005771394709695551,-4.762243152153052,0.0,0.029850746268656577,0.39412238380322806,0.5883774435739315,-0.27741435351064747,0.0,0.007319739531346547,0.0,0.7846502151718597,0.9237195138853246,-0.13842294087027934,REIT—Mortgage,Real Estate,EFC
2018Q1,2018,Q1,2018-05-09,2018-03-31,21039000.0,26257000.0,0.0,0.67,0.0,0.0,3196346000.0,594474000.0,0.0,0.0,2586396000.0,0.0,0.0,456601408.15000004,2032321408.15,19.281937775162774,0.0,0.5010205403294887,2.6938688655853746,0.0,19.281937775162774,0.035390950655537504,17.389702104200786,5.425654833285803,0.7680763299151855,0.6107704738818385,0.0,0.028142707776710563,0.008214692652172199,0.0,0.006582203553682862,-3.6619221274531037,0.0,1.9130434782608696,-0.6550629738995376,-0.5900246849021797,-0.23790713373837882,0.0,1.826303062869425,0.0,0.1851027770799845,0.25385273200340225,-0.17256952319496802,REIT—Mortgage,Real Estate,EFC
2017Q4,2017,Q4,2018-03-15,2017-12-31,7444000.0,14697000.0,0.0,0.23,0.0,0.0,2993341000.0,600099000.0,0.0,0.0,2372380000.0,0.0,0.0,468252210.0,1898119210.0,18.59561215952403,0.0,0.49346198779223616,2.4614271978456888,0.0,18.59561215952403,0.012404619904382444,31.860393957950603,15.725826504567436,0.7802916018856889,1.7866738312735089,0.0,0.028403496483230695,0.004909898337676863,0.0,0.002486853318749852,-1.3822535423308537,0.0,0.21052631578947373,-0.8061584067379153,-0.013228032228482291,-0.23508205082776001,0.0,0.2016142050040355,0.0,1.9624273961552874,1.2718223417067291,-0.19484117419892374,REIT—Mortgage,Real Estate,EFC
2017Q3,2017,Q3,2017-11-09,2017-09-30,6195000.0,10646000.0,0.0,0.19,0.0,0.0,2726647000.0,615635000.0,0.0,0.0,2096923000.0,0.0,0.0,506790708.25,1599575708.25,19.181244825042626,0.0,0.44164426124833905,1.956042135356177,0.0,19.181244825042626,0.010062780706100205,47.60386137986098,20.451602431396285,0.8231999614219464,2.382082324455206,0.0,0.029118529128044645,0.0039044291395255787,0.0,0.0022720212774150817,-56.98759791408973,0.0,0.1875,-0.881321095431256,-0.8575717842155274,-0.30140402312957,0.0,0.22334123222748814,0.0,-0.5909181824525738,-0.44392179962814815,-0.3464246918516866,REIT—Mortgage,Real Estate,EFC
2017Q2,2017,Q2,2017-08-08,2017-06-30,5064000.0,9577000.0,0.0,0.16,0.0,0.0,2797426000.0,625931000.0,0.0,0.0,2160465000.0,0.0,0.0,520624545.32000005,1593447545.3200002,19.488788227922655,0.0,0.43158889636401465,1.928867558884286,0.0,19.488788227922655,0.008090348616700563,54.36196568027567,25.702238611769353,0.8317602823953439,2.9142969984202214,0.0,0.028346723435655627,0.003423504321472668,0.0,0.0018102355522541078,-69.87311036370957,0.0,-0.6595744680851063,-0.7591642760402068,-0.6934517038459733,-0.18905878898038003,0.0,-0.6685430030108653,0.0,-0.8084962774421033,-0.6883929851464318,-0.20553866901388515,REIT—Mortgage,Real Estate,EFC
2017Q1,2017,Q1,2017-05-10,2017-03-31,15278000.0,19273000.0,0.0,0.47,0.0,0.0,2931245000.0,636251000.0,0.0,0.0,2276790000.0,0.0,0.0,510495543.79,1554349543.79,19.729561702390114,0.0,0.3916673631852677,1.8044340991212588,0.0,19.729561702390114,0.02401253593314588,26.48760150417683,8.35344193922634,0.8023492989244811,0.9700877078151591,0.0,0.0290325746821736,0.006575021876369939,0.0,0.005212119764809833,-4.744382377230483,0.0,8.399999999999999,-0.756911974461631,-0.7191180993650362,-0.18108900817667392,0.0,8.029550827423169,0.0,-0.46762646519591167,-0.39675120116479295,-0.1944939791942822,REIT—Mortgage,Real Estate,EFC
2016Q4,2016,Q4,2017-03-16,2016-12-31,1692000.0,6534000.0,0.0,0.05,0.0,0.0,2413195000.0,637661000.0,0.0,0.0,1768418000.0,0.0,0.0,511042560.0,1445435560.0,19.365312196307094,0.0,0.43828492931569973,1.65866659557351,0.0,19.365312196307094,0.0026534475214886905,78.21281910009182,75.5086524822695,0.8014329871201156,8.801418439716311,0.0,0.029140430104295033,0.0027076137651536655,0.0,0.0007011451623262936,-5.438937420178799,0.0,1.5,-0.5031393831531101,-0.22714756812961648,-0.14127754933488293,0.0,2.2790697674418605,0.0,-0.9107006029818353,-0.6985574583405211,-0.1938000045031848,REIT—Mortgage,Real Estate,EFC
2016Q3,2016,Q3,2016-11-09,2016-09-30,516000.0,4896000.0,0.0,0.02,0.0,0.0,2651809000.0,655903000.0,0.0,0.0,1987056000.0,0.0,0.0,544161377.1800001,1379128377.18,20.093125805184144,0.0,0.3826010847689257,1.5468522022311226,0.0,20.093125805184144,0.000786701692170946,111.14407213643793,263.6440780910853,0.8296369694604233,32.248062015503876,0.0,0.030579164008723368,0.0018462868177911759,0.0,0.00019458414991426607,7.3170457741801025,0.0,-0.8666666666666667,1.2248700833892756,0.35026469590424075,-0.11973397125196844,0.0,-0.8964894684052156,0.0,-0.9657410064150311,-0.7227634184346058,-0.1831332324372111,REIT—Mortgage,Real Estate,EFC
2016Q2,2016,Q2,2016-08-09,2016-06-30,4985000.0,9609000.0,0.0,0.15,0.0,0.0,2753091000.0,673995000.0,0.0,0.0,2073908000.0,0.0,0.0,562556548.77,1505337548.77,20.523331165984462,0.0,0.39342651586889066,1.6070430789545918,0.0,20.523331165984462,0.007396197301166922,58.54475478926007,28.212464832998993,0.8346598250283755,3.358876629889669,0.0,0.02976411889010957,0.0034902587673273423,0.0,0.0018106920548576128,5.195387410140377,0.0,1.2173913043478262,2.8959053096896286,1.920079770037271,-0.11974993000777891,0.0,1.2148706896551724,0.0,-0.6984187939400905,-0.5063438017604178,-0.25296846954899505,REIT—Mortgage,Real Estate,EFC
2016Q1,2016,Q1,2016-05-09,2016-03-31,-23200000.0,18627000.0,0.0,-0.69,0.0,0.0,2902895000.0,689344000.0,0.0,0.0,2207973000.0,0.0,0.0,576317740.44,1606537740.44,20.83637486299137,0.0,0.4038389263132149,1.700605213072138,0.0,20.83637486299137,-0.033655185219571074,30.939911979384767,-6.210320478879311,0.836037943958314,-0.7272413793103448,0.0,0.029275517333751985,0.0064166978137342205,0.0,-0.007992021757590268,-30.338899791535063,0.0,-14.799999999999999,-2.0418171924649458,-0.37285918064974827,-0.12474416725545392,0.0,-14.03370786516854,0.0,-1.3544631203483477,-0.7289659410897886,-0.17647008163811803,REIT—Mortgage,Real Estate,EFC
2015Q4,2015,Q4,2016-03-11,2015-12-31,1780000.0,6370000.0,0.0,0.05,0.0,0.0,2991555000.0,732049000.0,0.0,0.0,2252603000.0,0.0,0.0,566979420.0,1557259420.0,21.66530527686525,0.0,0.39250122427968065,1.603975963357644,0.0,21.66530527686525,0.002431531222636736,89.00775824175824,79.63194101123597,0.7745102035519481,9.549438202247192,0.0,0.02997992413904547,0.002129327389936003,0.0,0.0005950082816461673,2.13973069360737,0.0,-0.5833333333333333,-0.9342726039767907,-0.824528496209347,-0.11435986751614581,0.0,-0.5431211498973306,0.0,-0.9557312057607509,-0.5915258043783547,-0.1088122973094716,REIT—Mortgage,Real Estate,EFC
2015Q3,2015,Q3,2015-11-06,2015-09-30,3896000.0,7389000.0,0.0,0.12,0.0,0.0,3323932000.0,752085000.0,0.0,0.0,2565591000.0,0.0,0.0,597872280.36,1831774280.3600001,22.491893740085956,0.0,0.41315436055851923,1.8259864244068158,0.0,22.491893740085956,0.005180265528497444,80.91382871295168,38.36449437628337,0.794953070942779,5.683778234086242,0.0,0.037038010838479275,0.0022229696636393284,0.0,0.0011721058072186796,22.908739380795463,0.0,-0.6923076923076923,-0.91281824822383,-0.877571553555047,-0.12749628978957797,0.0,-0.7037712895377128,0.0,-0.9283598021861791,-0.9051142819637116,-0.18082759370721185,REIT—Mortgage,Real Estate,EFC
2015Q2,2015,Q2,2015-08-07,2015-06-30,13152000.0,16370000.0,0.0,0.39,0.0,0.0,3474868000.0,770719000.0,0.0,0.0,2697786000.0,0.0,0.0,619153539.7800001,1856360539.7800002,23.041148557543664,0.0,0.3916876842516032,1.7659652869593199,0.0,23.041148557543664,0.017064585147115875,37.82245203298718,11.769189852874089,0.8033453694277681,1.684838807785888,0.0,0.03578918406551244,0.004710970315994737,0.0,0.003784891972874941,24.749312058999884,0.0,-0.31578947368421045,0.7372650390049746,0.15584395716781413,0.2904643644294866,0.0,-0.3171694096879705,0.0,-0.3994230029678271,-0.4968844021369479,-0.041242754756481904,REIT—Mortgage,Real Estate,EFC
2015Q1,2015,Q1,2015-05-08,2015-03-31,19261000.0,22720000.0,0.0,0.57,0.0,0.0,3603012000.0,779491000.0,0.0,0.0,2817588000.0,0.0,0.0,665983088.98,1906514088.98,23.303393234458042,0.0,0.3876703713448637,1.7919142106836383,0.0,23.303393234458042,0.02470971441620237,29.31263595862676,8.644191487721303,0.8543820120822434,1.150459477701054,0.0,0.033272616627455315,0.00630583522896954,0.0,0.005345805120826686,1.9694668375355608,0.0,6.124999999999999,-0.09135291148009216,-0.2758554442948378,-0.04637141425767639,0.0,6.3041334850208575,0.0,-0.7045425190239069,-0.6807713510066684,-0.032750693890620707,REIT—Mortgage,Real Estate,EFC
2014Q4,2014,Q4,2015-03-13,2014-12-31,2637000.0,6789000.0,0.0,0.08,0.0,0.0,3945355000.0,782155000.0,0.0,0.0,3156811000.0,0.0,0.0,675965360.0,2232032360.0,23.09558259020847,0.0,0.4233350357572386,2.135391322691794,0.0,23.09558259020847,0.0033714545070989764,99.56773604359994,64.08469472885857,0.8642345315186888,9.950322335987865,0.0,0.038817077845527466,0.0017207577011447638,0.0,0.0006683809188273299,-2.5750276562999983,0.0,-0.8260869565217391,-0.9276643346472578,-0.8685799993994423,-0.07664589891598696,0.0,-0.796339202965709,0.0,-0.24708526898885969,-0.2192271458591822,0.02413506585163459,REIT—Mortgage,Real Estate,EFC
2014Q3,2014,Q3,2014-11-10,2014-09-30,12948000.0,16369000.0,0.0,0.46,0.0,0.0,4074537000.0,805377000.0,0.0,0.0,3262430000.0,0.0,0.0,609764484.12,1876642484.12,29.348178528020366,0.0,0.34261610582993846,1.7333522064821816,0.0,29.348178528020366,0.016076942847883663,37.25117503329464,11.773333412882298,0.7571168336319513,1.5500463392029658,0.0,0.032914347297489176,0.004017388969593355,0.0,0.003177784371573997,-1.5632341299164756,0.0,-0.4320987654320988,-0.8122268852212883,-0.8279551752861695,0.1818300251589738,0.0,-0.38186852532582233,0.0,7.712104561908984,4.369992703438299,0.28572352626107395,REIT—Mortgage,Real Estate,EFC
2014Q2,2014,Q2,2014-08-08,2014-06-30,20947000.0,24346000.0,0.0,0.81,0.0,0.0,2921227000.0,624107000.0,0.0,0.0,2290104000.0,0.0,0.0,610602000.0,1655326000.0,24.530820403470674,0.0,0.40727954383551845,1.9063333691177955,0.0,24.530820403470674,0.03356315503591532,25.08017744187957,7.2874635986060055,0.9783610823144108,0.9581324294648398,0.0,0.032869201214539095,0.008334169169325082,0.0,0.007170617004429987,-34.06616826601205,0.0,-0.07954545454545449,-0.7260077201020357,-0.7577737227726662,0.03474916473323928,0.0,-0.0745747735807378,0.0,11.283362700389793,8.550057376903473,0.05213214182844288,REIT—Mortgage,Real Estate,EFC
2014Q1,2014,Q1,2014-05-09,2014-03-31,22635000.0,25199000.0,0.0,0.88,0.0,0.0,2924005000.0,623003000.0,0.0,0.0,2293929000.0,0.0,0.0,605875301.22,1612403301.22,24.493375831822295,0.0,0.4024924717980988,1.8890599242700277,0.0,24.493375831822295,0.03633208828849941,24.043624795428393,6.691797009277667,0.9725078389991701,0.8866799204771372,0.0,0.03312562825978668,0.008617974319469358,0.0,0.007741094833969162,9.133018303260526,0.0,0.517241379310345,-0.2564991212279836,-0.3054321900035528,0.17351069281849954,0.0,0.5230117077109406,0.0,0.32207587455451897,0.10351389823593773,0.028872354302087247,REIT—Mortgage,Real Estate,EFC
2013Q4,2013,Q4,2014-03-14,2013-12-31,14862000.0,17002000.0,0.0,0.58,0.0,0.0,2975198000.0,620401000.0,0.0,0.0,2349149000.0,0.0,0.0,585520760.0,1639180760.0,24.020481647824067,0.0,0.4158207285699977,1.9941118728048473,0.0,24.020481647824067,0.023955473959584205,34.43834607693213,9.849292827344907,0.9437779113831216,1.3491454716727225,0.0,0.03424472942684389,0.005714577651638647,0.0,0.004995297791945276,4.681319837538776,0.0,0.28888888888888875,1.4498510484700957,1.6151676465662783,0.19422755878548187,0.0,0.2673317984139166,0.0,-0.2820598481310282,-0.38729455674415925,-0.01808433912900978,REIT—Mortgage,Real Estate,EFC
2013Q3,2013,Q3,2013-11-08,2013-09-30,11727000.0,13750000.0,0.0,0.45,0.0,0.0,3122702000.0,625173000.0,0.0,0.0,2492900000.0,0.0,0.0,571093228.23,1730617228.23,24.597800526436124,0.0,0.43112054880677053,2.1534215329196877,0.0,24.597800526436124,0.01875800778344554,41.53405296218182,12.174751177411101,0.913496309389561,1.7088769506267587,0.0,0.035090592935430785,0.0044032379650699935,0.0,0.0037554015721000594,-10.97369870931171,0.0,-0.08163265306122446,1.8914969680439058,0.4964771224401901,0.0,0.0,0.010948275862068965,0.0,-0.6547525067766813,-0.7002657746828695,-0.04580412523995093,REIT—Mortgage,Real Estate,EFC
2013Q2,2013,Q2,2013-08-09,2013-06-30,11600000.0,13660000.0,0.0,0.49,0.0,0.0,2728407000.0,633162000.0,0.0,0.0,2090549000.0,0.0,0.0,524539478.00000006,1611904478.0,27.47317928279938,0.0,0.4724954891260725,2.0360665990694327,0.0,27.47317928279938,0.018320745717525688,38.399668960468524,11.304730129310345,0.8284443444173846,1.7273275862068966,0.0,0.038199222061223004,0.005006584428202977,0.0,0.0042515651074051634,-1.8032909835361097,0.0,-0.7474226804123711,-0.629219373241624,-0.6520963622927097,0.0,0.0,-0.7124085781579274,0.0,1.22391553402415,0.3998685163943924,0.5386888701964332,REIT—Mortgage,Real Estate,EFC
2013Q1,2013,Q1,2013-05-08,2013-03-31,40335000.0,42353000.0,0.0,1.94,0.0,0.0,2316674000.0,515848000.0,0.0,0.0,1796072000.0,0.0,0.0,501957582.48,1403681582.48,25.301296769445706,0.0,0.41718299596749475,1.8735693460089018,0.0,25.301296769445706,0.07819163784680759,11.851759792222511,3.111178768315359,0.9730726541151657,0.791843312259824,0.0,0.06362888242906975,0.01828181263311109,0.0,0.01741073625378452,-18.915385404529527,0.0,0.6302521008403361,5.49576182917764,8.216985887361764,0.0,0.0,0.6273299443234084,0.0,2.121845747220413,1.2146958514311166,0.03538740529923801,REIT—Mortgage,Real Estate,EFC
2012Q4,2012,Q4,2013-03-15,2012-12-31,24786000.0,9613000.0,0.0,1.19,0.0,0.0,2152115000.0,506355000.0,0.0,0.0,1645760000.0,0.0,0.0,467809704.66,1317113704.66,24.31059720803698,0.0,0.422090826930717,1.7939745830494416,0.0,24.31059720803698,0.048949847439049676,48.66427802559035,4.718487297869765,0.923876933495275,0.5908980876301138,0.0,0.03130760190330935,0.004466768736800775,0.0,0.01151704253722501,-1.9763907099734264,0.0,-0.2515723270440252,1.930313296430898,1.431304232263083,0.20865124946406308,0.0,-0.1608491045129837,0.0,0.10548594423877483,-0.6974347637927736,-0.028069998054121973,REIT—Mortgage,Real Estate,EFC
2012Q3,2012,Q3,2012-11-08,2012-09-30,29537000.0,42295000.0,0.0,1.59,0.0,0.0,1864800000.0,498650000.0,0.0,0.0,1366150000.0,0.0,0.0,415347192.88,983330192.88,27.456849824659397,0.0,0.0,0.0,,27.456849824659397,0.059233931615361474,9.820243359262324,3.515482216203406,0.8329433327584478,0.4822426109625216,0.0,0.034294200717314836,0.02268071643071643,0.0,0.01583923208923209,2.4444122299711033,0.0,1.484375,9.192037717315007,5.441918649365593,0.0,0.0,1.7430349182763745,0.0,-0.35275298201187394,-0.3282905638940998,0.10566757961084947,REIT—Mortgage,Real Estate,EFC
2012Q2,2012,Q2,2012-08-07,2012-06-30,10768000.0,15999000.0,0.0,0.64,0.0,0.0,1939590000.0,395275000.0,0.0,0.0,1544315000.0,0.0,0.0,348032295.16,1155252295.16,24.032307105738077,0.0,0.0,0.0,,24.032307105738077,0.027241793687938776,21.753378033627104,8.080244594167906,0.8804814247296187,1.0946322436849927,0.0,0.033867546672877565,0.00824865048798973,0.0,0.005551688758964523,7.481347703353397,0.0,-0.6631578947368421,-0.5177234653239242,-0.4290433328388966,0.0,0.0,-0.6640773670254251,0.0,-0.7821314018955713,-0.7537764583497234,0.013721078026272256,REIT—Mortgage,Real Estate,EFC
2012Q1,2012,Q1,2012-05-09,2012-03-31,32055000.0,34996000.0,0.0,1.9,0.0,0.0,2066578000.0,396264000.0,0.0,0.0,1670314000.0,0.0,0.0,321683158.258,1159175158.258,24.092437272653704,0.0,0.0,0.0,,24.092437272653704,0.08089304100296772,9.191997892844897,2.508837609249727,0.8117900143793028,0.21010762751520823,0.0,0.020936750423838846,0.016934274922117628,0.0,0.015511149349310792,-10.332214243527977,0.0,17.37186178718401,5.428861547244746,8.392054733014545,0.0,0.0,17.844797178130513,0.0,0.6282998312449911,0.4917201718685636,0.15430118533459064,REIT—Mortgage,Real Estate,EFC
2011Q4,2011,Q4,2012-03-14,2011-12-31,1701000.0,4223000.0,0.0,0.10341902317844658,0.0,0.0,1968055000.0,370916000.0,0.0,0.0,1597139000.0,0.0,0.0,282422615.321,1081722615.321,22.551305350533035,0.0,0.0,0.0,,22.551305350533035,0.004585943987317883,66.87724729363012,41.50832088786008,0.761419338397373,3.9670781893004117,0.0,0.02389327070118043,0.0021457733650736385,0.0,0.0008643051134241675,16.839938901735138,0.0,2.477414616834951,1.0808504961236398,1.2399393354806951,0.1211844429702626,0.0,2.4663793103448275,0.0,1.0808504961236398,1.2399393354806951,0.1211844429702626,REIT—Mortgage,Real Estate,EFC
2011Q3,2011,Q3,2011-11-09,2011-09-30,-1160000.0,1833000.0,0.0,-0.07,0.0,0.0,2408332000.0,376674000.0,0.0,0.0,2031658000.0,0.0,0.0,283501422.21999997,1089421422.22,22.82619702337238,0.0,0.0,0.0,,22.82619702337238,-0.0030795860611563313,154.66526034915438,-61.09944444396551,0.7526439898161275,-5.8202465517241375,0.0,0.0238146459623782,0.0007611076878104846,0.0,-0.00048166116631760073,-3.586308524640428,0.0,0.12499999999999993,-1.4405200308824069,-0.6927430576578156,0.0,0.0,0.12226274610693261,0.0,-1.4405200308824069,-0.6927430576578156,0.0,REIT—Mortgage,Real Estate,EFC
2011Q2,2011,Q2,2011-08-10,2011-06-30,-1321580.0,1653973.0,0.0,-0.08,0.0,0.0,1977088350.0,384853592.0,0.0,0.0,1592234758.0,0.0,0.0,347460835.65000004,1083526397.65,23.31534170302972,0.0,0.0,0.0,,23.31534170302972,-0.0034339812008302626,210.07648592207977,-65.7283016635391,0.902839009100375,-5.112783183764887,0.0,0.019446657886951987,0.0008365701006735485,0.0,-0.0006684476189442925,3.1977063046623235,0.0,-1.121212121212121,-1.0589799859887232,-0.9411848988145589,0.0,0.0,-1.1189844037680166,0.0,-1.0589799859887232,-0.9411848988145589,0.0,REIT—Mortgage,Real Estate,EFC
2011Q1,2011,Q1,2011-05-12,2011-03-31,11107170.0,14814425.0,0.0,0.66,0.0,0.0,2539385804.0,392832979.0,0.0,0.0,2146552825.0,0.0,0.0,380357270.0,1216545791.0,23.806039426957714,0.0,0.0,0.0,,23.806039426957714,0.028274535473764285,25.674791292945894,8.561075188369315,0.9682416964284457,1.9920071449343082,0.0,0.058170472198414924,0.005833861470228177,0.0,0.0043739592394760034,-4.05358332954555,0.0,-0.17653394966818797,2.5296174586473064,4.118994837835518,0.0,0.0,-0.1601835243488989,0.0,2.5296174586473064,4.118994837835518,0.0,REIT—Mortgage,Real Estate,EFC
2010Q4,2010,Q4,2011-03-16,2010-12-31,13225711.0,17728757.0,0.0,0.8014902371919959,0.0,0.0,2334322463.0,403671712.0,0.0,0.0,1930650751.0,0.0,0.0,366991136.0,1088606253.0,24.462876604409324,0.0,0.0,0.0,,24.462876604409324,0.03276353186720203,20.7003308805011,6.937077636128597,0.9091326567862154,1.0210924010058893,0.0,0.036798362890159836,0.007594819173875208,0.0,0.00566576006941334,-0.7864208521709606,0.0,-0.38346904831384937,1.6265857220814641,2.0040185758712274,0.21622213228187467,0.0,-0.17433426982828762,0.0,1.6265857220814641,2.0040185758712274,0.21622213228187467,REIT—Mortgage,Real Estate,EFC
2010Q3,2010,Q3,2010-09-30,2010-09-30,16018239.0,21633398.0,0.0,1.3,0.0,0.0,2532289904.0,308973375.0,0.0,0.0,2223316529.0,0.0,0.0,260688322.5,124892599.5,25.77856515322047,0.0,0.0,0.0,,25.77856515322047,0.05184342825656094,12.050271644796624,4.068617069891391,0.843724228665334,0.11579618708398595,0.0,0.007115205553559078,0.008543017908742569,0.0,0.006325594464795529,-6.863407969239603,0.0,4.743926901902565,7.375142542088149,3.9926801680951156,0.0,0.0,3.2931334475078597,0.0,7.375142542088149,3.9926801680951156,0.0,REIT—Mortgage,Real Estate,EFC
2010Q2,2010,Q2,2010-06-30,2010-06-30,3731130.0,6980140.0,0.0,0.226326,0.0,0.0,1964509993.0,294350454.0,0.0,0.0,1670159539.0,0.0,0.0,358563322.5,218988432.5,17.854928189148517,0.0,0.0,0.0,,17.854928189148517,0.012675808544871481,51.36907318477853,24.025115883123878,1.2181510768113168,0.8285471157531364,0.0,0.008621676579873838,0.0035531201291272843,0.0,0.0018992675085873181,17.727255164950787,0.0,-0.6428566919988891,-0.8332757602140345,-0.751474060861532,0.0,0.0,-0.5087682665087477,0.0,-0.8332757602140345,-0.751474060861532,0.0,REIT—Mortgage,Real Estate,EFC
2010Q1,2010,Q1,2010-03-31,2010-03-31,7595458.0,11242255.0,0.0,0.633712,0.0,0.0,1574801270.0,292888432.0,0.0,0.0,1281912838.0,0.0,0.0,260688322.5,134913836.5,24.436550647564967,0.0,0.0,0.0,,24.436550647564967,0.0259329395433412,23.188259161529427,8.58040168545465,0.8900601526659134,2.0347185120370623,0.0,0.05928389446750151,0.007138840445563014,0.0,0.00482312158663677,1.904689777674826,0.0,-0.41129437455408935,2.4400973632923777,4.25868036583814,0.0,0.0,-0.41129475488667583,0.0,2.4400973632923777,4.25868036583814,0.0,REIT—Mortgage,Real Estate,EFC
2009Q4,2009,Q4,2009-12-31,2009-12-31,12901971.0,18282802.0,0.0,1.0764497103624577,0.0,0.0,1530665452.0,299794013.0,0.0,0.0,1230871439.0,0.0,0.0,260688322.5,134754152.5,25.012703753732584,0.0,0.0,0.0,,25.012703753732584,0.04303611960389616,14.258663551680973,5.0513274774063595,0.8695581339044285,0.9575756293360138,0.0,0.04739227626891496,0.011944348764200108,0.0,0.008428994711510611,4.573789236386507,0.0,-0.5716068060740923,1.8415424015829538,2.4254916978224275,0.24355791779680744,0.0,-0.5716068326041469,0.0,1.8415424015829538,2.4254916978224275,0.24355791779680744,REIT—Mortgage,Real Estate,EFC
2009Q3,2009,Q3,2009-09-30,2009-09-30,30117126.0,41555143.0,0.0,2.512761,0.0,0.0,1905742883.0,297638049.0,0.0,0.0,1608104834.0,0.0,0.0,260688322.5,175339655.5,24.83282528219115,0.0,0.0,0.0,,24.83282528219115,0.10118708310710638,6.273310682627178,2.163954177599815,0.87585684483505,0.0,0.0,0.0,0.021805220090647455,0.0,0.015803352209081818,-1.297418302620444,0.0,-0.16379135059044353,14.746751138376016,8.590335200159334,0.0,0.0,-0.16379129559719371,0.0,14.746751138376016,8.590335200159334,0.0,REIT—Mortgage,Real Estate,EFC
2009Q2,2009,Q2,2009-06-30,2009-06-30,36016279.0,47350187.0,0.0,3.004945,0.0,0.0,922759150.0,284144533.0,0.0,0.0,638614617.0,0.0,0.0,260688322.5,188407301.5,23.707021217837635,0.0,0.001709803690377928,0.005552586155159283,,23.707021217837635,0.12675337659936606,5.50553945013987,1.8095173192377814,0.9174497209136873,0.0,0.0,0.0,0.05131370087199894,0.0,0.03903107219256509,-1.849220008111821,0.0,1.5106086645573271,1.2136119609348701,1.3188549045081202,0.0,0.0,1.5106085564551788,0.0,1.2136119609348701,1.3188549045081202,0.0,REIT—Mortgage,Real Estate,EFC
2009Q1,2009,Q1,2009-03-31,2009-03-31,14345637.0,17095802.0,0.0,1.196899,0.0,0.0,589366702.0,250163481.0,0.0,0.0,339203221.0,0.0,0.0,260688322.5,188875167.5,20.871881254865183,0.0,0.00026247326066276475,0.000618367634562936,,20.871881254865183,0.05734504869637627,15.248674645389553,4.54298966473221,1.042071854204811,0.0,0.0,0.0,0.029007071390334503,0.0,0.024340766031264522,3.7532646010260824,0.0,1.9357067489693334,3.7199299921676325,5.9553896718813455,0.0,0.0,1.9357067856699788,0.0,3.7199299921676325,5.9553896718813455,0.0,REIT—Mortgage,Real Estate,EFC
2008Q4,2008,Q4,2008-12-31,2008-12-31,-15331338.0,-12825611.0,0.0,-1.2791390051619975,0.0,0.0,699976080.0,241077644.0,0.0,0.0,458898436.0,0.0,0.0,260688322.5,176338060.5,20.113822923541196,0.0,0.0,0.0,,20.113822923541196,-0.06359502169350884,-20.325606514964473,-4.250906256518512,1.0813459024014687,0.0,0.0,0.0,-0.018322927549181394,0.0,-0.021902659873748828,212.73107897923677,0.0,-9.01601151298777,0.0,0.0,0.0,0.0,-9.015996084896264,0.0,0.0,0.0,0.0,REIT—Mortgage,Real Estate,EFC
2008Q3,2008,Q3,2008-09-30,2008-09-30,1912593.0,4333023.0,0.0,0.159573,0.0,0.0,,,,,,,,260688322.5,,,0.0,0.0,0.0,0.0,,0.0,60.16315226113501,34.07524790951342,0.0,0.0,0.0,0.0,0.0,0.0,0.0,-2.3276908588422893,0.0,-0.8824495298290589,0.0,0.0,0.0,0.0,-0.882449301850413,0.0,0.0,0.0,0.0,REIT—Mortgage,Real Estate,EFC
2008Q2,2008,Q2,2008-06-30,2008-06-30,16270367.0,20419642.0,0.0,1.357485,0.0,0.0,,,,,,,,260688322.5,,,0.0,0.0,0.0,0.0,,0.0,12.766547155919776,4.005569181383555,0.0,0.0,0.0,0.0,0.0,0.0,0.0,-2.914330751648289,0.0,4.0848566520016,0.0,0.0,0.0,0.0,4.084858426772858,0.0,0.0,0.0,0.0,REIT—Mortgage,Real Estate,EFC
2008Q1,2008,Q1,2008-03-31,2008-03-31,-5274267.0,-3449941.0,0.0,-0.440048,0.0,0.0,,,,,,,,260688322.5,,,0.0,0.0,0.0,0.0,,0.0,-75.56312484764233,-12.356613843212717,0.0,0.0,0.0,0.0,0.0,0.0,0.0,-4.378849984881625,0.0,0.0,0.0,0.0,0.0,0.0,0.0,0.0,0.0,0.0,0.0,REIT—Mortgage,Real Estate,EFC
