Quarters,Year,Quarter,FillingDate,Date,NetIncome,Revenue,OperatingIncome,EPSDiluted,GrossProfit,GrossProfitRatio,TotalAssets,CommonStockEquity,CurrentAssets,CurrentLiability,TotalLiability,Inventory,RetainedEarnings,MarketCap,EnterpriseValue,bookValuePerShare,currentRatio,debtToAssets,debtToEquity,roic,shareholdersEquityPerShare,roe,priceToSalesRatio,peRatio,pbRatio,payoutRatio,inventoryTurnover,dividendYield,assetTurnover,quickRatio,returnOnAssets,priceToFreeCashFlowsRatio,grossProfitMargin,epsdilutedGrowth,fiveYNetIncomeGrowthPerShare,fiveYRevenueGrowthPerShare,fiveYShareholdersEquityGrowthPerShare,grossProfitGrowth,netIncomeGrowth,operatingIncomeGrowth,threeYNetIncomeGrowthPerShare,threeYRevenueGrowthPerShare,threeYShareholdersEquityGrowthPerShare,Industry,Sector,Symbol
2023Q1,2023,Q1,2023-05-10,2023-03-31,-137018000.0,21594000.0,-37016000.0,-0.73,14534000.0,0.6730573307,561743000.0,240865000.0,491066000.0,59879000.0,320878000.0,20235000.0,-3338211000.0,132760237.5,183967237.5,1.2752614162806089,8.200971960119574,0.22815059555704298,0.532090590164615,-0.07441634489484912,1.2752614162806089,-0.5688580740248687,6.148015073631564,-0.24223138109591438,0.5511811076744234,0.0,0.3489004200642451,0.0,0.03844106646633781,7.679186359157635,-0.24391581203504092,-2.536109068159242,0.6730573307400204,-1.28125,-0.218391221571291,-0.5161817917661281,2.520223010086809,-0.07954401519949335,-1.2955702988875486,0.09471985130475188,0.07294160001910435,-0.5994406664809895,-0.8257076037940618,Biotechnology,Healthcare,NKTR
2022Q4,2022,Q4,2023-02-28,2022-12-31,-59688000.0,22023000.0,-40889000.0,-0.32,15790000.0,0.7169777051,710600000.0,366638000.0,545968000.0,68204000.0,343962000.0,19202000.0,-3201193000.0,425415619.99999994,468684619.99999994,1.9477467235453179,8.004926397278751,0.18504925415142134,0.35865349472776964,-0.06855222825101125,1.9477467235453179,-0.16279818240335153,19.316878717704217,-1.7818306024661574,1.1603151337286368,0.0,0.3246016039995834,0.0,0.030992119335772585,7.491613395108791,-0.08399662257247396,-7.307663317014514,0.7169777051264588,-0.03225806451612906,-0.4841511856630052,-0.805969718576347,2.511124610131039,-0.15348737468503726,-0.010821521109586953,-0.09121720797416669,0.507669423883754,-0.3914556763417395,-0.7558995109417685,Biotechnology,Healthcare,NKTR
2022Q3,2022,Q3,2022-11-04,2022-09-30,-59049000.0,23625000.0,-37471000.0,-0.31,18653000.0,0.7895449735,781006000.0,412223000.0,599483000.0,83989000.0,368783000.0,19057000.0,-3141505000.0,600451200.0,629346200.0,2.1968706199604564,7.1376370715212705,0.17240968699344178,0.3266508661573954,-0.05483684250547884,2.1968706199604564,-0.14324528228652939,25.41592380952381,-2.542173449169334,1.4566174133903251,0.0,0.26090150600829093,0.0,0.030249447507445525,6.64276274274012,-0.07560633337003814,-7.22842972022921,0.7895449735449735,0.6352941176470589,-1.8086147602933496,-0.8712271338055477,3.0827776257531303,0.13254401942926533,0.6287814016646969,0.19918360368446925,0.441366159201596,-0.244163022851952,-0.7411616489148639,Biotechnology,Healthcare,NKTR
2022Q2,2022,Q2,2022-08-05,2022-06-30,-159068000.0,21585000.0,-46791000.0,-0.85,16470000.0,0.7630298819,861987000.0,458732000.0,665536000.0,104985000.0,403255000.0,16969000.0,-3082456000.0,709840000.0,771757000.0,2.4557387580299785,6.339343715768919,0.16179130311710038,0.30401628837752764,-0.0634719086210322,2.4557387580299785,-0.3467558400111612,32.88580032429928,-1.1156235069278546,1.547395865123863,0.0,0.3014320231009488,0.0,0.025040980896463637,5.994399199885698,-0.18453642572335777,-9.367980679133728,0.7630298818624045,-0.7346938775510204,-1.2095624736652755,-0.4810159348725378,111.67097682736953,-0.15568770185061773,-0.7597380328122753,0.5934222531172612,-0.3523529642577783,-0.13491829730701524,-0.724724420834551,Biotechnology,Healthcare,NKTR
2022Q1,2022,Q1,2022-05-06,2022-03-31,-90393000.0,24822000.0,-115085000.0,-0.49,19507000.0,0.7858754331,1024116000.0,607889000.0,733455000.0,105281000.0,416227000.0,15379000.0,-2923388000.0,1001720720.0,1075962720.0,3.2708934182773017,6.966641654239607,0.13888563404926785,0.23398186182016784,-0.12914717330969394,3.2708934182773017,-0.1486998448729949,40.356164692611394,-2.770459880742978,1.647867817973347,0.0,0.34560114441771245,0.0,0.024237488721980713,6.622704951510719,-0.08826441535919759,-10.814565083614928,0.7858754330835549,0.379746835443038,-0.17026705274802534,-0.17001991090119167,10.232096985698002,0.0350737557041282,0.3793607744859075,0.16315207748578409,0.28647078719407637,-0.17721139336722522,-0.6518699544672344,Biotechnology,Healthcare,NKTR
2021Q4,2021,Q4,2022-03-01,2021-12-31,-145645000.0,25009000.0,-137522000.0,-0.79,18846000.0,0.7535687153,1117189000.0,679508000.0,795581000.0,85200000.0,437681000.0,15801000.0,-2832995000.0,2498863640.0,2616822640.0,3.6737311044311327,9.33780516431925,0.12815826149380274,0.21070686437834432,-0.14237874892491614,3.6737311044311327,-0.2143389040305633,99.9185749130313,-4.289305571766968,3.677460221218882,0.0,0.3900386051515727,0.0,0.02238564826542331,8.878485915492957,-0.13036737740883592,-15.872452202192665,0.7535687152625055,-0.1285714285714287,-1.781630094641809,-0.46182035505681546,5.214431426594648,-0.038959714431412544,-0.12288560282485005,-0.21062361350751788,-0.38921574787762475,-0.4117413659444318,-0.6293896556506198,Biotechnology,Healthcare,NKTR
2021Q3,2021,Q3,2021-11-05,2021-09-30,-129706000.0,24921000.0,-113596000.0,-0.7,19610000.0,0.7868865615344488,1277243000.0,801540000.0,986135000.0,139969000.0,475703000.0,15330000.0,-2687350000.0,3306615600.0,3399056600.0,4.353592960729999,7.045381477327123,0.11466729510359423,0.18272076253212566,-0.10388190473422897,4.353592960729999,-0.16182099458542307,132.68390514024316,-6.373289593388124,4.125328243131971,0.0,0.3464448793215916,0.0,0.01951155731524855,6.787745858011417,-0.10155154500748878,-31.77238450303636,0.7868865615344488,-0.01449275362318842,-1.2344785082041971,-0.4892958130825671,9.796242956955748,-0.05096065430963558,-0.033357499661405846,-0.03076992876911211,-0.265471378027886,-0.15797566049942632,-0.57999689566848,Biotechnology,Healthcare,NKTR
2021Q2,2021,Q2,2021-08-06,2021-06-30,-125519000.0,28330000.0,-110205000.0,-0.69,20663000.0,0.7293681609601129,1371351000.0,904975000.0,1056148000.0,131023000.0,466376000.0,14616000.0,-2557644000.0,3135097680.0,3131186680.0,4.953393031122399,8.060783221266496,0.10823924728242441,0.16402000055250146,-0.09195821592156815,4.953393031122399,-0.1386988590845051,110.66352559124603,-6.244269154470638,3.464292030166579,0.0,0.5245621237000547,0.0,0.020658460160819514,7.853094494859681,-0.091529447967734,-36.3776389501288,0.7293681609601129,-0.014705882352941025,-0.9273817525787236,-0.3547648936926051,18.207081088215308,0.15493823710245375,-0.020753535501394683,-0.0074319877139096095,-1.1212008943548923,-0.9755683985353389,-0.5437023206191232,Biotechnology,Healthcare,NKTR
2021Q1,2021,Q1,2021-05-07,2021-03-31,-122967000.0,23647000.0,-109392000.0,-0.68,17891000.0,0.7565864591702964,1456561000.0,994506000.0,1099051000.0,123633000.0,462055000.0,16808000.0,-2432125000.0,3627400000.0,3627560000.0,5.483299332855489,8.889624938325529,0.10320474048117449,0.1511544425071342,-0.08452578218128401,5.483299332855489,-0.12364631284275811,153.39789402461201,-7.374742817178593,3.6474390300309905,0.0,0.3424559733460257,0.0,0.016234816118240156,8.626111151553388,-0.08442282884135989,-45.364615249934346,0.7565864591702964,-0.04615384615384619,-3.721831029072879,-0.6993193859475815,2708.6133320234376,-0.06520716860860024,-0.0491796285078027,0.012003143035196576,-0.13869323210342177,-0.44826035965070854,14.13606248592424,Biotechnology,Healthcare,NKTR
2020Q4,2020,Q4,2021-02-26,2020-12-31,-117203000.0,23462000.0,-110721000.0,-0.65,19139000.0,0.8157446083027875,1538767000.0,1077295000.0,1138005000.0,115779000.0,461472000.0,15292000.0,-2309158000.0,3054628000.0,3005961000.0,5.9954976514325145,9.829114088047055,0.16516080732170627,0.23590938415197324,-0.07480598859880788,5.9954976514325145,-0.10879378443230499,130.1946978092234,-6.515677926332944,2.835461038991177,0.0,0.2826968349463772,0.0,0.015247272654014545,9.507639554668808,-0.07616682707648396,-30.42821851217277,0.8157446083027875,-0.06557377049180334,-0.6165070670928304,-0.5550280031305148,124.11929349853706,-0.21763479540530598,-0.07935645479159376,-0.0744395924308588,-2.052990341849444,-0.783452262292355,9.807842261754809,Biotechnology,Healthcare,NKTR
2020Q3,2020,Q3,2020-11-06,2020-09-30,-108586000.0,30033000.0,-103050000.0,-0.61,24463000.0,0.8145373422568508,1508666000.0,1170981000.0,1043856000.0,126500000.0,337685000.0,12892000.0,-2191955000.0,2971103100.0,3069630100.0,6.538505779217154,8.251826086956521,0.0,0.0,-0.07776802765435732,6.538505779217154,-0.0927307958028354,98.9279492558186,-6.8404377636159355,2.5372769498394936,0.0,0.4320508842693143,0.0,0.0199069906791828,7.896687747035573,-0.07197484400125674,-54.43076119813136,0.8145373422568508,-0.3555555555555555,-8.803357295640817,-0.6290044093457803,21.205939620601498,-0.43207039049078333,-0.357325,-0.32610122379647144,-2.557970947952892,-0.8284828058470743,11.15149625048281,Biotechnology,Healthcare,NKTR
2020Q2,2020,Q2,2020-08-07,2020-06-30,-80000000.0,48847000.0,-77709000.0,-0.45,43074000.0,0.8818146457305464,1594878000.0,1256240000.0,1151968000.0,123958000.0,338638000.0,12584000.0,-2083369000.0,4130053320.0,4228619320.0,7.044586630179389,9.293212217041257,0.0,0.0,-0.05509445668626744,7.044586630179389,-0.06368209896198179,84.55080803324667,-12.906416625,3.287630803031268,0.0,0.4587571519389701,0.0,0.030627421031577336,8.758143887445748,-0.050160576545666816,-47.69279905770408,0.8818146457305464,0.4230769230769231,-0.12153941709947012,0.5912539425433254,25.421565222846954,-0.07886745648175869,0.42301173449884966,0.4184807417440564,-0.16405424837063806,0.2302677369410733,322.21046136196946,Biotechnology,Healthcare,NKTR
2020Q1,2020,Q1,2020-05-08,2020-03-31,-138651000.0,50573000.0,-133631000.0,-0.78,46762000.0,0.924643584521385,1887933000.0,1296426000.0,1429324000.0,377471000.0,591507000.0,14320000.0,-2003369000.0,3162752250.0000005,3347771250.0000005,7.316793182267122,3.786579631282933,0.13461494661092316,0.196034328222359,-0.07832929694689722,7.316793182267122,-0.10694864188160373,62.53835544658218,-5.702721671679253,2.43959335125954,0.0,0.26613128491620114,0.0,0.026787497225801975,3.6768731902583243,-0.07344063587002293,-40.04751187084521,0.924643584521385,-0.21875000000000003,-4.0393609803903665,-0.6553972725123143,11.432916831116056,0.6776809098410649,-0.2222623812126448,-0.21883835896313322,-0.8827997118275019,0.7737016024181396,24.12552998159198,Biotechnology,Healthcare,NKTR
2019Q4,2019,Q4,2020-02-28,2019-12-31,-113438000.0,33862000.0,-109638000.0,-0.64,27873000.0,0.8231350776681826,1977356000.0,1405391000.0,1421550000.0,353893000.0,571965000.0,12665000.0,-1864718000.0,3801766050.0,4109342050.0,7.979282348265485,4.016892111457418,0.12577047329868773,0.17695644841898092,-0.06143645294303886,7.979282348265485,-0.08071632734235526,112.27234215344635,-8.37851083851972,2.705130493933717,0.0,0.4728780102645085,0.0,0.017124887981729137,3.847671471320427,-0.057368526456540954,-29.495291091904978,0.8231350776681826,-0.14285714285714277,-0.8234057462429168,0.27174720321240176,27.404505758850828,0.1474620229714709,-0.1480649340134402,-0.11037067044764026,-1.2751824610762343,-0.23476042756253762,12.497640839015991,Biotechnology,Healthcare,NKTR
2019Q3,2019,Q3,2019-11-07,2019-09-30,-98808000.0,29218000.0,-98740000.0,-0.56,24291000.0,0.8313710726264631,2088294000.0,1488711000.0,1578824000.0,125350000.0,599583000.0,13720000.0,-1751280000.0,3194947430.0,4776428430.0,8.487423176474612,12.595325089748703,0.11888029175968517,0.16675970017014718,-0.052375814788136375,8.487423176474612,-0.06637151199930678,109.34860120473681,-8.083726596024613,2.1461166270686522,0.0,0.35911078717201167,0.0,0.013991324976272498,12.260686078978859,-0.04731517688601317,-43.19597953058245,0.8313710726264631,0.11111111111111104,-2.0172926806247524,-0.8401511376912257,21.918810722462176,0.32759468765371375,0.10100173780127196,0.11020996665765523,-0.7866976293897884,-0.37151158764082776,18.14846496036447,Biotechnology,Healthcare,NKTR
2019Q2,2019,Q2,2019-08-09,2019-06-30,-109909000.0,23315000.0,-110970000.0,-0.63,18297000.0,0.7847737508042033,2099653000.0,1557155000.0,1596817000.0,113370000.0,542498000.0,13188000.0,-1652472000.0,6254090670.0,7846442670.0,8.921019312628546,14.085004851371615,0.1180295029702527,0.15914985984054253,-0.058149351974917406,8.921019312628546,-0.07058321104835422,268.2432198155694,-14.22561089173771,4.016357183453156,0.0,0.3804974218986958,0.0,0.01110421579184751,13.695669048249096,-0.05234626864534283,-95.38764081445893,0.7847737508042033,0.07352941176470594,-1.4510159928635857,-0.40486481667882857,33.05108296030347,-0.19686594680010536,0.07259180504927772,0.08051405702354023,-0.7664768771030224,-0.44419395992661365,31.989808750780934,Biotechnology,Healthcare,NKTR
2019Q1,2019,Q1,2019-05-09,2019-03-31,-118512000.0,28222000.0,-120687000.0,-0.68,22782000.0,0.8072425767132024,2166482000.0,1633511000.0,1490114000.0,99718000.0,532971000.0,11778000.0,-1542563000.0,5779073160.0,7201620160.0,9.395607935165852,14.943280049740267,0.11418788616752874,0.15144434289086514,-0.060525895046720256,9.395607935165852,-0.07255047563193637,204.7719211962299,-12.190902946537062,3.537823228616153,0.0,0.46187807777211753,0.0,0.01302664873283046,14.356074129043904,-0.054702508490723674,-66.77689888263637,0.8072425767132024,-0.19298245614035106,-0.8227701896510698,0.014331977699802179,119.33638404875062,-0.2960914568206396,-0.20669571946401663,-0.20332020539408743,-3.747363287659027,-0.6256434464853777,4640.482866690824,Biotechnology,Healthcare,NKTR
2018Q4,2018,Q4,2019-03-01,2018-12-31,-98212000.0,39826000.0,-100295000.0,-0.57,32365000.0,0.8126600713101994,2150172000.0,1717575000.0,1437687000.0,82002000.0,432597000.0,11381000.0,-1424051000.0,5695417770.0,6887907770.0,9.912651280364285,17.532340674617693,0.11485127701411794,0.14377829206875972,-0.05011516735619287,9.912651280364285,-0.057180618022502655,143.007526992417,-14.497764453427278,3.3159645255665686,0.0,0.6555662947016958,0.0,0.018522239151100472,16.811333869905614,-0.045676345892328614,-45.116865657453836,0.8126600713101994,-0.017857142857142672,-0.3826757014178644,-0.14204381116067683,13.818648156389346,0.4084598981678924,-0.021520027459097386,-0.016840034876411784,-0.404710923362284,-0.21671850808078227,205.86588453590835,Biotechnology,Healthcare,NKTR
2018Q3,2018,Q3,2018-11-08,2018-09-30,-96143000.0,27762000.0,-98634000.0,-0.56,22979000.0,0.8277141416324473,2249098000.0,1790122000.0,1505182000.0,108083000.0,458976000.0,13296000.0,-1325839000.0,9783341700.0,11005743700.0,10.365620910491147,13.92616785248374,0.10960571749207905,0.13770793275542115,-0.0479807116663683,10.365620910491147,-0.053707512672320656,352.4004646639291,-25.43955800214264,5.465181535113249,0.0,0.3597322503008424,0.0,0.012343615084802886,13.437330570024889,-0.04274735916354023,-133.59015894256765,0.8277141416324473,-1.1050656660412759,-2.897352191288755,-0.6943421639457841,24.88981669424479,-0.9787663036698562,-1.098967533403331,-1.1013085456039442,-8.00124730692841,-0.6443647425091285,34.20350976824703,Biotechnology,Healthcare,NKTR
2018Q2,2018,Q2,2018-08-09,2018-06-30,971460000.0,1087717000.0,973600000.0,5.33,1082195000.0,0.9949233118540944,2313087000.0,1860414000.0,1905947000.0,96897000.0,452673000.0,11884000.0,-1229696000.0,8368387740.0,8616023740.0,10.855617407135105,19.669824659174175,0.10638510354344649,0.1322705591336122,0.4603492207396798,10.855617407135105,0.5221740967333077,7.693534016660584,2.1535595238095238,4.4981319964266016,0.0,0.4646583641871424,0.0,0.4702447421994936,19.18658988410374,0.41998420292881333,8.745338045787582,0.9949233118540944,9.883333333333333,16.32150581782906,20.65686746725795,31.932981274261227,33.49556929746271,11.141347920494404,12.224478031796538,15.171359360096439,35.87054405145984,39.715292239878245,Biotechnology,Healthcare,NKTR
2018Q1,2018,Q1,2018-05-10,2018-03-31,-95792000.0,38018000.0,-86739000.0,-0.6,31372000.0,0.8251880688095112,496790000.0,58283000.0,336015000.0,80697000.0,438507000.0,10675000.0,-2201156000.0,17095533840.0,17568225840.0,0.36226722358966706,4.163909439012603,0.4944604359991143,4.214659506202494,-0.2861868393709556,0.36226722358966706,-1.6435667347253917,449.6694681466674,-44.61628799899783,293.3193871283222,0.0,0.622576112412178,0.0,0.07652730530002617,3.869611014040175,-0.1928219167052477,-319.8356221586126,0.8251880688095112,-1.8571428571428572,-0.24686582540874533,0.1845032530904036,16.94376766599272,-0.6339878431509806,-1.8319044521965353,-2.6090122326703837,-3.3126111527718285,-0.7146989581992402,-0.38442454920748886,Biotechnology,Healthcare,NKTR
2017Q4,2017,Q4,2018-03-01,2017-12-31,-33826000.0,95466000.0,-24034000.0,-0.21,85713000.0,0.8978379737288669,508866000.0,87828000.0,326820000.0,56163000.0,421038000.0,10726000.0,-2117941000.0,9455109280.0,9986924280.0,0.5547358581137415,5.819133593290957,0.48186949019977754,2.791900077424056,-0.07255698022837086,0.5547358581137415,-0.3851391355831853,99.04164079358097,-69.88048601667356,107.65483991437809,0.0,0.909285847473429,0.0,0.18760538137741567,5.3619998931681,-0.06647329552377247,-114.2004164552987,0.8978379737288669,-1.5675675675675675,0.5350479980035515,2.2843319732535585,0.35892469696036905,-0.4179241310932131,-1.5556997585056924,-1.3458876016406418,0.3951300849849628,2.988627630515989,0.9747387282088144,Biotechnology,Healthcare,NKTR
2017Q3,2017,Q3,2017-11-08,2017-09-30,60871000.0,152928000.0,69485000.0,0.37,147254000.0,0.9628975727139569,582055000.0,84162000.0,382795000.0,92544000.0,497893000.0,13654000.0,-2084115000.0,3753864000.0,4275268000.0,0.5380823599363216,4.136356760027662,0.4205289878104303,2.908331551056296,0.20896814315897594,0.5380823599363216,0.7232599035194031,24.546610169491526,15.417292306681343,44.60283738504313,0.0,0.41555588106049507,0.0,0.2627380574000739,3.8455329356846475,0.10457946413998677,40.74219911653299,0.9628975727139569,1.9487179487179487,2.0269791436990356,5.102326933563806,-0.3513853229547015,4.752109375,2.016702577207663,2.371703253316488,-0.29720041569938244,-0.061761344151679706,0.45299786567242895,Biotechnology,Healthcare,NKTR
2017Q2,2017,Q2,2017-08-09,2017-06-30,-59871000.0,34589000.0,-50656000.0,-0.39,25600000.0,0.7401196912313163,475859000.0,3386000.0,288165000.0,72613000.0,472473000.0,11008000.0,-2144986000.0,3037131600.0,3514716600.0,0.02179566404037283,3.9685042623221736,0.5134630216093423,72.16066154754873,-0.20176194598723454,0.02179566404037283,-17.681925575900767,87.80628523519037,-12.681981259708374,896.967395156527,0.0,0.8165879360465116,0.0,0.07268749776719574,3.713673860052608,-0.12581668099163829,-49.9709039455066,0.7401196912313163,0.07142857142857137,-0.28874140113448665,0.07779552542701391,-0.981109952174377,0.37656611281389474,0.06255284501925908,0.06945643588000808,-0.500133525482033,-0.007983881752639135,1.0783065938826064,Biotechnology,Healthcare,NKTR
2017Q1,2017,Q1,2017-05-10,2017-03-31,-63866000.0,24728000.0,-54437000.0,-0.42,18597000.0,0.7520624393400194,528486000.0,44749000.0,380985000.0,78515000.0,483737000.0,13016000.0,-2085115000.0,3606541020.0,4162004020.0,0.29120950633191467,4.852384894606126,0.4615070219457091,5.450401126282151,-0.18607346945270767,0.29120950633191467,-1.4272050772084293,145.8484721772889,-14.117609604484388,80.59489642226642,0.0,0.47103564843269824,0.0,0.04679026502121154,4.58623193020442,-0.12084709907168781,-93.30076367869616,0.7520624393400194,-0.4999999999999998,-0.15825681022049795,0.026819247056504708,-0.7947373268649152,-0.3971408195020747,-0.513448185975971,-0.6935353409656545,-0.11137007189406804,0.00554315164460648,4.667743505022299,Biotechnology,Healthcare,NKTR
2016Q4,2016,Q4,2017-03-01,2016-12-31,-42199000.0,37452000.0,-32144000.0,-0.28,30848000.0,0.8236676278970415,568871000.0,88125000.0,426252000.0,72222000.0,480746000.0,11109000.0,-2021010000.0,1829101170.0,2342387170.0,0.591161258729062,5.901968929135166,0.42797752038687153,2.7627120567375885,-0.09647488670960878,0.591161258729062,-0.47885390070921985,48.83854453700737,-10.836164186355127,20.755757957446807,0.0,0.5944729498604735,0.0,0.06583566397302727,5.604663398964305,-0.07418026230902965,-33.2189381061349,0.8236676278970415,0.12499999999999993,0.1353134783787909,0.823235899560774,-0.6577223201768446,0.05272497696481589,0.023713677586526004,0.023008419196984892,0.3094571192922099,-0.06220879873778495,1.764466333476992,Biotechnology,Healthcare,NKTR
2016Q3,2016,Q3,2016-11-04,2016-09-30,-43224000.0,36336000.0,-32901000.0,-0.32,29303000.0,0.8064453985028621,425095000.0,-67853000.0,282522000.0,76305000.0,492948000.0,10754000.0,-1978811000.0,2355274920.0,2725199920.0,-0.49493777991742893,3.7025358757617455,0.5716463378774156,-3.5813302285823765,-0.18371596187704803,-0.49493777991742893,0.6370241551589465,64.81932298546896,-13.622495141588006,-34.711433834907815,0.0,0.6539892133159755,0.0,0.08547736388336724,3.5090754210077977,-0.10168080076218257,-84.51539112961102,0.8064453985028621,0.11111111111111106,-0.4987937622547021,0.12030912749034499,-1.2453555124793338,0.16931364724660813,0.1106721807295846,0.14152641878669275,-1.2072208929563235,-0.4960461572281257,-0.14069122721984634,Biotechnology,Healthcare,NKTR
2016Q2,2016,Q2,2016-08-04,2016-06-30,-48603000.0,32768000.0,-38325000.0,-0.36,25060000.0,0.7647705078125,463099000.0,-39251000.0,318320000.0,79282000.0,502350000.0,10262000.0,-1935587000.0,1940260500.0,2346329500.0,-0.28786945361202787,4.015034938573699,0.5237908093085928,-6.1798935058979385,-0.18325038090375437,-0.28786945361202787,1.2382614455682657,59.21205139160156,-9.980147830380842,-49.43212911772949,0.0,0.7511206392516079,0.0,0.07075808844329182,3.8171463888398374,-0.10495164100980568,-127.99396398179299,0.7647705078125,-1.5714285714285712,-0.1184604501515543,0.5829182996771779,-1.1307771603263892,-0.4989202591378069,-1.4927172017642836,-3.041016448755799,0.03652703700238089,-0.17997029336938372,0.17971865771910167,Biotechnology,Healthcare,NKTR
2016Q1,2016,Q1,2016-05-04,2016-03-31,-19498000.0,58882000.0,-9484000.0,-0.14,50012000.0,0.8493597364219966,491879000.0,-275000.0,344845000.0,65945000.0,492154000.0,11250000.0,-1886984000.0,1867153750.0,2252510750.0,-0.0020251412075732917,5.229281977405414,0.4922552091063046,-880.4727272727273,-0.038269545075967686,-0.0020251412075732917,70.90181818181819,31.71009391664685,-23.940324007590526,-6789.65,0.0,0.7884444444444444,0.0,0.11970830224506433,4.973872166199105,-0.039639830120822395,-73.72186796699175,0.8493597364219966,0.65,0.5669501922669903,3.1706409448724484,-1.0007825623529376,0.6129781332645294,0.6398396660324732,0.6770194796349271,0.6993120533131914,1.1735268863683113,0.9108713711816531,Biotechnology,Healthcare,NKTR
2015Q4,2015,Q4,2016-02-29,2015-12-31,-54137000.0,39370000.0,-29364000.0,-0.4,31006000.0,0.7875539751079502,502061000.0,6429000.0,350051000.0,61246000.0,495632000.0,11346000.0,-1867486000.0,2260697100.0,2700616100.0,0.04791825052546845,5.715491623942788,0.4822421976612404,37.6598226784881,-0.11551572921575941,0.04791825052546845,-8.420749727795926,57.421821183642365,-10.439704361157805,351.64055062995806,0.0,0.7371760973030143,0.0,0.0784167660901763,5.369999673448062,-0.10782952669097978,-29.139453739269417,0.7875539751079502,-5.666666666666667,-0.942072405194485,-0.29623415845372747,-0.9425601496508312,-0.41709279590915926,-5.599658661465318,-71.08114558472553,0.12187580220631103,0.5983357687507477,-0.8826156753313001,Biotechnology,Healthcare,NKTR
2015Q3,2015,Q3,2015-11-06,2015-09-30,-8203000.0,59952000.0,419000.0,-0.06,53192000.0,0.8872431278356018,449246000.0,39053000.0,286351000.0,208098000.0,410193000.0,10352000.0,-1813349000.0,1453635760.0,1567034760.0,0.29444850751332646,1.3760391738507818,0.2782439910427694,3.2007784293140094,0.0024741640923111484,0.29444850751332646,-0.21004788364530252,24.246659994662398,-44.301955382177255,37.22212787749981,0.0,0.6530139103554868,0.0,0.1334502700079689,1.301237878307336,-0.0182594836681907,-80.00637129176069,0.8872431278356018,0.85,0.3310856900034212,0.12290722282722466,-0.7406109826516589,3.3862455677414034,0.8442182425888296,1.0096390531183141,0.8367902319802117,1.8212033237457188,-0.6450661872100247,Biotechnology,Healthcare,NKTR
2015Q2,2015,Q2,2015-08-06,2015-06-30,-52657000.0,22661000.0,-43469000.0,-0.4,12127000.0,0.5351484930056043,456667000.0,35099000.0,302246000.0,81077000.0,421568000.0,10124000.0,-1805146000.0,1646853930.0,1984763930.0,0.26662260811436994,3.727888303711287,0.27372242793983365,3.5613550243596683,-0.2585812038343384,0.26662260811436994,-1.5002421721416566,72.67348881337982,-7.818779696906393,46.92025214393572,0.0,1.0404978269458711,0.0,0.049622591516356555,3.1863537131368944,-0.11530721510422255,-32.43115261914139,0.5351484930056043,-2.6,-71.77728644249171,-0.619567922667365,-0.771020865412099,-0.8791613938240481,-2.5569781194559433,-2.0098970796645217,-0.3375944529185256,-0.1667093312378676,-0.7689212951097306,Biotechnology,Healthcare,NKTR
2015Q1,2015,Q1,2015-05-01,2015-03-31,33820000.0,108801000.0,43043000.0,0.25,100357000.0,0.9223904192057059,499212000.0,77305000.0,347293000.0,75444000.0,421907000.0,12511000.0,-1752489000.0,1444949000.0,1611850000.0,0.5885017395077612,4.6033216690525425,0.25039462192415246,1.6169717353340665,0.20166433163006164,0.5885017395077612,0.43748787271198497,13.280659185117784,10.681172383205203,18.69153353599379,0.0,0.6749260650627448,0.0,0.2179454820797577,4.025369810720535,0.0677467689077987,23.210913530271633,0.9223904192057059,1.7142857142857144,4.93253826260741,1.3333017033146422,-0.473986612713107,6.571827372868568,1.7403191559223343,2.148180751173709,1.717507924387877,4.285132120618495,-0.5851871674191572,Biotechnology,Healthcare,NKTR
2014Q4,2014,Q4,2015-02-26,2014-12-31,-45683000.0,19552000.0,-37488000.0,-0.35,13254000.0,0.6778846153846154,441621000.0,36332000.0,288200000.0,64047000.0,405289000.0,12952000.0,-1786309000.0,2004677000.0,2342771000.0,0.28091607775217653,4.4998204443611725,0.2830481340334812,3.4404932291093253,-0.21514265011220496,0.28091607775217653,-1.2573764174832105,102.53053396072013,-10.970585338090755,55.17662116040956,0.0,0.4862569487337863,0.0,0.044273256932980995,3.7695910815494873,-0.10344390325641217,-70.30747378388806,0.6778846153846154,-1.660377358490566,-3.3085050118830215,-0.6371448231240312,-0.7430573009269195,-0.8928112186719073,-1.6470221655690107,-1.466727256881762,-0.07892585749233555,0.09708301831389719,-0.8373518191554842,Biotechnology,Healthcare,NKTR
2014Q3,2014,Q3,2014-11-07,2014-09-30,70605000.0,132871000.0,80321000.0,0.53,123651000.0,0.930609388053074,476902000.0,47218000.0,324120000.0,80549000.0,429684000.0,11695000.0,-1740626000.0,1538973280.0,1836600280.0,0.3703256368427657,4.023886081763895,0.2621083576919367,2.6472955228938115,0.4507840302684923,0.3703256368427657,1.4952984031513405,11.582461786243801,5.449236173075561,32.59293659197764,0.0,0.7883710987601539,0.0,0.27861279675908257,3.509875976113918,0.14804928475871354,-32.812529956078635,0.930609388053074,3.0384615384615383,2.659239232745476,8.458549207577535,-0.6761343495098644,4.28310190130314,3.163342218953948,4.5050183278058995,3.6323705192886067,3.4047939704932606,-0.816418466929417,Biotechnology,Healthcare,NKTR
2014Q2,2014,Q2,2014-08-01,2014-06-30,-32637000.0,28513000.0,-22916000.0,-0.26,23405000.0,0.8208536457054677,478137000.0,-35360000.0,298223000.0,84355000.0,513497000.0,14111000.0,-1811231000.0,1628652800.0,1968690800.0,-0.2783375314861461,3.53533281963132,0.26143134708253074,-3.5350678733031673,-0.24098407794035678,-0.2783375314861461,0.9229920814479639,57.119657699996495,-12.475509391181788,-46.05918552036199,0.0,0.36198710226064773,0.0,0.05963353599491359,3.3131764566415742,-0.06825867899786045,-166.98993130318877,0.8208536457054677,0.29729729729729726,0.258537986573818,0.5994281172351305,-1.1972603605279692,0.9727747808496291,0.29358671890218824,0.37047414977199056,0.19391202305511837,0.47831211556598324,-1.1264468720917957,Biotechnology,Healthcare,NKTR
2014Q1,2014,Q1,2014-05-08,2014-03-31,-46201000.0,19771000.0,-36402000.0,-0.37,11864000.0,0.6000708107834707,487013000.0,-9809000.0,304770000.0,79313000.0,496822000.0,12872000.0,-1778594000.0,1497341160.0,1841526160.0,-0.07939745675594732,3.8426235295600972,0.2566666598222224,-12.743398919359771,-0.29902499639062285,-0.07939745675594732,4.710062187786726,75.73421475899045,-8.102320079651955,-152.64972576205525,0.0,0.6142790553138595,0.0,0.04059645225076127,3.605033222800802,-0.09486605080357198,-22.4105899961086,0.6000708107834707,0.09756097560975606,-0.08774569016440552,0.5246262269070484,-1.0461188587543053,-0.4652483548183539,0.03059233303258566,-0.014152783194962947,-0.12786832406614992,0.5392463260499671,-1.030681050952809,Biotechnology,Healthcare,NKTR
2013Q4,2013,Q4,2014-02-27,2013-12-31,-47659000.0,31146000.0,-35894000.0,-0.41,22186000.0,0.7123226096448982,434527000.0,-89903000.0,257882000.0,98221000.0,524430000.0,13452000.0,-1732393000.0,1319539650.0,1603431650.0,-0.773299271454253,2.6255281457122206,0.28766912067604544,-1.3903874175500262,-0.8614734233130915,-0.773299271454253,0.5301157914641336,42.36626372567906,-6.92177579261,-14.677370610546921,0.0,0.6660719595599167,0.0,0.0716779394606089,2.4358843831767136,-0.1096801809783972,25.91295805349358,0.7123226096448982,-1.9285714285714282,-1.4939417881548287,-0.12583477528790737,-1.376234817031783,-0.538099600266489,-1.8809163996856677,-4.500996168582375,-0.9730225379238807,-0.35748845279163216,-1.9269577653684438,Biotechnology,Healthcare,NKTR
2013Q3,2013,Q3,2013-11-07,2013-09-30,-16543000.0,60909000.0,-6525000.0,-0.14,48032000.0,0.788586251621271,383035000.0,-50250000.0,207942000.0,80913000.0,433285000.0,15076000.0,-1684734000.0,1209656340.0,1387384340.0,-0.4338928608434359,2.5699454970153126,0.3263409349015103,-2.487562189054726,-0.07882353637045042,-0.4338928608434359,0.3292139303482587,19.860059104565828,-18.28048630840839,-24.072762985074625,0.0,0.8541390289201379,0.0,0.15901680003132873,2.3248056554570957,-0.04318926468860548,-59.594853680165535,0.788586251621271,0.6216216216216216,0.6435466997876707,1.2673201237001281,-1.369159618376303,0.6648296419534852,0.6130111350238607,0.7998773194295353,-0.5449112207207449,0.30651124304133864,-1.382229965297228,Biotechnology,Healthcare,NKTR
2013Q2,2013,Q2,2013-08-09,2013-06-30,-42748000.0,33862000.0,-32605000.0,-0.37,28851000.0,0.8520170102179434,412809000.0,-40549000.0,234423000.0,90277000.0,453358000.0,20479000.0,-1668191000.0,1381906240.0,1625927240.0,-0.35093990168247596,2.596707910098918,0.30280347569941546,-3.0826900786702507,-0.34723283254065307,-0.35093990168247596,1.054230683863967,40.80994152737582,-8.081701132216713,-34.079909245604085,0.0,0.24468968211338443,0.0,0.08202825035306885,2.3032001506474518,-0.1035539438335889,-39.692840442338074,0.8520170102179434,0.22916666666666666,-0.024280958778678228,0.3273508201683436,-1.2256549844152844,1.5435070087278497,0.22365290667054102,0.2818914633071976,-66.3140807236504,-0.3523191806438447,-1.3013919770267426,Biotechnology,Healthcare,NKTR
2013Q1,2013,Q1,2013-05-09,2013-03-31,-55063000.0,23004000.0,-45404000.0,-0.48,11343000.0,0.4930881585811163,447901000.0,-2620000.0,267036000.0,83221000.0,450521000.0,18381000.0,-1625443000.0,1244184110.0,1548317110.0,-0.022721556860262424,3.2087574049819154,0.2790795287351446,-47.70992366412214,-0.3423271235529137,-0.022721556860262424,21.01641221374046,54.08555512084855,-5.648911746544867,-474.8794312977099,0.0,0.634405092214787,0.0,0.05135956383218613,2.8819889210655965,-0.12293564872594613,-32.377862180237855,0.4930881585811163,-0.04347826086956513,-0.08315782140040229,-0.07864553343733838,-1.011936124721397,-0.18136547344110854,-0.040377130332917656,-0.04663331873400797,-6.293833594185264,-0.43799782309221924,-1.0203089341732365,Biotechnology,Healthcare,NKTR
2012Q4,2012,Q4,2013-03-01,2012-12-31,-52926000.0,21146000.0,-43381000.0,-0.46,13856000.0,0.6552539487373499,497790000.0,47018000.0,314631000.0,78537000.0,450772000.0,18269000.0,-1570380000.0,853476390.0,1204796390.0,0.4082167756275015,4.006149967531227,0.25110990578356335,2.6585562975881576,-0.23610057605090062,0.4082167756275015,-1.1256540048492067,40.36112692707841,-4.0314608604466615,18.152120251818452,0.0,0.3990366194099294,0.0,0.042479760541593845,3.6033843920699797,-0.10632194298800698,-16.34542545245619,0.6552539487373499,-0.21052631578947373,-2.086664360486345,-0.7422788214298293,-0.8242360070057816,0.23891273247496422,-0.21537648976967413,-0.31857142857142856,-4.605062563854605,-0.5593337713271652,-0.6266204448818605,Biotechnology,Healthcare,NKTR
2012Q3,2012,Q3,2012-11-09,2012-09-30,-43547000.0,18412000.0,-32900000.0,-0.38,11184000.0,0.6074299369976103,541452000.0,95332000.0,346945000.0,69470000.0,446120000.0,16754000.0,-1517454000.0,1227292200.0,1650893200.0,0.8295870861071226,4.994170145386498,0.23086072264946847,1.3112071497503461,-0.14208012876834564,0.8295870861071226,-0.4567931020014266,66.65719096241581,-7.045790754816634,12.873874459782655,0.0,0.4314193625402889,0.0,0.03400486100337611,4.652195192169282,-0.08042633511373122,-41.26322832263053,0.6074299369976103,-0.2666666666666667,-0.8729312119876772,-0.7381974505736404,-0.5532832053254403,-0.32140040046113705,-0.27014729473530696,-0.21906032310656587,-0.13547840789504384,0.45426106981948206,-0.27449051712729683,Biotechnology,Healthcare,NKTR
2012Q2,2012,Q2,2012-08-09,2012-06-30,-34285000.0,23684000.0,-26988000.0,-0.3,16481000.0,0.6958706299611552,668443000.0,132284000.0,468291000.0,276861000.0,536159000.0,14715000.0,-1473907000.0,925217430.0,1017192430.0,1.1538173032473027,1.6914299955573375,0.3215756616495348,1.6249508632941247,-0.07508443255917886,1.1538173032473027,-0.2591772247588522,39.06508317851714,-6.746517646200963,6.994174881315956,0.0,0.48950050968399594,0.0,0.03543159252172586,1.6045416291929886,-0.051290835568627395,-41.588413269204835,0.6958706299611552,0.16666666666666666,0.002058929097705657,-0.7122939781368074,-0.43859951395317265,0.7832720190434971,0.16575419130350147,0.2885162923125593,0.13691604597100104,0.47213310395462776,-0.1822790983065794,Biotechnology,Healthcare,NKTR
2012Q1,2012,Q1,2012-05-04,2012-03-31,-41097000.0,17949000.0,-37932000.0,-0.36,9242000.0,0.5149033372332721,694789000.0,162487000.0,420654000.0,270753000.0,532302000.0,14108000.0,-1439622000.0,907085520.0,987445520.0,1.418716330076573,1.5536448349602774,0.3093816971771286,1.3229058324665974,-0.0972238323689443,1.418716330076573,-0.2529248493725652,50.5368276784222,-5.5179545952259295,5.582511339368688,0.0,0.61716756450241,0.0,0.025833742330405345,1.451182443038489,-0.059150331971289126,-25.10337964244202,0.5149033372332721,-0.09964421922923047,-0.27824220280894063,-0.831414878741832,-0.3839833102233711,-0.10549748354626404,-0.09606614215228697,-0.1004990135778113,-0.043713272577556764,0.4930353766535649,-0.17592350293604586,Biotechnology,Healthcare,NKTR
2011Q4,2011,Q4,2012-02-29,2011-12-31,-37495000.0,15782000.0,-34468000.0,-0.32737861365045273,10332000.0,0.6546698770751489,606550000.0,197811000.0,276706000.0,275532000.0,408739000.0,12656000.0,-1398525000.0,640800945.0,855025945.0,1.7271393771118737,1.0042608481047572,0.35438958041381585,1.0866685876922921,-0.08223022274104799,1.7271393771118737,-0.18954962059743896,40.60327873526803,-4.272575976796906,3.2394606215023427,0.0,0.4306257901390645,0.0,0.02601928942379029,0.8932029673504348,-0.061816832907427254,-14.6831250859264,0.6546698770751489,-0.5589457792878703,0.22944064514763857,-0.8197232731393758,-0.30435213338153216,-0.5310031774852474,-0.5578776799069304,-0.6153341456556378,-1.3944643252387965,-0.5503684101536738,-0.15969147841811326,Biotechnology,Healthcare,NKTR
2011Q3,2011,Q3,2011-11-04,2011-09-30,-24068000.0,27068000.0,-21338000.0,-0.21,22030000.0,0.8138761637357765,648093000.0,230797000.0,297620000.0,279042000.0,417296000.0,10654000.0,-1361030000.0,554903050.0,742100050.0,2.017227063358185,1.0665777911568868,0.3316730777835897,0.9313595930623015,-0.04646374103411889,2.017227063358185,-0.10428211805179444,20.500334343135805,-5.763909028585674,2.4042905670351,0.0,0.47287403792003,0.0,0.04176561079968461,1.001286544677862,-0.037136645512295306,-23.79617693726146,0.8138761637357765,0.34375000000000006,0.03407263311884068,-0.6367792750241801,-0.2785181018888295,1.396910020672397,0.3384458920865287,0.377247256595844,0.4750637536626044,0.01991911080143223,0.7162733939435916,Biotechnology,Healthcare,NKTR
2011Q2,2011,Q2,2011-08-05,2011-06-30,-36381000.0,17331000.0,-34264000.0,-0.32,9191000.0,0.5303213894178063,670854000.0,251276000.0,389095000.0,61274000.0,419578000.0,9797000.0,-1336962000.0,829892310.0,1384501310.0,2.2012211680814344,6.350083232692496,0.320419942342149,0.8554537639886022,-0.07119068473327796,2.2012211680814344,-0.1447850172718445,47.8848485373031,-5.702786550672054,3.302712196946784,0.0,0.8308665918138206,0.0,0.025834235168904113,6.0607435453862974,-0.05423087586866889,-21.915398489489807,0.5303213894178063,0.030303030303030328,0.5450211078830934,-0.773873310515506,-0.25566541966817424,0.1437282229965157,-0.00962979408336571,-0.011722325567661736,0.11765587226368869,-0.3123668455405829,0.41538914781890557,Biotechnology,Healthcare,NKTR
2011Q1,2011,Q1,2011-04-29,2011-03-31,-36034000.0,11299000.0,-33867000.0,-0.33,8036000.0,0.711213381715196,704478000.0,281238000.0,539373000.0,58880000.0,423240000.0,11712000.0,-1300581000.0,1029171190.0000001,1717798190.0,2.5878336722581596,9.160546875,0.3051266327692277,0.7643170553054708,-0.06633623393130762,2.5878336722581596,-0.12812635561339505,91.08515709354812,-7.140278556363436,3.659431477965282,0.0,0.2786031420765027,0.0,0.016038825910816235,8.845142663043479,-0.05114992945131005,-55.22786101422056,0.711213381715196,-0.5882821080602303,0.11908317924647255,-0.6807377543686693,-0.24993091028458014,-0.7709040111754141,-0.595837023914969,-0.648911826281708,0.24790983522282312,-0.5198367034180824,0.3594449385783708,Biotechnology,Healthcare,NKTR
2010Q4,2010,Q4,2011-03-01,2010-12-31,-22580000.0,45314000.0,-20539000.0,-0.20777165361576047,35077000.0,0.7740874784834709,521225000.0,90662000.0,353979000.0,64108000.0,430563000.0,7266000.0,-1264547000.0,1396499450.0,1891876450.0,0.8342335544779484,5.521604167966556,0.4124034725886134,2.3709492400344137,-0.06441407661705843,0.8342335544779484,-0.24905693675409762,30.818278015624312,-15.461685673162089,15.403360283249873,0.0,1.4088907239196256,0.0,0.08693750299774569,5.319679291196106,-0.04332102259101156,125.6975202520252,0.7740874784834709,-1.3085739290640053,0.8293008798174861,0.12766084119479582,-0.7730031943064768,0.10722853535353535,-1.5921248995522903,-2.299437751004016,-1.491344332616427,-0.4146846099147903,-0.6408079496502549,Biotechnology,Healthcare,NKTR
2010Q3,2010,Q3,2010-11-04,2010-09-30,-8711000.0,37925000.0,-6225000.0,-0.09,31680000.0,0.8353328938694793,502476000.0,106947000.0,326434000.0,84832000.0,395529000.0,11460000.0,-1241967000.0,1391526010.0,1883971010.0,1.1351618141870017,3.8480054696341,0.4277915761150781,2.0099208018925263,-0.018951181443323372,1.1351618141870017,-0.0814515601185634,36.691523005932765,-39.93588594880037,13.01136086098722,0.0,0.5449389179755671,0.0,0.07547624165134255,3.6407841380611092,-0.01733615137837429,-39.16922845240106,0.8353328938694793,-15.37495164410058,0.6649421599289393,-0.04520339414999914,-0.774517781652054,-0.15910176779741997,-15.849129593810446,-4.334226031065881,0.5430196901796092,-0.34224465958360595,-0.3887370529715605,Biotechnology,Healthcare,NKTR
2010Q2,2010,Q2,2010-07-29,2010-06-30,-517000.0,42563000.0,1867000.0,-0.005496199436559826,37674000.0,0.8851349763879426,530638000.0,109529000.0,363806000.0,107466000.0,421109000.0,9777000.0,-1233256000.0,1138186500.0,1644873500.0,1.1643969595492478,3.385312563973722,0.40508783765957207,1.9625396013841083,0.0058009833699882735,1.1643969595492478,-0.00472021108564855,26.74121889904377,-550.3803191489361,10.391645135078381,0.0,0.5000511404316252,0.0,0.08021099129726857,3.2351255280739957,-0.0009742988628782711,-45.939074103971585,0.8851349763879426,0.9214828651920025,0.9826324018993369,0.347787146105606,-0.7649782176185832,0.30175183995024357,0.9156606851549756,1.5559857057772484,0.9816585571401695,-0.3698145933271269,-0.4334518842778294,Biotechnology,Healthcare,NKTR
2010Q1,2010,Q1,2010-05-06,2010-03-31,-6130000.0,33237000.0,-3358000.0,-0.07,28941000.0,0.8707464572614857,548509000.0,104754000.0,385471000.0,125645000.0,443755000.0,8703000.0,-1232739000.0,1424127510.0,1959896510.0,1.1187961252149394,3.067937442795177,0.3918896499419335,2.0519980143956316,-0.010458608191419246,1.1187961252149394,-0.05851805181663707,42.847655023016515,-58.08024102773246,13.594970215934477,0.0,0.49362288865908305,0.0,0.060595177107394774,2.942154482868399,-0.01117575099041219,-37.343389710509754,0.8707464572614857,0.14614773319437194,0.7880445921798931,0.05529325737929054,-0.7865566492315329,-0.004848359810191871,0.20140698280354352,0.3888989990900819,0.766779405931494,-0.618139978145913,-0.5142107897266345,Biotechnology,Healthcare,NKTR
2009Q4,2009,Q4,2010-03-03,2009-12-31,-7676000.0,39009000.0,-5495000.0,-0.08198139505078446,29082000.0,0.7455202645543336,575518000.0,102367000.0,413666000.0,153016000.0,473151000.0,6471000.0,-1226609000.0,872640920.0,1384612920.0,1.0933024318868751,2.703416636168767,0.37349830934914285,2.0998466302617054,-0.016844163606462965,1.0933024318868751,-0.07498510262096184,22.370245840703426,-28.421082595101616,8.524631179970108,0.0,1.5340751043115437,0.0,0.06778067758089235,2.6207194018926123,-0.01333754982467968,7.256708107074251,0.7455202645543336,0.751571530149138,0.6396222100694421,0.12515005388738978,-0.8018336413156245,5.417034421888791,0.7521232279523363,0.809591461935618,0.8070383090213759,-0.45493809034559163,-0.559645553572702,Biotechnology,Healthcare,NKTR
2009Q3,2009,Q3,2009-11-05,2009-09-30,-30967000.0,10223000.0,-28859000.0,-0.33,4532000.0,0.44331409566663404,452651000.0,106100000.0,298213000.0,49357000.0,346551000.0,8930000.0,-1218933000.0,903764860.0,1328843860.0,1.1434545043054671,6.041959600461941,0.47488020572140566,2.025966069745523,-0.08442713076155378,1.1434545043054671,-0.29186616399623,88.40505331116111,-7.296193205670553,8.518047690857683,0.0,0.6372900335946249,0.0,0.02258472863199242,5.713637376663898,-0.06841252974145644,-40.82045438121048,0.44331409566663404,0.05714285714285704,-0.36831302389152293,-0.676365203399798,-0.8003038893874155,0.6438157417482772,0.03436340391031838,0.053182414698162726,-0.5324364770140865,-0.8308501204339094,-0.591031797483083,Biotechnology,Healthcare,NKTR
2009Q2,2009,Q2,2009-08-05,2009-06-30,-32069000.0,12988000.0,-30480000.0,-0.35,2757000.0,0.21227286726208808,472998000.0,130598000.0,318203000.0,45316000.0,342400000.0,10110000.0,-1187966000.0,599762880.0,879036880.0,1.4110160335364537,7.021868655662459,0.45445223869868373,1.6459287278518813,-0.08293545414630225,1.4110160335364537,-0.24555506209896016,46.17823221435171,-4.675565811219558,4.592435412487174,0.0,1.0119683481701285,0.0,0.027458889889597844,6.681437020037073,-0.06779944101243557,-18.993060991829754,0.21227286726208808,-0.029411764705882214,-0.3053421907248411,-0.5892540622263194,-0.7631071800637215,-0.40221162185602777,-0.008237180494859622,-0.006006997161528814,0.5053650651576451,-0.7909966561700682,-0.522870285642747,Biotechnology,Healthcare,NKTR
2009Q1,2009,Q1,2009-05-08,2009-03-31,-31807000.0,9711000.0,-30298000.0,-0.34,4612000.0,0.47492534239522194,505939000.0,159274000.0,350595000.0,46637000.0,346665000.0,13392000.0,-1155897000.0,498661240.0,794315240.0,1.721583293700549,7.517529000578939,0.4248634716833452,1.3495925260871202,-0.07653592018272214,1.721583293700549,-0.19969988824290216,51.35014313664916,-3.9194299996856037,3.1308389316523724,0.0,0.3807497013142174,0.0,0.019194013507557235,7.099406050989558,-0.06286726265419348,-10.498573413617416,0.47492534239522194,-1.4096720585553908,0.46591530843313594,-0.7474949041309478,-0.7906257610257615,-0.7459932808283307,-1.414250735849548,-2.115701870673148,0.08658964383964389,-0.6776762527354527,-0.5010087287223358,Biotechnology,Healthcare,NKTR
2008Q4,2008,Q4,2009-03-06,2008-12-31,76782000.0,28353000.0,27156000.0,0.8299321198495395,18157000.0,0.6403907875709801,560536000.0,190154000.0,406220000.0,68374000.0,370382000.0,9319000.0,-1124090000.0,514388959.99999994,797169960.0,2.055363396601669,5.941147219703396,0.38348116802489046,1.1304258653512416,0.06441579097010404,2.055363396601669,0.4037885082617247,18.142311571967692,1.674835768799979,2.7051177466684893,0.0,1.09410880995815,0.0,0.05058194299741676,5.706189487231989,0.13697960523498937,-14.906368378347048,0.6403907875709801,3.0748302996238484,13.684268791381133,-0.25681060355642576,-0.22213625532805625,0.12846488502175263,3.0730601004373885,1.7857411533231098,1.6818479816862697,-0.17116914363530722,-0.44073104820155984,Biotechnology,Healthcare,NKTR
2008Q3,2008,Q3,2008-11-07,2008-09-30,-37038000.0,21439000.0,-34561000.0,-0.4,16090000.0,0.7505014226409814,568352000.0,108632000.0,410287000.0,48522000.0,459720000.0,9861000.0,-1200872000.0,331805750.0,584493750.0,1.175352988909927,8.455690202382424,0.5566990175102753,2.912594815523971,-0.07812150945340847,1.175352988909927,-0.3409492598865896,15.476736321656794,-2.239630582104865,3.054401557552102,0.0,0.5424399148159416,0.0,0.0377213417037329,7.275689378014096,-0.06516736107201171,-14.20705416399058,0.7505014226409814,-0.11111111111111122,-0.3004696646227823,-0.5265559410421886,-0.586187467106173,0.1945063103192279,-0.10975280898876405,-0.03606331314827028,-0.4521807384246342,-0.44981192231250994,-0.7665344306255525,Biotechnology,Healthcare,NKTR
2008Q2,2008,Q2,2008-08-08,2008-06-30,-33375000.0,20401000.0,-33358000.0,-0.36,13470000.0,0.6602617518749081,609493000.0,143701000.0,410128000.0,58760000.0,465792000.0,10166000.0,-1163834000.0,309540000.0,594544000.0,1.5552056277056276,6.979714091218516,0.5198304164280804,2.2048072038468765,-0.06936983139189924,1.5552056277056276,-0.23225308105023626,15.172785647762364,-2.3186516853932586,2.1540559912596295,0.0,0.6817824119614401,0.0,0.033472082534171846,6.568652144315861,-0.054758627252486904,-8.47567153144766,0.6602617518749081,0.18181818181818185,-0.543478331240046,-0.5566534657620502,-0.5039104884325928,0.8129205921938089,0.1800761577201818,0.20365728472868772,-0.14137033448121433,-0.3423472756082213,-0.6860974295789307,Biotechnology,Healthcare,NKTR
2008Q1,2008,Q1,2008-05-09,2008-03-31,-40705000.0,19992000.0,-41889000.0,-0.44,7430000.0,0.3716486594637855,643836000.0,175759000.0,443523000.0,57645000.0,468077000.0,11027000.0,-1130459000.0,640770200.0,921353200.0,1.9035957976822269,7.6940411137132445,0.49276368516205993,1.805079682974983,-0.08186937372511947,1.9035957976822269,-0.23159553707064787,32.05133053221289,-3.9354514187446266,3.645731939758419,0.0,1.139203772558266,0.0,0.031051385756621253,7.401682713158123,-0.06322262190992738,-9.12089448137446,0.3716486594637855,-2.0405245498552875,-0.22875810572456348,-0.5283941116611851,-0.43501305176859906,-0.821929298981426,-2.042568450170325,-2.1205960247184397,-0.42727813388151553,-0.35629865654650417,-0.636832970360879,Biotechnology,Healthcare,NKTR
2007Q4,2007,Q4,2008-02-29,2007-12-31,39043000.0,65773000.0,37381000.0,0.4228636412866891,41725000.0,0.6343788484636553,725103000.0,214439000.0,523283000.0,98092000.0,510664000.0,12187000.0,-1089754000.0,619534300.0,860576300.0,2.322527889093469,5.3346144435835745,0.43764127303293465,1.4798380891535587,0.06617593877337692,2.322527889093469,0.1820704256222049,9.419279947698904,3.9669998463232843,2.8890934018532075,0.0,1.9732501846229589,0.0,0.09070849244865901,5.137931737552502,0.05384476412316595,6.545044740484063,0.6343788484636553,3.114318206433445,1.7566338842498939,0.7502611949424051,-0.3754661064879529,0.4455723392461197,3.096831364124597,2.909922338033926,2.858844490197865,0.9238451169917936,-0.5790305762603627,Biotechnology,Healthcare,NKTR
2007Q3,2007,Q3,2007-11-09,2007-09-30,-18620000.0,56321000.0,-19572000.0,-0.2,28864000.0,0.5124909003746382,738285000.0,170903000.0,514771000.0,156679000.0,567382000.0,17175000.0,-1128797000.0,826411440.0,1034459440.0,1.8570761072717,3.285513693602844,0.5184461285276011,2.239638859469992,-0.0339997672200691,1.8570761072717,-0.10895069132782924,14.673238046199463,-11.095749731471537,4.835558416177598,0.0,1.5986608442503638,0.0,0.0762862580168905,3.12389662941428,-0.025220612636041636,18.33251491825462,0.5124909003746382,0.33333333333333326,0.5779921153503648,0.45806315158071925,-0.5659139825233094,0.09221629394180195,0.3231552162849873,0.30070030012862653,0.1704501030651723,0.797726899779505,-0.675675005575345,Biotechnology,Healthcare,NKTR
2007Q2,2007,Q2,2007-08-09,2007-06-30,-27510000.0,65917000.0,-27988000.0,-0.3,26427000.0,0.4009132697179787,703465000.0,188680000.0,483366000.0,121327000.0,514785000.0,17228000.0,-1110176000.0,871219960.0,1170801960.0,2.0552481373360636,3.983993669999258,0.5436489377580974,2.0269132923468307,-0.04783617206147478,2.0552481373360636,-0.14580241679033284,13.216923707086185,-7.917302435478009,4.617447318210727,0.0,2.292198746227072,0.0,0.09370331146538918,3.763531612913861,-0.039106423205134584,104.67619368016341,0.4009132697179787,-0.07142857142857129,0.33327821269926,0.7817683391629119,-0.5671445419375521,-0.07254158770267424,-0.07155377244576014,-0.07774654395625553,-0.12894431563281736,1.1017032886404141,-0.6549482675245976,Biotechnology,Healthcare,NKTR
2007Q1,2007,Q1,2007-05-10,2007-03-31,-25673000.0,85016000.0,-25969000.0,-0.28,28494000.0,0.3351604403876917,713740000.0,210623000.0,491577000.0,111476000.0,503117000.0,16770000.0,-1082666000.0,1194389240.0,1493636240.0,2.3030485271283925,4.409711507409667,0.5357511138509822,1.8155044795677584,-0.04281124261525562,2.3030485271283925,-0.12189077166311371,14.04899360120448,-11.630791493008218,5.670744600542201,0.0,3.370423375074538,0.0,0.11911340263961667,4.154024184577846,-0.03596968083615883,-34.56687523514601,0.3351604403876917,0.3409568910050186,0.3821933696520755,0.9165912970135881,-0.5532191672391427,-0.009317849940894235,0.3392613563247973,0.35339375529107114,0.5639079354101515,1.2362533425501172,-0.7199095539247714,Biotechnology,Healthcare,NKTR
