Quarters,Year,Quarter,FillingDate,Date,NetIncome,Revenue,OperatingIncome,EPSDiluted,GrossProfit,GrossProfitRatio,TotalAssets,CommonStockEquity,CurrentAssets,CurrentLiability,TotalLiability,Inventory,RetainedEarnings,MarketCap,EnterpriseValue,bookValuePerShare,currentRatio,debtToAssets,debtToEquity,roic,shareholdersEquityPerShare,roe,priceToSalesRatio,peRatio,pbRatio,payoutRatio,inventoryTurnover,dividendYield,assetTurnover,quickRatio,returnOnAssets,priceToFreeCashFlowsRatio,grossProfitMargin,epsdilutedGrowth,fiveYNetIncomeGrowthPerShare,fiveYRevenueGrowthPerShare,fiveYShareholdersEquityGrowthPerShare,grossProfitGrowth,netIncomeGrowth,operatingIncomeGrowth,threeYNetIncomeGrowthPerShare,threeYRevenueGrowthPerShare,threeYShareholdersEquityGrowthPerShare,Industry,Sector,Symbol
2023Q1,2023,Q1,2023-05-10,2023-03-31,-239000000.0,3661000000.0,509000000.0,-0.21,1582000000.0,0.4321223709,43456000000.0,7860000000.0,11501000000.0,10411000000.0,34845000000.0,4118000000.0,-13086000000.0,9867750000.0,28760750000.0,7.04932735426009,1.1046969551435981,0.4840758468335788,2.6763358778625954,0.016125149751238636,7.04932735426009,-0.030407124681933843,2.6953701174542473,-10.321914225941422,1.25543893129771,0.0,0.5048567265662943,0.0,0.08424613402061856,0.5357794640284315,-0.005499815905743741,-34.745598591549296,0.4321223709369025,0.8141592920353983,-1.1946372517616912,-0.3407253684168588,-0.6149956544072547,-0.1067193675889328,0.8094098883572568,-0.3149394347240915,-4.395424709170078,-0.17632200541163076,-0.4305731432853242,Drug Manufacturers—Specialty & Generic,Healthcare,TEVA
2022Q4,2022,Q4,2023-02-10,2022-12-31,-1254000000.0,3884000000.0,743000000.0,-1.13,1771000000.0,0.4559732235,44006000000.0,7897000000.0,12051000000.0,11469000000.0,35315000000.0,3833000000.0,-12882000000.0,10132320000.0,28892320000.0,7.108010801080108,1.0507454878367775,0.48995591510248604,2.730277320501456,0.028416814842151177,7.108010801080108,-0.15879447891604406,2.608733264675592,-2.02,1.283059389641636,0.0,0.5512653274197756,0.0,0.08826069172385584,0.5664835643909669,-0.02849611416625006,12.192924187725632,0.4559732234809475,-23.599999999999998,0.9021980923490662,-0.34871208315189467,-0.5835677755228716,0.06111443978430198,-23.392857142857142,0.1056547619047619,-16.406930693069302,-0.043693146869797195,-0.44446408568712586,Drug Manufacturers—Specialty & Generic,Healthcare,TEVA
2022Q3,2022,Q3,2022-11-03,2022-09-30,56000000.0,3595000000.0,672000000.0,0.05,1669000000.0,0.464255911,44252000000.0,8767000000.0,11453000000.0,11534000000.0,34734000000.0,3859000000.0,-11660000000.0,8965770000.0,28360770000.0,7.891089108910891,0.992977284550026,0.4885654885654886,2.466065929052127,0.007769538189843397,7.891089108910891,0.006387589825481921,2.4939554937413075,40.02575892857143,1.02267252195734,0.0,0.49909302928219745,0.0,0.08123926602187471,0.5162996358591989,0.0012654795263490916,21.296365795724466,0.4642559109874826,1.2173913043478262,-0.9138455021972786,-0.4133988265136674,-0.7200921619838033,-0.06967670011148272,1.2153846153846153,-0.03170028818443804,1.1816577697373698,-0.1713134728106957,-0.3751218776700005,Drug Manufacturers—Specialty & Generic,Healthcare,TEVA
2022Q2,2022,Q2,2022-07-27,2022-06-30,-260000000.0,3786000000.0,694000000.0,-0.23,1794000000.0,0.4738510301,45932000000.0,9037000000.0,12164000000.0,10996000000.0,36104000000.0,4049000000.0,-11716000000.0,8347200000.0,28742200000.0,8.141441441441442,1.1062204437977445,0.4888313158582252,2.4845634613256613,0.004882198428735164,8.141441441441442,-0.02877060971561359,2.204754358161648,-8.026153846153846,0.9236693593006527,0.0,0.491973326747345,0.0,0.082426195245145,0.5937613677700982,-0.005660541670295219,-2086.8,0.47385103011093505,0.7386363636363636,0.960003993247781,-0.3899411546615205,-0.7042278364668876,0.03103448275862069,0.7327852004110997,0.00872093023255814,0.6188021106053894,-0.14120235060977518,-0.3704536146399905,Drug Manufacturers—Specialty & Generic,Healthcare,TEVA
2022Q1,2022,Q1,2022-05-03,2022-03-31,-973000000.0,3661000000.0,688000000.0,-0.88,1740000000.0,0.4752799781,47059000000.0,9344000000.0,12451000000.0,11613000000.0,36799000000.0,4012000000.0,-11484000000.0,10394730000.0,31529730000.0,8.440831074977416,1.0721605097735296,0.49533564249134066,2.49464897260274,0.02086171500522132,8.440831074977416,-0.10413099315068493,2.8393143949740507,-2.670793936279548,1.112449700342466,0.0,0.4788135593220339,0.0,0.0777959582651565,0.5535176095754758,-0.02067617246435326,-50.45985436893204,0.47527997814804696,-5.285714285714286,-2.384519933054628,-0.4031881727935101,-0.7479386188114788,-0.15121951219512195,-5.443708609271523,-0.10533159947984395,-8.124360132490214,-0.16070345026306296,-0.3754747575532594,Drug Manufacturers—Specialty & Generic,Healthcare,TEVA
2021Q4,2021,Q4,2022-02-09,2021-12-31,-151000000.0,4100000000.0,769000000.0,-0.14,2050000000.0,0.5,47666000000.0,10278000000.0,12573000000.0,11027000000.0,36422000000.0,3818000000.0,-10529000000.0,8835030000.0,30129030000.0,9.318223028105168,1.140201324022853,0.49215373641589394,2.2824479470714145,0.019428370651396448,9.318223028105168,-0.01469157423623273,2.1548853658536586,-14.62753311258278,0.8596059544658494,0.0,0.536930330015715,0.0,0.0860151890236227,0.607055409449533,-0.0031678764737968364,29.158514851485148,0.5,-1.5384615384615385,0.8568971618458413,-0.4188397855174567,-0.7162913167493552,0.14333519241494702,-1.5171232876712328,0.23434991974317818,0.9565445672125729,-0.15938445409108778,-0.34676766560301703,Drug Manufacturers—Specialty & Generic,Healthcare,TEVA
2021Q3,2021,Q3,2021-10-27,2021-09-30,292000000.0,3886000000.0,623000000.0,0.26,1793000000.0,0.4613998971,47851000000.0,10467000000.0,12154000000.0,11825000000.0,36400000000.0,4167000000.0,-10370000000.0,10743220000.0,32870220000.0,9.489573889392565,1.0278224101479916,0.5051514074940963,2.3093532053119326,0.014232613393250696,9.489573889392565,0.027897200726091524,2.764595985589295,9.197962328767124,1.0263896054265789,0.0,0.5022798176145908,0.0,0.08121042402457629,0.5150951374207188,0.006102275814507534,28.050182767624023,0.4613998970663922,0.368421052631579,-0.3709389220924399,-0.3799868285291907,-0.7355377939105775,-0.04271222637479979,0.4106280193236715,-0.20434227330779056,2.441164350022544,-0.20809562711303226,-0.4551389611166593,Drug Manufacturers—Specialty & Generic,Healthcare,TEVA
2021Q2,2021,Q2,2021-07-28,2021-06-30,207000000.0,3910000000.0,783000000.0,0.19,1873000000.0,0.479028133,49195000000.0,10324000000.0,12822000000.0,12691000000.0,37884000000.0,4362000000.0,-10662000000.0,10919700000.0,34059700000.0,9.359927470534904,1.010322275628398,0.5198902327472305,2.477334366524603,0.014689182158365519,9.359927470534904,0.02005036807438977,2.7927621483375957,13.18804347826087,1.057700503680744,0.0,0.46698762035763414,0.0,0.07947962191279602,0.5455834843589945,0.004207744689500965,103.99714285714286,0.4790281329923274,1.714285714285714,-0.3246835759310685,-0.35688405471094214,-0.7162529450060066,-0.0026624068157614484,1.6883116883116882,0.038461538461538464,2.0979773032794573,-0.2323579231131357,-0.4688144628718624,Drug Manufacturers—Specialty & Generic,Healthcare,TEVA
2021Q1,2021,Q1,2021-04-28,2021-03-31,77000000.0,3982000000.0,754000000.0,0.07,1878000000.0,0.4716223004,49004000000.0,10000000000.0,12401000000.0,12089000000.0,38029000000.0,4406000000.0,-10869000000.0,12682460000.0,36365460000.0,9.099181073703367,1.0258085863181405,0.5188556036241939,2.5426,0.011970923442471105,9.099181073703367,0.0077,3.184947262682069,41.17681818181818,1.268246,0.0,0.4775306400363141,0.0,0.08125867276140723,0.522375713458516,0.001571300302016162,-22.85127927927928,0.47162230035158215,-0.5,-0.8994211432920722,-0.3122521135259988,-0.7270395163367448,-0.08255984367366878,-0.4866666666666667,0.04576976421636616,-0.9363796633303003,-0.2724797828412619,-0.5030413430021844,Drug Manufacturers—Specialty & Generic,Healthcare,TEVA
2020Q4,2020,Q4,2021-02-10,2020-12-31,150000000.0,4452000000.0,721000000.0,0.14,2047000000.0,0.4597933513,50640000000.0,10026000000.0,13005000000.0,13164000000.0,39579000000.0,4403000000.0,-10946000000.0,10605350000.0,34826350000.0,9.122838944494996,0.9879216043755698,0.5212875197472354,2.632954318771195,0.022532537955591212,9.122838944494996,0.014961101137043686,2.3821540880503145,17.675583333333336,1.057784759624975,0.0,0.5462184873949579,0.0,0.08791469194312797,0.5133697964144637,0.002962085308056872,68.4216129032258,0.45979335130278526,1.034313725490196,-0.7636032757051865,-0.281268717776064,-0.7346105503734535,0.10529157667386609,1.0335195530726258,0.027065527065527065,1.0118265321018443,-0.24531568857831926,-0.4655264009129898,Drug Manufacturers—Specialty & Generic,Healthcare,TEVA
2020Q3,2020,Q3,2020-11-05,2020-09-30,-4475000000.0,3978000000.0,702000000.0,-4.08,1852000000.0,0.4655605832,49737000000.0,9593000000.0,12160000000.0,12103000000.0,39145000000.0,4516000000.0,-11096000000.0,9874960000.0,34140960000.0,8.752737226277372,1.0047095761381475,0.5246194985624384,2.720004169707078,0.01948445573420316,8.752737226277372,-0.46648597935994995,2.4823931623931625,-0.5516737430167598,1.0293922651933702,0.0,0.470770593445527,0.0,0.0799806984739731,0.5132611749153102,-0.08997325934415024,60.213170731707315,0.46556058320764204,-85.64730290456431,-34.734542201119694,-0.35957758671572193,-0.6724315326284338,0.05048213272830403,-32.964285714285715,0.015918958031837915,-7.978891921732197,-0.3420205706702057,-0.6895283122624224,Drug Manufacturers—Specialty & Generic,Healthcare,TEVA
2020Q2,2020,Q2,2020-08-05,2020-06-30,140000000.0,3870000000.0,691000000.0,0.0482,1763000000.0,0.4555555556,54991000000.0,13852000000.0,12781000000.0,11751000000.0,40167000000.0,4361000000.0,-6747000000.0,13513680000.0,37790680000.0,12.638686131386862,1.0876521147136413,0.4851521158007674,1.9260034652035807,-0.017538113059364663,12.638686131386862,0.010106843777071902,3.491906976744186,24.131571428571426,0.975576090095293,0.0,0.48314606741573035,0.0,0.07037515229764871,0.5911837290443367,0.0025458711425505993,95.16676056338028,0.45555555555555555,1.0337552742616034,-0.7987960944165323,-0.39632750881174467,-0.5342371505535444,-0.1454192922927775,1.0289855072463767,-0.2609625668449198,1.0218114101954479,-0.36844015651196044,-0.5408464744009274,Drug Manufacturers—Specialty & Generic,Healthcare,TEVA
2020Q1,2020,Q1,2020-05-07,2020-03-31,69000000.0,4357000000.0,935000000.0,0.0237,2063000000.0,0.4734909341,55330000000.0,13531000000.0,12884000000.0,12322000000.0,40742000000.0,4290000000.0,-6887000000.0,9815140000.0,34525140000.0,12.379688929551692,1.045609478980685,0.47919754202060366,1.9595004064740227,-0.018209083119108824,12.379688929551692,0.00509940137462124,2.2527289419325225,35.56210144927537,0.7253817160594191,0.0,0.5347319347319347,0.0,0.07874570757274535,0.5675215062489856,0.001247063076088921,55.452768361581924,0.47349093412898785,-0.6757865937072504,-0.879545333327863,-0.31908447721954575,-0.5345858243926273,0.05308831036242981,-0.1375,0.3262411347517731,-0.9005595863741782,-0.2806293561969518,-0.6303158465618989,Drug Manufacturers—Specialty & Generic,Healthcare,TEVA
2019Q4,2019,Q4,2020-02-21,2019-12-31,80000000.0,3992000000.0,705000000.0,0.0731,1959000000.0,0.4907314629,57470000000.0,13972000000.0,13464000000.0,13674000000.0,42407000000.0,4422000000.0,-6956000000.0,10701600000.0,36068600000.0,12.794871794871796,0.9846423870118473,0.47576126674786845,1.9569138276553106,-0.03463924515925761,12.794871794871796,0.005725737188663041,2.680761523046092,33.4425,0.7659318637274549,0.0,0.4597467209407508,0.0,0.06946232817121976,0.5595290332016967,0.001392030624673743,47.98923766816144,0.4907314629258517,1.2610714285714286,-0.9089314373157168,-0.3959077558148765,-0.531299253085381,0.07107709130672499,1.2640264026402641,0.01002865329512894,1.0765797882172754,-0.42844842567578245,-0.6104390055555426,Drug Manufacturers—Specialty & Generic,Healthcare,TEVA
2019Q3,2019,Q3,2019-11-07,2019-09-30,-303000000.0,4264000000.0,698000000.0,-0.28,1829000000.0,0.4289399625,57246000000.0,13790000000.0,12542000000.0,14107000000.0,42322000000.0,4636000000.0,-7066000000.0,7512960000.0,33607960000.0,12.628205128205128,0.8890621677181542,0.47751807986584216,1.9823060188542423,0.017444473038245308,12.628205128205128,-0.021972443799854968,1.7619512195121951,-6.198811881188118,0.5448121827411168,0.0,0.525237273511648,0.0,0.07448555357579568,0.460409725668108,-0.005292946232051148,48.16,0.42893996247654786,0.540983606557377,-1.2708207888002407,-0.339942382647009,-0.5431339489436219,-0.034318901795142555,0.5484351713859911,0.029498525073746312,-1.659333991251467,-0.31282367342047374,-0.6480681823987925,Drug Manufacturers—Specialty & Generic,Healthcare,TEVA
2019Q2,2019,Q2,2019-08-07,2019-06-30,-671000000.0,4337000000.0,678000000.0,-0.61,1894000000.0,0.4367074014,59424000000.0,14122000000.0,13805000000.0,14452000000.0,44174000000.0,4850000000.0,-6752000000.0,10177440000.0,37164440000.0,12.932234432234432,0.9552311098809854,0.4905761981690899,2.0642968418071095,0.012247624175528335,12.932234432234432,-0.04751451635745645,2.3466543693797557,-3.791892697466468,0.7206797903979606,0.0,0.5037113402061856,0.0,0.07298397953688746,0.5137697204539164,-0.011291733979536887,-30.021946902654868,0.4367074014295596,-6.151230949589682,-1.6999030381383322,-0.3292738975593287,-0.5319344207194674,0.021024258760107817,-5.390476190476191,0.057722308892355696,-3.2111202445848113,-0.2794654399457893,-0.6079581336297755,Drug Manufacturers—Specialty & Generic,Healthcare,TEVA
2019Q1,2019,Q1,2019-05-02,2019-03-31,-105000000.0,4295000000.0,641000000.0,-0.0853,1855000000.0,0.4318975553,59854000000.0,14732000000.0,13431000000.0,14028000000.0,44033000000.0,4782000000.0,-6063000000.0,17134800000.0,44209800000.0,13.51559633027523,0.9574422583404619,0.48531426471079625,1.9717621504208525,0.016054623369572245,13.51559633027523,-0.007127341840890578,3.989476135040745,-40.79714285714286,1.1631007330980179,0.0,0.5102467586783772,0.0,0.07175794433120593,0.5047761619617908,-0.0017542687205533464,-1318.0615384615385,0.4318975552968568,0.9729206349206349,-1.1100547499260136,-0.33027156036682576,-0.4997928819291181,-0.005894962486602358,0.9676724137931034,0.08828522920203735,-1.1382854422710749,-0.25206755803086073,-0.594554314127114,Drug Manufacturers—Specialty & Generic,Healthcare,TEVA
2018Q4,2018,Q4,2019-02-19,2018-12-31,-3248000000.0,4559000000.0,589000000.0,-3.15,1866000000.0,0.4093002852,60683000000.0,14707000000.0,13794000000.0,14322000000.0,44889000000.0,4731000000.0,-5958000000.0,15898020000.0,43032020000.0,14.264791464597478,0.9631336405529954,0.47650907173343443,1.9661385734684165,0.012947937355810296,14.264791464597478,-0.22084721561161352,3.4871726255757842,-1.2236776477832514,1.080983205276399,0.0,0.5692242654829845,0.0,0.07512812484550863,0.5309314341572406,-0.05352405121698004,103.2338961038961,0.40930028515025224,-16.5,-8.021940885190668,-0.31024555537097664,-0.46455668643855247,-0.07669470559129143,-16.36898395721925,-0.08540372670807453,-6.456387972841902,-0.21545111182516344,-0.5850277332681172,Drug Manufacturers—Specialty & Generic,Healthcare,TEVA
2018Q3,2018,Q3,2018-11-01,2018-09-30,-187000000.0,4529000000.0,644000000.0,-0.18,2021000000.0,0.446235372,65061000000.0,17730000000.0,13881000000.0,14830000000.0,45927000000.0,4866000000.0,-3072000000.0,21846280000.0,49460280000.0,17.416502946954814,0.9360080917060013,0.4532515639169395,1.6632261703327693,0.011973774780522722,17.416502946954814,-0.010547095318668922,4.823643188341797,-29.20625668449198,1.2321646926113932,0.0,0.5154130702836005,0.0,0.06961159527212923,0.5084288604180714,-0.002874225726625782,77.46907801418439,0.44623537204680946,-0.058823529411764594,-1.2183136731519015,-0.2569011790537667,-0.3402839792820146,-0.019408054342552158,-0.07471264367816093,-0.13440860215053763,-2.517700803021344,-0.21500508980584593,-0.3481927961713995,Drug Manufacturers—Specialty & Generic,Healthcare,TEVA
2018Q2,2018,Q2,2018-08-02,2018-06-30,-174000000.0,4701000000.0,744000000.0,-0.17,2061000000.0,0.438417358,67030000000.0,17938000000.0,14711000000.0,14215000000.0,47662000000.0,4971000000.0,-2864000000.0,24757760000.0,53133760000.0,17.62082514734774,1.0348927189588464,0.45109652394450245,1.6856394246850261,0.010748811624286455,17.62082514734774,-0.009700078046604972,5.266487981280578,-35.57149425287356,1.3801850819489352,0.0,0.5310802655401328,0.0,0.07013277636879009,0.5572986282096377,-0.00259585260331195,952.2215384615384,0.4384173580089343,-1.1650485436893203,0.6796601569107066,-0.20378176574701673,-0.3046674157518832,-0.12223168654173765,-1.1553571428571427,-0.33213644524236985,-1.2692281056019479,-0.21051579028157671,-0.35063457982037366,Drug Manufacturers—Specialty & Generic,Healthcare,TEVA
2018Q1,2018,Q1,2018-05-03,2018-03-31,1120000000.0,5065000000.0,1114000000.0,1.03,2348000000.0,0.4635735439,69181000000.0,18621000000.0,14687000000.0,14756000000.0,49079000000.0,5113000000.0,-2688000000.0,17380530000.0,46714530000.0,18.309734513274336,0.9953239360260233,0.4445151125308972,1.651468771816766,0.02173527163000421,18.309734513274336,0.060147145695719884,3.431496544916091,3.879582589285714,0.9333832769453843,0.019642857142857142,0.5313905730490905,0.0012657841849471794,0.07321374365794077,0.5222960151802657,0.016189416169179398,13.038657164291072,0.46357354392892397,1.0892547660311958,0.49459193706981336,-0.13115979581555517,-0.3107852862177707,-0.07631785995279308,1.0954247252279117,0.4374193548387097,1.1013179535343114,-0.14928452359664907,-0.3116458707016938,Drug Manufacturers—Specialty & Generic,Healthcare,TEVA
2017Q4,2017,Q4,2017-12-31,2017-12-31,-11737000000.0,5459000000.0,775000000.0,-11.54,2542000000.0,0.46565305,70615000000.0,17359000000.0,15382000000.0,17921000000.0,51870000000.0,4924000000.0,-3803000000.0,19434870000.0,50946870000.0,17.068829891838742,0.8583226382456336,0.4598881257523189,1.8707874877585113,0.013819616742363568,17.068829891838742,-0.6761334178236074,3.560152042498626,-0.41396587714066624,1.1195846534938647,-0.012950498423788022,0.5924045491470349,0.00782099391454638,0.07730652127734901,0.4514815021483176,-0.16621114494087658,21.31016447368421,0.4656530500091592,-23.19230769230769,-31.835591814159294,-0.1256573101998357,-0.35901925696055315,-0.03821415058645478,-20.726050420168068,-0.1262683201803833,-15.34621335405816,-0.1129920606652845,-0.37473595300346213,Drug Manufacturers—Specialty & Generic,Healthcare,TEVA
2017Q3,2017,Q3,2017-09-30,2017-09-30,595000000.0,5610000000.0,887000000.0,0.52,2643000000.0,0.4711229947,86082000000.0,28671000000.0,16226000000.0,16943000000.0,55787000000.0,5060000000.0,7873000000.0,17899200000.0,51921200000.0,28.19174041297935,0.9576816384347518,0.4031272507609024,1.2103519235464406,0.0720996018371687,28.19174041297935,0.02075267692093056,3.1905882352941175,7.520672268907564,0.6242963272993618,0.31596638655462184,0.5863636363636363,0.010503262715652096,0.06517041890290654,0.4783096263943812,0.006912014126065845,19.778121546961327,0.4711229946524064,1.0887372013651877,7.689631527195569,-0.03588117054324283,0.06822283155485544,-0.06309819213045019,1.0998992612491605,-0.19363636363636363,-0.4289711884268801,-0.06754217449269884,0.019927138031453677,Drug Manufacturers—Specialty & Generic,Healthcare,TEVA
2017Q2,2017,Q2,2017-06-30,2017-06-30,-5956000000.0,5686000000.0,1100000000.0,-5.86,2821000000.0,0.4961308477,86355000000.0,27994000000.0,14595000000.0,15457000000.0,56747000000.0,5132000000.0,7430000000.0,33784740000.0,68237740000.0,27.52605703048181,0.9442323866209484,0.40590585374326904,1.2521254554547403,0.017383368070175615,27.52605703048181,-0.21275987711652497,5.941741118536757,-1.418096877098724,1.2068564692434092,-0.06883814640698456,0.5582618862042089,0.012135656512378074,0.06584447918476058,0.512324513165556,-0.0689711076370795,61.650985401459856,0.49613084769609567,-11.280701754385968,-6.910729646986172,-0.02488571339688255,0.05380843363147353,0.000709471443774388,-10.234108527131783,0.22905027932960895,-7.670704967425425,-0.05579928139371034,-0.0037297965178206415,Drug Manufacturers—Specialty & Generic,Healthcare,TEVA
2017Q1,2017,Q1,2017-03-31,2017-03-31,645000000.0,5630000000.0,895000000.0,0.57,2819000000.0,0.5007104796,91276000000.0,34023000000.0,14835000000.0,15903000000.0,55531000000.0,4999000000.0,13809000000.0,32603440000.000004,66339440000.0,33.48720472440945,0.9328428598377665,0.3794644813532583,1.0180172236428298,0.01201230584448862,33.48720472440945,0.018957763865620314,5.791019538188277,12.636992248062016,0.9582764600417365,0.6372093023255814,0.5623124624924986,0.012606031756158244,0.06168105526096674,0.5133622586933283,0.0070664796879793155,121.65462686567166,0.5007104795737123,1.5937499999999998,-0.34963746528191547,-0.044222275038042776,0.27841482614551716,-0.16843657817109145,1.6642636457260556,-0.3029595015576324,-0.27470948691897384,-0.05816080878312524,0.2393488054925778,Drug Manufacturers—Specialty & Generic,Healthcare,TEVA
2016Q4,2016,Q4,2016-12-31,2016-12-31,-971000000.0,6492000000.0,1284000000.0,-0.96,3390000000.0,0.522181146,92890000000.0,33337000000.0,16961000000.0,18519000000.0,57897000000.0,4954000000.0,13607000000.0,36793750000.0,71605750000.0,32.844334975369456,0.9158701873751283,0.38540208849176444,1.0738818729939708,0.01973002007968892,32.844334975369456,-0.02912679605243423,5.667552372150339,-9.47315911431514,1.1036910939796623,-0.42224510813594235,0.6261606782398063,0.01114319687446917,0.06988911615889762,0.45958205086667747,-0.010453224243729142,33.693910256410255,0.522181146025878,-3.7428571428571433,-2.6637395587920327,-0.008362928170466275,0.3022308978745267,0.21028204212781149,-3.3567961165048543,0.6784313725490196,-3.132323049001815,-0.0023090112402361857,0.2328451905223988,Drug Manufacturers—Specialty & Generic,Healthcare,TEVA
2016Q3,2016,Q3,2016-09-30,2016-09-30,412000000.0,5563000000.0,765000000.0,0.35,2801000000.0,0.5035053029,98747000000.0,35129000000.0,17386000000.0,19286000000.0,61719000000.0,5349000000.0,14991000000.0,45043790000.0,80341790000.0,35.88253319713994,0.9014829409934667,0.3732265284008628,1.049133194796322,0.00705034723163413,35.88253319713994,0.01172820177061687,8.097032176882976,27.33239684466019,1.2822394602749863,0.0,0.5163581977939802,0.0,0.056335888685225884,0.4992222337446853,0.004172278651503337,30.83079397672827,0.5035053028941219,0.7499999999999998,-0.5920264417394097,0.16158104729710662,0.39367928439226124,-0.026416405978449773,0.6220472440944882,1.1191135734072022,-0.49984843456611344,-0.05088596037644455,0.3591868635280282,Drug Manufacturers—Specialty & Generic,Healthcare,TEVA
2016Q2,2016,Q2,2016-06-30,2016-06-30,254000000.0,5038000000.0,361000000.0,0.2,2877000000.0,0.5710599444,57920000000.0,30150000000.0,18344000000.0,14411000000.0,25897000000.0,3921000000.0,14990000000.0,45910220000.0,49844220000.0,32.98687089715536,1.2729165221011727,0.1885013812154696,0.36212271973466004,0.0077945229558293565,32.98687089715536,0.008424543946932006,9.112786820166733,45.18722440944881,1.5227270315091208,0.0,0.5511349145626115,0.0,0.08698204419889503,0.8575393796405524,0.004385359116022099,47.67416407061267,0.5710599444223898,-0.6774193548387096,1.3849164820528155,0.167316056448077,0.24231745156270143,0.03081332855607309,-0.60062893081761,-0.6901287553648069,1.5208312200211573,-0.049610535278464624,0.3016896765830771,Drug Manufacturers—Specialty & Generic,Healthcare,TEVA
2016Q1,2016,Q1,2016-03-31,2016-03-31,636000000.0,4810000000.0,1165000000.0,0.62,2791000000.0,0.5802494802,55126000000.0,30435000000.0,16994000000.0,12905000000.0,24535000000.0,3963000000.0,15110000000.0,48854630000.0,53090630000.0,33.33515881708653,1.3168539325842696,0.1850306570402351,0.3351404632824051,0.021130385578764108,33.33515881708653,0.020896993592902906,10.156887733887734,19.20386399371069,1.6052120913422046,0.5770440251572327,0.5094625283875852,0.007512082273471317,0.08725465297681674,0.8641611778380472,0.011537205674273483,40.57693521594685,0.5802494802494802,0.12727272727272718,-0.17890364468266096,0.15826138779717802,0.2959579360692851,-0.01966982788900597,0.272,0.2513426423200859,-0.05460804255984979,-0.08091493052024844,0.25480147876239245,Drug Manufacturers—Specialty & Generic,Healthcare,TEVA
2015Q4,2015,Q4,2015-12-31,2015-12-31,500000000.0,4881000000.0,931000000.0,0.55,2847000000.0,0.5832821143,54258000000.0,29769000000.0,18398000000.0,13005000000.0,24331000000.0,3966000000.0,14851000000.0,56844240000.0,59866240000.0,34.37528868360277,1.4146866589773164,0.18371484389398798,0.33484497295844673,0.01665339853438799,34.37528868360277,0.016795995834593035,11.6460233558697,28.422120000000003,1.9095112365212135,0.58,0.5128593040847201,0.005101660256166676,0.08995908437465443,0.9454825067281815,0.009215230933687198,41.583204096561815,0.5832821143208359,3.583333333333334,3.795355401590967,0.14434676742321198,0.40495894423801354,0.02742692168892097,3.854368932038835,-0.07821782178217822,0.5426530023094688,-0.08192014579264399,0.2908850941883507,Drug Manufacturers—Specialty & Generic,Healthcare,TEVA
2015Q3,2015,Q3,2015-09-30,2015-09-30,103000000.0,4823000000.0,1010000000.0,0.12,2771000000.0,0.5745386689,48625000000.0,22739000000.0,12500000000.0,12978000000.0,25725000000.0,4092000000.0,14657000000.0,48047460000.0,58783460000.0,26.72032902467685,0.9631684388965942,0.23987660668380462,0.5129513171203659,0.011255426773372818,26.72032902467685,0.00452966269404987,9.962152187435207,116.62004854368932,2.112997933066538,2.7864077669902914,0.501466275659824,0.0059732606052432325,0.09918766066838046,0.4779627061180459,0.0021182519280205656,52.055752979414954,0.5745386688782915,-0.8095238095238095,-0.8963717755022103,0.19883237713416732,0.10861989076908285,-0.04514128187456926,-0.8089053803339518,-0.23773584905660378,2.3839291236316407,-0.009450100350446732,0.01246908181931555,Drug Manufacturers—Specialty & Generic,Healthcare,TEVA
2015Q2,2015,Q2,2015-06-30,2015-06-30,539000000.0,4966000000.0,1325000000.0,0.63,2902000000.0,0.5843737414,50371000000.0,23038000000.0,13299000000.0,14473000000.0,27286000000.0,4226000000.0,14839000000.0,50175900000.0,61625900000.0,27.13545347467609,0.918883438126166,0.24851601119691885,0.5433631391613856,0.03198442809319956,27.13545347467609,0.023396128136122928,10.103886427708417,23.272680890538034,2.177962496744509,0.5343228200371057,0.48840511121628016,0.005739807357715557,0.09858847352643386,0.45850894769570927,0.01070060153659844,38.27299771167048,0.5843737414418043,0.2115384615384615,-0.28707180785424735,0.377648626867522,0.256530984056038,0.0232722143864598,0.2085201793721973,0.02872670807453416,-0.3592502664848701,0.02016082432016181,0.038854554808266606,Drug Manufacturers—Specialty & Generic,Healthcare,TEVA
2015Q1,2015,Q1,2015-03-31,2015-03-31,446000000.0,4982000000.0,1288000000.0,0.52,2836000000.0,0.5692492975,46951000000.0,22636000000.0,15711000000.0,12467000000.0,24274000000.0,4174000000.0,14589000000.0,53017300000.0,60638300000.0,26.599294947121034,1.2602069463383332,0.23464888926753424,0.48670259763209045,0.031126843659076073,26.599294947121034,0.01970312776108853,10.64177037334404,29.718217488789236,2.3421673440537196,0.6502242152466368,0.5141351221849545,0.005469912651153492,0.10611062597175779,0.7142055025266704,0.009499265191369725,45.35269461077844,0.5692492974708953,-0.35000000000000003,-0.3443370805405076,0.4295170686939214,0.2074590886937385,-0.018345448251990307,-0.3508005822416303,0.3673036093418259,-0.4630982655480302,0.009755857130288264,0.015460481257494666,Drug Manufacturers—Specialty & Generic,Healthcare,TEVA
2014Q4,2014,Q4,2014-12-31,2014-12-31,687000000.0,5168000000.0,942000000.0,0.8,2889000000.0,0.5590170279,46420000000.0,23313000000.0,14396000000.0,12289000000.0,23065000000.0,4371000000.0,14436000000.0,49113540000.0,57214540000.0,27.298594847775174,1.1714541459842136,0.22246876346402414,0.4429717325097585,0.022029393797248796,27.298594847775174,0.029468536867841975,9.503393962848298,17.872467248908297,2.1067018401750097,0.39592430858806404,0.5213909860443834,0.0055381876362404344,0.11133132270573029,0.621205956546505,0.014799655320982335,33.8247520661157,0.559017027863777,-0.2156862745098039,0.8933221283668967,0.4197679761791833,0.2667956822503098,0.02847988608045568,-0.21575342465753425,-0.1528776978417266,0.39904286732511973,-0.061779496396347416,0.08235023500978383,Drug Manufacturers—Specialty & Generic,Healthcare,TEVA
2014Q3,2014,Q3,2014-09-30,2014-09-30,876000000.0,5058000000.0,1112000000.0,1.02,2809000000.0,0.555357849,46608000000.0,23633000000.0,13922000000.0,11669000000.0,22938000000.0,4591000000.0,14017000000.0,45956250000.0,55133250000.0,27.64093567251462,1.1930756705801697,0.22850154479917612,0.4506410527652012,0.02738751188749265,27.64093567251462,0.0370668133542081,9.08585409252669,13.115368150684931,1.9445796132526552,0.3356164383561644,0.489871487693313,0.006397388820889433,0.1085221421215242,0.5898534578798525,0.01879505664263646,37.91769801980198,0.555357848952155,0.17241379310344832,0.39555050955586213,0.47311489992587097,0.26840672417477796,0.055618188650883124,0.1711229946524064,0.20216216216216215,-0.006757067340841015,0.20930503053213131,0.07357524722009282,Drug Manufacturers—Specialty & Generic,Healthcare,TEVA
2014Q2,2014,Q2,2014-06-30,2014-06-30,748000000.0,5045000000.0,925000000.0,0.87,2661000000.0,0.5274529237,46734000000.0,23540000000.0,13546000000.0,11854000000.0,23145000000.0,4940000000.0,13436000000.0,44661840000.0,54882840000.0,27.629107981220656,1.1427366289859964,0.23901228227842683,0.4745114698385726,0.023440128138800254,27.629107981220656,0.03177570093457944,8.852693756194252,14.927085561497327,1.8972744265080714,0.3997326203208556,0.4825910931174089,0.006694753283787681,0.10795138443103522,0.5346718407288679,0.01600547781058758,51.87205574912892,0.5274529236868186,0.0,0.4436395299778274,0.4977561447114058,0.3337655270193524,-0.013348164627363738,0.005376344086021506,-0.04835390946502058,2.2160207622546877,0.25400153373549317,0.040538919959840616,Drug Manufacturers—Specialty & Generic,Healthcare,TEVA
2014Q1,2014,Q1,2014-03-31,2014-03-31,744000000.0,5001000000.0,972000000.0,0.87,2697000000.0,0.5392921416,46892000000.0,22967000000.0,13448000000.0,11402000000.0,23862000000.0,4976000000.0,12986000000.0,44914000000.0,55809000000.0,27.02,1.1794422031222593,0.2515567687452017,0.5136064788609744,0.02347323303512355,27.02,0.03239430487220795,8.981003799240153,15.09206989247312,1.9555884529977796,0.3911290322580645,0.4630225080385852,0.006479048848911252,0.10664932184594388,0.5416593580073671,0.015866245841508145,66.7369985141159,0.5392921415716857,0.9333333333333332,0.6632529020477369,0.6022194807379577,0.43497180392885915,-0.06807187284035937,0.9578947368421052,0.010395010395010396,0.03171987323181564,0.29351124567474063,0.05044597581588863,Drug Manufacturers—Specialty & Generic,Healthcare,TEVA
2013Q4,2013,Q4,2013-12-31,2013-12-31,380000000.0,5430000000.0,962000000.0,0.45,2894000000.0,0.5329650092,47508000000.0,22565000000.0,13720000000.0,11965000000.0,24872000000.0,5053000000.0,12535000000.0,33947760000.0,45100760000.0,26.641086186540733,1.1466778102799833,0.25660941315146923,0.5402614668734766,0.021380532754263597,26.641086186540733,0.016840239308663858,6.251889502762431,22.33405263157895,1.5044431641923333,0.7263157894736842,0.501880071244805,0.008130138777934096,0.11429653953018439,0.5328875888006687,0.007998652858465943,67.62501992031872,0.5329650092081031,-0.46428571428571425,1.5612940476908623,0.9291111722802223,0.4007000528751785,0.10038022813688213,-0.46554149085794655,0.2009987515605493,2.726223271677817,0.30161681604127777,0.08885288692427379,Drug Manufacturers—Specialty & Generic,Healthcare,TEVA
2013Q3,2013,Q3,2013-09-30,2013-09-30,711000000.0,5059000000.0,801000000.0,0.84,2630000000.0,0.5198655861,47850000000.0,22308000000.0,13906000000.0,12160000000.0,25462000000.0,5244000000.0,12432000000.0,31924100000.0,43373100000.0,26.4,1.1435855263157895,0.2632601880877743,0.5646853146853147,0.02256817272498259,26.4,0.03187197417966649,6.310357778217039,11.225070323488044,1.4310606060606061,0.37130801687763715,0.46319603356216626,0.00826961449187291,0.1057262277951933,0.5212993421052632,0.014858934169278996,147.79675925925926,0.5198655860842064,2.5849056603773586,0.03295217039933869,0.647368092309358,0.39087785488108867,0.014269186270728885,2.5695364238410594,-0.13029315960912052,-0.27958410819949275,0.2664228332753219,0.09532951818349628,Drug Manufacturers—Specialty & Generic,Healthcare,TEVA
2013Q2,2013,Q2,2013-06-30,2013-06-30,-453000000.0,4924000000.0,921000000.0,-0.53,2593000000.0,0.5266043867,47503000000.0,21515000000.0,14091000000.0,12835000000.0,25893000000.0,5326000000.0,11987000000.0,33119490000.0,44333490000.0,25.34157832744405,1.097857421114141,0.2622781719049323,0.5790843597490123,0.018193128078334415,25.34157832744405,-0.021055077852660933,6.72613525588952,-18.277864238410594,1.5393674180804091,-0.5916114790286976,0.43766428839654525,0.008091912043331586,0.10365661116140033,0.510323334631866,-0.009536239816432646,50.95306153846154,0.526604386677498,-1.7162162162162162,-1.7701606823262552,0.598376452553837,0.3078439760365818,0.0011583011583011582,-1.7190476190476192,0.05377574370709382,-1.599177126237525,0.36599714834790154,0.17346402126771662,Drug Manufacturers—Specialty & Generic,Healthcare,TEVA
2013Q1,2013,Q1,2013-03-31,2013-03-31,630000000.0,4901000000.0,874000000.0,0.74,2590000000.0,0.5284635789,48069000000.0,22714000000.0,14416000000.0,12356000000.0,25255000000.0,5385000000.0,12708000000.0,33832350000.0,45096350000.0,26.56608187134503,1.1667206215603756,0.2633297967505045,0.557277450030818,0.022835322977187326,26.56608187134503,0.027736197939596724,6.903152417873903,13.425535714285715,1.4894932640662146,0.44603174603174606,0.42915506035283196,0.008305660115244728,0.1019576026129106,0.5511492392359987,0.01310615989515072,40.37273269689737,0.5284635788614569,1.0,2.889724310776942,0.7294553127245277,0.4320144159602489,-0.07001795332136446,0.96875,-0.0672358591248666,-0.07817228906769035,0.3996961561674054,0.20595140097912296,Drug Manufacturers—Specialty & Generic,Healthcare,TEVA
2012Q4,2012,Q4,2012-12-31,2012-12-31,320000000.0,5249000000.0,937000000.0,0.37,2785000000.0,0.5305772528,50609000000.0,22768000000.0,16355000000.0,12888000000.0,27742000000.0,5502000000.0,12346000000.0,31925700000.000004,43764700000.0,26.62923976608187,1.269009931719429,0.2908178387243376,0.6464335910049192,0.03993925848258712,26.62923976608187,0.014054813773717497,6.082244236997524,24.941953125000005,1.402218025298665,0.66875,0.44783715012722647,0.006703063675972649,0.10371673022584915,0.6557262569832403,0.00632298603015274,25.540560000000003,0.5305772528100591,5.2285714285714295,-0.49046886221401464,0.8493806981221167,0.505704609332522,0.07074202229911572,5.2105263157894735,-0.12511671335200747,-0.11913468808344527,0.44033395781229323,0.23573415208329146,Drug Manufacturers—Specialty & Generic,Healthcare,TEVA
2012Q3,2012,Q3,2012-09-30,2012-09-30,-76000000.0,4972000000.0,1071000000.0,-0.0875,2601000000.0,0.5231295253,49580000000.0,22934000000.0,14983000000.0,10625000000.0,26508000000.0,5461000000.0,12250000000.0,35715898262.0,48073898262.0,26.39125431530495,1.410164705882353,0.2781363453005244,0.601290660155228,0.01666485132338525,26.39125431530495,-0.0033138571553152523,7.183406730088495,-117.48650744078947,1.5573340133426354,-3.1184210526315788,0.4341695660135506,0.006635700389262129,0.10028237192416296,0.6789647058823529,-0.0015328761597418314,44.70074876345432,0.5231295253419147,-1.0883838383838382,-1.1282700421940928,0.8620328065313461,0.5729751391582019,-0.021076401957094468,-1.0880648899188876,0.06355511420059583,-1.1191245804379935,0.42473881262257096,0.21106046588089564,Drug Manufacturers—Specialty & Generic,Healthcare,TEVA
2012Q2,2012,Q2,2012-06-30,2012-06-30,863000000.0,4994000000.0,1007000000.0,0.99,2657000000.0,0.5320384461,48881000000.0,22751000000.0,14225000000.0,10005000000.0,25988000000.0,5293000000.0,12542000000.0,34352239129.0,47209239129.0,26.120551090700346,1.4217891054472764,0.2873304555962439,0.6173355017361875,0.02619422918640225,26.120551090700346,0.037932398575886775,6.878702268522226,9.951401833429896,1.5099221629378927,0.2665121668597914,0.44152654449272627,0.006695342307565478,0.10216648595568831,0.6614692653673163,0.017655121621898077,36.661941439701174,0.5320384461353624,0.020618556701030948,0.473717298496316,0.8407241630521708,0.659341693106358,0.018397853583748562,0.004656577415599534,0.08512931034482758,0.629256277810828,0.45027351928142095,0.2609415626159021,Drug Manufacturers—Specialty & Generic,Healthcare,TEVA
2012Q1,2012,Q1,2012-03-31,2012-03-31,859000000.0,5102000000.0,928000000.0,0.97,2609000000.0,0.5113680909,50470000000.0,23051000000.0,14967000000.0,13627000000.0,27270000000.0,5332000000.0,11910000000.0,39652800880.0,53112800880.0,26.194318181818183,1.098334189476774,0.28773528829007333,0.629994360331439,0.024957662835926483,26.194318181818183,0.037265194568565356,7.772011148569189,11.540396065192082,1.7202204190707562,0.20256111757857975,0.46755438859714926,0.00438808851174399,0.10108975629086586,0.5223453438027446,0.017020011888250447,82.26722174273858,0.5113680909447276,0.7017543859649124,1.1806087187666137,1.129549825174825,0.7573286872944407,-0.09441166261714683,0.6976284584980237,-0.1888111888111888,0.8548755291271921,0.5788535979432071,0.3911216881587769,Drug Manufacturers—Specialty & Generic,Healthcare,TEVA
2011Q4,2011,Q4,2011-12-31,2011-12-31,506000000.0,5676000000.0,1144000000.0,0.57,2881000000.0,0.5075757576,50142000000.0,22195000000.0,14453000000.0,13847000000.0,27799000000.0,5012000000.0,11284000000.0,35516800880.0,48936800880.0,25.22159090909091,1.0437639922004767,0.28949782617366676,0.6540211759405271,0.030127410859791363,25.22159090909091,0.022797927461139896,6.257364496124031,17.54782652173913,1.600216304573102,0.37549407114624506,0.5576616121308858,0.005349580910790634,0.11319851621395237,0.5278399653354517,0.010091340592716684,31.968317623762378,0.5075757575757576,-0.4466019417475729,-0.04479234616220932,1.1637832616141215,0.7294287789037387,0.28272484416740873,-0.44759825327510916,0.10531400966183575,1.7193795620437957,0.9408883426966294,0.3260676938092584,Drug Manufacturers—Specialty & Generic,Healthcare,TEVA
2011Q3,2011,Q3,2011-09-30,2011-09-30,916000000.0,4344000000.0,1035000000.0,1.03,2246000000.0,0.5170349908,41278000000.0,22863000000.0,13018000000.0,11480000000.0,18339000000.0,4670000000.0,10968000000.0,33051360888.000004,40145360888.0,25.74662162162162,1.1339721254355402,0.19814428993652794,0.35773957923282157,0.03220526735039331,25.74662162162162,0.04006473341206316,7.608508491712708,9.0205679279476,1.4456265970345101,0.22270742358078602,0.4492505353319058,0.006172211809713001,0.10523765686322012,0.5860627177700348,0.022190997625853966,160.4434994563107,0.5170349907918969,2.430555555555556,0.3054045140126933,0.6424018190654234,0.8677466023001779,0.02090909090909091,2.422360248447205,2.7336683417085426,0.2663385520528377,0.34604484850790285,0.35645476710288404,Drug Manufacturers—Specialty & Generic,Healthcare,TEVA
2011Q2,2011,Q2,2011-06-30,2011-06-30,-644000000.0,4212000000.0,-597000000.0,-0.72,2200000000.0,0.522317189,40157000000.0,23685000000.0,12598000000.0,10046000000.0,16409000000.0,4458000000.0,10256000000.0,43012240892.0,48251240892.0,26.55269058295964,1.2540314553055942,0.15882660557312547,0.26928435718809374,-0.02072729925179813,26.55269058295964,-0.02719020477095208,10.211833070275404,-16.697298482919255,1.8160118594891284,-0.31521739130434784,0.45132346343651863,0.004719586698812446,0.10488831337002266,0.6595659964164842,-0.016037054560848668,39.1732612859745,0.5223171889838556,-1.8571428571428572,-2.13041118982823,0.662167568179022,1.050724903678228,0.005484460694698354,-1.8462549277266753,-1.6885813148788926,-2.0421058761865933,0.30134433838631725,0.37034781250697185,Drug Manufacturers—Specialty & Generic,Healthcare,TEVA
2011Q1,2011,Q1,2011-03-31,2011-03-31,761000000.0,4080000000.0,867000000.0,0.84,2188000000.0,0.5362745098,39253000000.0,23073000000.0,12052000000.0,8885000000.0,16120000000.0,4225000000.0,9882000000.0,45002488206.0,51035488206.0,25.722408026755854,1.356443444006753,0.1720632817873793,0.2927230962596975,0.02734951287041966,25.722408026755854,0.03298227365318771,11.030021619117647,14.783997439553218,1.9504393969574827,0.266754270696452,0.447810650887574,0.004510861689930621,0.1039411000433088,0.7117613956105796,0.019387053218862253,67.57130361261261,0.5362745098039216,6.0,1.6074065744841781,0.9632636941274101,1.0145163984676109,-0.11201298701298701,6.046296296296297,-0.22242152466367712,3.4785414723302925,0.37232974612107733,0.3865371373133192,Drug Manufacturers—Specialty & Generic,Healthcare,TEVA
2010Q4,2010,Q4,2010-12-31,2010-12-31,108000000.0,4418000000.0,1115000000.0,0.12,2464000000.0,0.5577184246,38152000000.0,21947000000.0,12042000000.0,9694000000.0,16150000000.0,3866000000.0,9325000000.0,46760610897.0,52393610897.0,24.46711259754738,1.242211677326181,0.18035751729922417,0.313528044835285,0.005745789331745901,24.46711259754738,0.004920945915159247,10.584112923721142,108.24215485416667,2.1306151591105844,1.5925925925925926,0.5054319710294879,0.0036783095152213875,0.1157999580624869,0.6973385599339798,0.002830782134619417,53.87167154032258,0.5577184246265279,-0.8956521739130434,-0.7149303845440853,1.5378863799308826,1.9231929206046467,-0.0012160518848804217,-0.8971428571428571,-0.061447811447811446,-0.8360851962682626,0.4837103665080981,0.3834508434637692,Drug Manufacturers—Specialty & Generic,Healthcare,TEVA
2010Q3,2010,Q3,2010-09-30,2010-09-30,1050000000.0,4250000000.0,1188000000.0,1.15,2467000000.0,0.5804705882,39036000000.0,21668000000.0,11859000000.0,9323000000.0,17330000000.0,3862000000.0,8726000000.0,47422250000.0,53635250000.0,24.10233592880979,1.272015445671994,0.18311302387539707,0.3298873915451357,0.04585427223975429,24.10233592880979,0.04845855639652944,11.158176470588236,11.291011904761906,2.1885845486431603,0.15904761904761905,0.46167788710512686,0.0035215537010580473,0.10887386002664208,0.6633058028531589,0.02689824777128804,46.53802747791953,0.5804705882352941,0.3068181818181817,1.6966815743104886,1.2131889587416602,1.6699557340980038,0.16313059877416314,0.3174404015056462,0.10511627906976745,0.7130144605116797,0.5385273578137444,0.43655071330470924,Drug Manufacturers—Specialty & Generic,Healthcare,TEVA
2010Q2,2010,Q2,2010-06-30,2010-06-30,797000000.0,3800000000.0,1075000000.0,0.88,2121000000.0,0.5581578947,35185000000.0,19328000000.0,14443000000.0,8182000000.0,15822000000.0,3078000000.0,7843000000.0,46531051790.0,48694051790.0,21.595530726256982,1.7652163285260327,0.19943157595566294,0.3630484271523179,0.03561058013091984,21.595530726256982,0.04123551324503311,12.245013628947369,14.59568751254705,2.4074426629759933,0.0,0.5454840805717999,0.0,0.10800056842404433,1.2054509899780006,0.022651698166832455,48.774687410901464,0.5581578947368421,0.11392405063291135,1.2727757858750939,1.129824535846693,1.5035703122509552,0.05365126676602087,0.11781206171107994,0.28896882494004794,0.32451483430059125,0.363072297901633,0.3718839389876305,Drug Manufacturers—Specialty & Generic,Healthcare,TEVA
2010Q1,2010,Q1,2010-03-31,2010-03-31,713000000.0,3653000000.0,834000000.0,0.79,2013000000.0,0.5510539283,34051000000.0,19650000000.0,12611000000.0,8343000000.0,14368000000.0,3244000000.0,0.0,56267361784.0,60023361784.0,22.02914798206278,1.5115665827639937,0.17949546268832045,0.3110432569974555,0.028963439710775418,22.02914798206278,0.036284987277353686,15.403055511634273,19.72908898457223,2.8634789711959288,0.0,0.5055487053020962,0.0,0.10728025608645855,0.9383914658995565,0.020939179466094974,63.507180343115124,0.5510539282781276,0.9268292682926831,0.9139432288033952,0.9470601839839968,1.579728077328655,-0.04097189137684612,0.8812664907651715,1.0242718446601942,0.7856318674114285,0.5042320627802691,0.477895070099751,Drug Manufacturers—Specialty & Generic,Healthcare,TEVA
2009Q4,2009,Q4,2009-12-31,2009-12-31,379000000.0,3802000000.0,412000000.0,0.41,2099000000.0,0.5520778538,33810000000.0,19222000000.0,12141000000.0,7602000000.0,14551000000.0,3332000000.0,6662000000.0,50112560000.0,53729560000.0,21.54932735426009,1.5970797158642462,0.16598639455782313,0.2919571324523983,0.016848036767243304,21.54932735426009,0.01971699094787223,13.180578642819569,33.055778364116094,2.607041931120591,0.0,0.5111044417767107,0.0,0.1124519372966578,0.9559326493028151,0.011209701271813073,52.36422152560083,0.5520778537611783,-0.4305555555555556,-0.0545177602923484,0.9990555432761867,1.4808778582981612,0.08869294605809129,-0.41602465331278893,-0.45285524568393093,-0.29416318813701947,0.4298856260049518,0.47762395428600873,Drug Manufacturers—Specialty & Generic,Healthcare,TEVA
2009Q3,2009,Q3,2009-09-30,2009-09-30,649000000.0,3550000000.0,753000000.0,0.72,1928000000.0,0.5430985915,33295000000.0,19264000000.0,11459000000.0,7234000000.0,13994000000.0,3449000000.0,0.0,44695040884.0,49544040884.0,21.79185520361991,1.5840475532209013,0.1936326775792161,0.3346656976744186,0.027239904810471224,21.79185520361991,0.03368978405315615,12.59015236169014,17.216887859784286,2.320132936254153,0.0,0.4702812409394027,0.0,0.10662261600840967,0.8939729057229748,0.019492416278720528,43.604917935609755,0.5430985915492957,0.24137931034482762,0.8078213974074105,0.9939131873262537,1.6475646265943051,0.08988128886376484,0.24091778202676864,0.07264957264957266,-0.07091588665098685,0.34827553645060966,0.5808545335593817,Drug Manufacturers—Specialty & Generic,Healthcare,TEVA
2009Q2,2009,Q2,2009-06-30,2009-06-30,523000000.0,3400000000.0,702000000.0,0.58,1769000000.0,0.5202941176,32251000000.0,17815000000.0,11035000000.0,7240000000.0,14401000000.0,3496000000.0,5902000000.0,42432400000.0,48072400000.0,20.71511627906977,1.524171270718232,0.22948125639515055,0.4154364299747404,0.023583199038621445,20.71511627906977,0.029357283188324444,12.480117647058824,20.283173996175908,2.3818355318551783,0.25621414913957935,0.466533180778032,0.0031579641971700868,0.1054230876561967,0.8534530386740331,0.016216551424762023,83.6930966469428,0.5202941176470588,0.13725490196078421,0.6140208744996709,1.0469821212528567,1.799923958277427,0.12603437301082113,0.15964523281596452,0.3048327137546468,-0.047820838809210876,0.3916555690202241,0.5998757151691851,Drug Manufacturers—Specialty & Generic,Healthcare,TEVA
2009Q1,2009,Q1,2009-03-31,2009-03-31,451000000.0,3147000000.0,538000000.0,0.51,1571000000.0,0.4992055926,32243000000.0,16137000000.0,11140000000.0,8570000000.0,16106000000.0,3211000000.0,5515000000.0,38607849143.0,45315849143.0,18.829638273045507,1.2998833138856476,0.28092919393356697,0.5613187085579724,0.020229577714876594,18.829638273045507,0.02794819359236537,12.268143992055926,21.401246753325943,2.392504749519737,0.28159645232815966,0.49081283089380257,0.0032894865375588116,0.09760258040504916,0.7624270711785297,0.013987532177526905,67.37844527574171,0.4992055926278996,1.6623376623376622,1.7330894483505026,1.0789094837737114,1.6121585366211497,-0.017510944340212633,1.6583941605839416,1.7707736389684814,1.3767757947426096,0.584991130808797,0.4746914456378614,Drug Manufacturers—Specialty & Generic,Healthcare,TEVA
2008Q4,2008,Q4,2008-12-31,2008-12-31,-685000000.0,2848000000.0,-698000000.0,-0.77,1599000000.0,0.5614466292,32904000000.0,16300000000.0,11426000000.0,8481000000.0,16544000000.0,3396000000.0,5288000000.0,36482490000.0,43071490000.0,19.019836639439905,1.347246786935503,0.25659494286408946,0.5179754601226993,-0.027293572273251514,19.019836639439905,-0.042024539877300614,12.809863061797753,-13.314777372262773,2.2381895705521475,-0.13138686131386862,0.3677856301531213,0.00246693687848609,0.08655482616095307,0.7734936917816295,-0.020818137612448336,46.29757614213198,0.5614466292134831,-2.0,-3.5562150857671124,1.1018840719737788,2.445010843855504,0.07171581769436998,-2.075353218210361,-2.122186495176849,-2.892471583352883,0.7123718097674856,1.2723830445379523,Drug Manufacturers—Specialty & Generic,Healthcare,TEVA
2008Q3,2008,Q3,2008-09-30,2008-09-30,637000000.0,2842000000.0,622000000.0,0.77,1492000000.0,0.5249824068,24967000000.0,14843000000.0,10951000000.0,4982000000.0,10090000000.0,2872000000.0,6066000000.0,35807780782.0,37613780782.0,18.98081841432225,2.19811320754717,0.1866463732126407,0.31395270497877786,0.029704282814809323,18.98081841432225,0.042915852590446675,12.599500627023223,14.053289160910518,2.412435544162231,0.152276295133438,0.4700557103064067,0.0027089084517843216,0.11383025593783795,1.4393817743877961,0.025513678055032643,67.30785861278196,0.5249824067558058,0.1846153846153846,1.766236162964269,1.3784215737681391,3.2273218999650615,-0.008637873754152824,0.18181818181818182,-0.025078369905956112,0.8807572285828368,0.7014005824127199,1.1026154939039232,Drug Manufacturers—Specialty & Generic,Healthcare,TEVA
2008Q2,2008,Q2,2008-06-30,2008-06-30,539000000.0,2823000000.0,638000000.0,0.65,1505000000.0,0.5331207935,25020000000.0,15075000000.0,10823000000.0,5457000000.0,9904000000.0,2907000000.0,5526000000.0,35632399222.0,37898399222.0,19.376606683804628,1.9833241707898113,0.18984812150279776,0.3150912106135987,0.02859413309077378,19.376606683804628,0.035754560530679935,12.622174715550832,16.52708683766234,2.3636749069320064,0.19666048237476808,0.45338837289301687,0.0029748207337819098,0.11282973621103118,1.2957669048927982,0.021542765787370105,56.92076553035144,0.5331207934821113,2.611111111111111,0.7491276256756626,1.5215562990076397,3.6666909097012237,0.09693877551020408,2.6666666666666665,-0.39811320754716983,0.768196293596286,0.8201808702821732,1.2463304032975138,Drug Manufacturers—Specialty & Generic,Healthcare,TEVA
2008Q1,2008,Q1,2008-03-31,2008-03-31,147000000.0,2572000000.0,1060000000.0,0.18,1372000000.0,0.533437014,24632000000.0,14396000000.0,10492000000.0,5751000000.0,10198000000.0,2644000000.0,5093000000.0,35843439224.0,38714439224.0,18.551546391752577,1.824378368979308,0.21841506982786618,0.3737149208113365,0.03283019822006473,18.551546391752577,0.010211169769380383,13.93601836080871,60.95822997278912,2.4898193403723257,0.6462585034013606,0.45385779122541603,0.0026504153077026725,0.10441701851250405,1.1827508259433142,0.005967846703475155,59.34344242384106,0.5334370139968896,-0.7428571428571429,-0.2706073265503223,1.320190614119383,3.963680811923303,0.01855976243504083,-0.7421052631578947,0.6036308623298033,-0.5464136364178939,0.5758098143950675,1.17248280068015,Drug Manufacturers—Specialty & Generic,Healthcare,TEVA
2007Q4,2007,Q4,2007-12-31,2007-12-31,570000000.0,2576000000.0,661000000.0,0.7,1347000000.0,0.5229037267,23412000000.0,13724000000.0,9859000000.0,5371000000.0,9652000000.0,2440000000.0,5041000000.0,36068480000.0,39768480000.0,17.685567010309278,1.8355985849934835,0.2215957628566547,0.3780238997376858,0.03048947870540375,17.685567010309278,0.04153308073447974,14.001739130434782,15.819508771929822,2.6281317400174875,0.13859649122807016,0.5036885245901639,0.002190278048867044,0.11002904493422176,1.1954943213554272,0.02434648898001025,90.85259445843829,0.5229037267080745,0.0937499999999999,1.8531211056984254,1.285179642722335,4.125662856054433,0.0776,0.08571428571428572,0.015360983102918587,0.634527207916106,0.5569036626462456,1.0360603784067022,Drug Manufacturers—Specialty & Generic,Healthcare,TEVA
2007Q3,2007,Q3,2007-09-30,2007-09-30,525000000.0,2366000000.0,651000000.0,0.64,1250000000.0,0.528317836,22495000000.0,12919000000.0,9132000000.0,5218000000.0,9538000000.0,2298000000.0,4550000000.0,34596100000.0,38398100000.0,16.777922077922078,1.750095822154082,0.23605245610135586,0.41102252496323244,0.02882337463910781,16.777922077922078,0.04063782026472637,14.622189349112427,16.474333333333334,2.677923987924762,0.13904761904761906,0.4856396866840731,0.002110064429227572,0.10517892865081128,1.137217324645458,0.02333851967103801,169.58872549019608,0.5283178360101437,0.015873015873015886,2.746813933729821,1.5757758161369757,4.384073957695933,0.0056315366049879325,0.019417475728155338,0.02197802197802198,0.6789264413518885,0.5256473983805019,1.0384052934549266,Drug Manufacturers—Specialty & Generic,Healthcare,TEVA
2007Q2,2007,Q2,2007-06-30,2007-06-30,515000000.0,2386000000.0,637000000.0,0.63,1243000000.0,0.5209555742,21746000000.0,12058000000.0,8672000000.0,4737000000.0,9651000000.0,2147000000.0,4099000000.0,31597500000.0,35484500000.0,15.741514360313316,1.8306945324044754,0.25315000459854686,0.45654337369381326,0.029753618293697534,15.741514360313316,0.04271023386963012,13.242875104777871,15.33859223300971,2.620459446010947,0.14563106796116504,0.5323707498835585,0.002373605506764776,0.10972132806033294,1.2064597846738443,0.02368251632484135,96.62844036697248,0.5209555741827326,0.39999999999999997,2.8686050508982115,1.8796326389015687,4.25611718995623,0.19864995178399228,0.5058479532163743,0.4282511210762332,0.7843677650926921,0.612780461344652,1.1276753942985178,Drug Manufacturers—Specialty & Generic,Healthcare,TEVA
2007Q1,2007,Q1,2007-03-31,2007-03-31,342000000.0,2080000000.0,446000000.0,0.45,1037000000.0,0.4985576923,21027000000.0,11388000000.0,8021000000.0,4641000000.0,9603000000.0,2084000000.0,3668000000.0,28596520000.0,32947520000.0,14.905759162303665,1.7282913165266107,0.2628525229466876,0.4853354408148929,0.021636185430388644,14.905759162303665,0.030031612223393046,13.748326923076924,20.90388888888889,2.5111099402880224,0.21052631578947367,0.5004798464491362,0.0025177888778075094,0.09892043563037999,1.1021331609566904,0.016264802396918247,83.37177842565598,0.4985576923076923,-0.19642857142857148,1.7653520575426924,1.6411024059181227,4.445740945851996,-0.059495737348086344,-0.2563600782778865,0.18680149015433742,1.623582610994887,0.5413087214265674,1.0678148712164768,Drug Manufacturers—Specialty & Generic,Healthcare,TEVA
