Quarters,Year,Quarter,FillingDate,Date,NetIncome,Revenue,OperatingIncome,EPSDiluted,GrossProfit,GrossProfitRatio,TotalAssets,CommonStockEquity,CurrentAssets,CurrentLiability,TotalLiability,Inventory,RetainedEarnings,MarketCap,EnterpriseValue,bookValuePerShare,currentRatio,debtToAssets,debtToEquity,roic,shareholdersEquityPerShare,roe,priceToSalesRatio,peRatio,pbRatio,payoutRatio,inventoryTurnover,dividendYield,assetTurnover,quickRatio,returnOnAssets,priceToFreeCashFlowsRatio,grossProfitMargin,epsdilutedGrowth,fiveYNetIncomeGrowthPerShare,fiveYRevenueGrowthPerShare,fiveYShareholdersEquityGrowthPerShare,grossProfitGrowth,netIncomeGrowth,operatingIncomeGrowth,threeYNetIncomeGrowthPerShare,threeYRevenueGrowthPerShare,threeYShareholdersEquityGrowthPerShare,Industry,Sector,Symbol
2023Q3,2023,Q3,2023-03-16,2023-01-31,24711.0,0.0,-1552983.0,0.0013,0.0,0.0,77950534.0,77122700.0,72821226.0,827834.0,827834.0,0.0,-115838311.0,54896827.38,-17743390.619999997,4.060063461539879,87.96597627060498,0.0,0.0,0.0006511846224817603,4.060063461539879,0.0003204115001160488,0.0,555.3885656185505,0.7118115338285615,0.0,0.0,0.0,0.0,87.7473237388172,0.0003170087327432548,-101.34156551307825,0.0,1.0185449358059915,1.0004169762337332,0.0,-0.547341580715415,0.0,1.01713193482502,0.3302123677014776,1.0013635347527412,0.0,-0.13761255136269818,Biotechnology,Healthcare,PMCB
2023Q2,2023,Q2,2022-12-14,2022-10-31,-1442394.0,0.0,-2318620.0,-0.0701,0.0,0.0,82348703.0,81037572.0,77219395.0,1311131.0,1311131.0,0.0,-115074175.0,60521225.94,-16441361.060000002,3.9366430203545213,58.89525531773713,0.0,0.0,-0.02194583501884637,3.9366430203545213,-0.017799077198413595,0.0,-10.489718124867407,0.7468292107764531,0.0,0.0,0.0,0.0,58.6993877804735,-0.01751568570545671,-32.20474927418393,0.0,-0.1491803278688524,0.9749315289716837,0.0,-0.6522671971853825,0.0,-0.13582022089684814,-0.3796316571145681,0.9419664458380956,0.0,-0.23269407387754373,Biotechnology,Healthcare,PMCB
2023Q1,2023,Q1,2022-09-14,2022-07-31,-1269914.0,0.0,-1680608.0,-0.061,0.0,0.0,87385071.0,86295714.0,82255763.0,1089357.0,1089357.0,0.0,-113193668.0,49157183.4,-33070431.6,4.142993372561699,75.50854586696556,0.0,0.0,-0.01600735786549002,4.142993372561699,-0.014715840928090588,0.0,-9.677266216452452,0.5696364410403975,0.0,0.0,0.0,0.0,75.48270677105852,-0.014532390778740684,-45.33214746149405,0.0,0.2431761786600497,0.9777074724452078,0.0,-0.7046276141382934,0.0,-0.015000647406457759,-0.11468255310568873,0.956601174761069,0.0,-0.3310244197944782,Biotechnology,Healthcare,PMCB
2022Q4,2022,Q4,2022-07-28,2022-04-30,-1251146.0,0.0,-1507701.0,-0.0806,0.0,0.0,90624136.0,89919766.0,85494828.0,704370.0,704370.0,0.0,-111648656.0,36165453.82,-49235202.18,5.793181963726289,121.37772477533115,0.0,0.0,-0.01474526487234767,5.793181963726289,-0.0139140264221773,0.0,-7.226465540392568,0.4021969298719038,0.0,0.0,0.0,0.0,121.24402799664949,-0.013805880587926377,-30.344218871660626,0.0,-1.2768361581920904,0.9569157112450357,0.0,-0.5577624115712028,0.0,-0.6323674655331452,-0.7610881197590522,0.9428668657030335,0.0,-0.07200364647935231,Biotechnology,Healthcare,PMCB
2022Q3,2022,Q3,2022-03-15,2022-01-31,-766461.0,0.0,-856119.0,-0.0354,0.0,0.0,91943166.0,91330190.0,86813858.0,612976.0,612976.0,0.0,-110225949.0,46367891.46,-40271865.54,4.215128194229084,141.62684672809377,0.0,0.0,-0.008855920576722132,4.215128194229084,-0.008392197585486245,0.0,-15.124021789758386,0.5076951165874067,0.0,0.0,0.0,0.0,141.34282092610476,-0.008336247633674045,-155.26089993135662,0.0,0.3563636363636363,0.9841825856021534,0.0,-0.656576729620534,0.0,0.19709262555166682,0.14800720112495186,0.9606875878344558,0.0,-0.40953035318792436,Biotechnology,Healthcare,PMCB
2022Q2,2022,Q2,2021-12-14,2021-10-31,-954607.0,0.0,-1004843.0,-0.055,0.0,0.0,92309719.0,92123597.0,87180411.0,186122.0,186122.0,0.0,-109414659.0,50858441.900000006,-36080170.099999994,5.307322228642636,468.40465393666517,0.0,0.0,-0.01062767928860514,5.307322228642636,-0.010362241934604442,0.0,-13.31920934478796,0.5520674784333487,0.0,0.0,0.0,0.0,467.10551143873374,-0.010341348780403069,-36.70465122656904,0.0,0.9140624999999999,0.9680469647128928,0.0,-0.5216839201803678,0.0,0.06905574117091762,0.01808568125696853,0.9617560333564025,0.0,-0.29209043612770197,Biotechnology,Healthcare,PMCB
2022Q1,2022,Q1,2021-09-14,2021-07-31,-1025418.0,0.0,-1023351.0,-0.64,0.0,0.0,6637356.0,5712382.0,1508364.0,924974.0,924974.0,0.0,-108434913.0,19111585.06,18152315.06,3.589744524308964,1.6307096199460742,0.0,0.0,-0.1791461075257222,3.589744524308964,-0.1795079530745668,0.0,-4.6594620583995985,3.3456419861276783,0.0,0.0,0.0,0.0,1.0370777989435378,-0.15449193926015117,-15.397407117668811,0.0,-0.03919722014743619,0.6717323503282071,0.0,-0.7329678797186112,0.0,-0.06813929941958576,0.011200616845565408,0.6299122272191204,0.0,-0.5957359610247331,Biotechnology,Healthcare,PMCB
2021Q4,2021,Q4,2021-08-10,2021-04-30,-960004.0,0.0,-1034943.0,-0.61586,0.0,0.0,7404229.0,6679451.0,2275237.0,724778.0,724778.0,0.0,-107409495.0,42801947.55825,40599841.55825,4.284992760461406,3.1392191815976753,0.0,0.0,-0.15494432102279065,4.284992760461406,-0.14372498578101703,0.0,-11.146294067068991,6.408003825202101,0.0,0.0,0.0,0.0,3.0383179401140765,-0.1296561735192145,-45.51931404903526,0.0,-0.26800784861156574,0.7114567120543042,0.0,-0.6546417313201699,0.0,-0.2680082842862728,-0.36744018275820606,0.6681672942612077,0.0,-0.481514664474381,Biotechnology,Healthcare,PMCB
2021Q3,2021,Q3,2021-03-12,2021-01-31,-757096.0,0.0,-756847.0,-0.485691,0.0,0.0,8261673.0,7612973.0,3132681.0,640253.0,648700.0,0.0,-106449491.0,43816727.00925,40800956.00925,4.883864585665521,4.892879845935903,0.009102272626863833,0.009877875568454006,-0.09844302410988931,4.883864585665521,-0.09944813937997679,0.0,-14.46868264039501,5.755534271466614,0.0,0.0,0.0,0.0,4.8277337240122264,-0.09163955048813963,-74.37493233149391,0.0,0.2127010834678753,0.8631471577024993,0.0,-0.644663090527513,0.0,0.20321787596612054,0.20291201297504516,0.8443207749562736,0.0,-0.4554955989508478,Biotechnology,Healthcare,PMCB
2021Q2,2021,Q2,2020-12-11,2020-10-31,-950192.0,0.0,-949515.0,-0.616908,0.0,0.0,8941359.0,8276619.0,3812367.0,643650.0,664740.0,0.0,-105692395.0,21247721.16,17605517.16,5.373562569144709,5.923043579585178,0.008410354622826351,0.009085835653423215,-0.113689604623855,5.373562569144709,-0.11480436637230734,0.0,-5.590375724064189,2.5671981711372727,0.0,0.0,0.0,0.0,5.775505321214946,-0.10626930425229543,-16.99204619773186,0.0,0.21862211261879158,0.720996809125032,0.0,-0.5928645524943704,0.0,-0.07494592417619216,-0.0769432308467056,0.779288459746544,0.0,-0.5253407627750485,Biotechnology,Healthcare,PMCB
2021Q1,2021,Q1,2020-08-13,2020-07-31,-883944.0,0.0,-881676.0,-0.789513,0.0,0.0,7432125.0,6245275.0,2303133.0,1153148.0,1186850.0,0.0,-104742203.0,24295471.9,22204075.9,5.578095706797117,1.997257073680048,0.01011823670888205,0.012041103073923887,-0.1394952119896052,5.578095706797117,-0.1415380427603268,0.0,-6.871326662096241,3.890216507679806,0.0,0.0,0.0,0.0,1.8788533648759742,-0.11893556688026641,-44.093255378383375,0.0,-0.1779908089880934,0.2885098985509639,0.0,-0.6053355960715198,0.0,-0.17799043954887037,-0.17574044193148328,0.7113183784605297,0.0,-0.6023127991482035,Biotechnology,Healthcare,PMCB
2020Q4,2020,Q4,2020-08-13,2020-04-30,-750383.0,0.0,-749890.0,-0.67022,0.0,0.0,6166638.0,5088958.0,1037646.0,1031398.0,1077680.0,0.0,-103858259.0,34707817.0,33888156.0,4.54530741590576,1.006057797280972,0.012194651283243802,0.014777091891896141,-0.14521050672733096,4.54530741590576,-0.14745317214250933,0.0,-11.563367307095177,6.820220760320678,0.0,0.0,0.0,0.0,0.8676194834583739,-0.1216842953972651,-54.282532468344925,0.0,0.29750602164648265,0.9119853455707977,0.0,-0.623124177456863,0.0,0.14272119071229783,0.14328442102665576,0.6417664014468873,0.0,-0.6530221555504615,Biotechnology,Healthcare,PMCB
2020Q3,2020,Q3,2020-03-13,2020-01-31,-875308.0,0.0,-875308.0,-0.954058,0.0,0.0,5338186.0,4319332.0,209194.0,1018854.0,1018854.0,0.0,-103107876.0,85323594.0,85181352.0,4.70793431415934,0.20532284311589297,0.0,0.0,-0.20264892812129284,4.70793431415934,-0.20264892812129284,0.0,-24.369591618036168,19.753886480594684,0.0,0.0,0.0,0.0,0.13960979688944639,-0.16397105683466257,-242.2479217298476,0.0,0.20981198147063773,0.6961717884039593,0.0,-0.6501208743272335,0.0,0.17974889469057895,0.17974889469057895,0.5733971907941184,0.0,-0.6164258536397819,Biotechnology,Healthcare,PMCB
2020Q2,2020,Q2,2019-12-23,2019-10-31,-1067122.0,0.0,-1067122.0,-1.207381,0.0,0.0,5338332.0,4534477.0,209340.0,803855.0,803855.0,0.0,-102232568.0,47947886.0,47902825.0,5.130473890965704,0.2604201006400408,0.0,0.0,-0.23533518860058172,5.130473890965704,-0.23533518860058172,0.0,-11.232990698345644,10.574071938175008,0.0,0.0,0.0,0.0,0.05605612952584732,-0.1998980205802112,-82.1552983508246,0.0,0.1405452078626331,0.8606170836501087,0.0,-0.6228890148015995,0.0,0.05903754160880012,0.05903754160880012,0.298500627436262,0.0,-0.5376221654867739,Biotechnology,Healthcare,PMCB
2020Q1,2020,Q1,2019-08-13,2019-07-31,-1134075.0,0.0,-1134075.0,-1.404822,0.0,0.0,5606031.0,4999475.0,477039.0,606556.0,606556.0,0.0,-101165446.0,49425289.425000004,49097538.425000004,6.193041263612185,0.7864714882055408,0.0,0.0,-0.22683881807589798,6.193041263612185,-0.22683881807589798,0.0,-10.895507225051253,9.886095925072134,0.0,0.0,0.0,0.0,0.54034746997804,-0.2022955277985441,-64.76569099378882,0.0,0.004272601623134934,0.5849889496414182,0.0,-0.6295589447402636,0.0,0.004275012643290627,0.03264397425672477,0.28434749011708543,0.0,-0.5393151439012661,Biotechnology,Healthcare,PMCB
2019Q4,2019,Q4,2019-08-13,2019-04-30,-1138944.0,0.0,-1172345.0,-1.41085,0.0,0.0,5782396.0,5039545.0,653404.0,742851.0,742851.0,0.0,-100031371.0,51302199.15,50786946.15,6.242677508104445,0.8795895812215371,0.0,0.0,-0.232629136162094,6.242677508104445,-0.22600135528108192,0.0,-11.260913431652478,10.179926789025597,0.0,0.0,0.0,0.0,0.6936155433593009,-0.19696748545066786,-77.57041012273139,0.0,-0.5679212110839699,0.9598961275283359,0.0,-0.673158695210707,0.0,-0.6839640007274372,-0.733348414349439,0.33898615927211945,0.0,-0.49685789063192864,Biotechnology,Healthcare,PMCB
2019Q3,2019,Q3,2019-03-14,2019-01-31,-676347.0,0.0,-676347.0,-0.899822,0.0,0.0,5836938.0,5365695.0,707946.0,471243.0,471243.0,0.0,-98892427.0,48640827.06250001,47941365.06250001,7.138602664821824,1.5022949943023027,0.0,0.0,-0.12605021343926556,7.138602664821824,-0.12605021343926556,0.0,-17.979242556890178,9.065149447089334,0.0,0.0,0.0,0.0,1.4842915438531712,-0.11587359673856396,-71.90081147570064,0.0,0.3742649635889248,0.21515910003312197,0.0,-0.4488753974783967,0.0,0.34751691630312936,0.34751691630312936,0.7464577494836807,0.0,-0.4806143855185977,Biotechnology,Healthcare,PMCB
2019Q2,2019,Q2,2018-12-14,2018-10-31,-1036574.0,0.0,-1036574.0,-1.438024,0.0,0.0,6066574.0,5404204.0,937582.0,662370.0,662370.0,0.0,-98216080.0,58099059.199999996,57191642.199999996,7.497175486104945,1.4154958708878724,0.0,0.0,-0.19180882142865074,7.497175486104945,-0.19180882142865074,0.0,-14.012279682878404,10.750715406006139,0.0,0.0,0.0,0.0,1.3699548590666848,-0.1708664560920216,-63.30204411167053,0.0,0.1741071402931928,0.9082496889761166,0.0,-0.2488846772113862,0.0,0.14710748969649398,0.14710748969649398,0.34963867466933113,0.0,-0.4319660639869673,Biotechnology,Healthcare,PMCB
2019Q1,2019,Q1,2018-09-12,2018-07-31,-1215363.0,0.0,-1215363.0,-1.741175,0.0,0.0,7081091.0,6198148.0,1952099.0,882943.0,882943.0,0.0,-97179506.0,60587528.4,58756246.4,8.879702813557914,2.2109003638966502,0.0,0.0,-0.1960848627686851,8.879702813557914,-0.1960848627686851,0.0,-12.462846162010857,9.775101917540528,0.0,0.0,0.0,0.0,2.074065936306194,-0.17163499240441904,-97.36956205212432,0.0,0.06183658954492064,0.8701165228420191,0.0,0.28786687894204954,0.0,0.06183479638246564,0.1606933709746032,-0.5691057533251328,0.0,-0.3717385283109222,Biotechnology,Healthcare,PMCB
2018Q4,2018,Q4,2018-07-20,2018-04-30,-1295468.0,0.0,-1448056.0,-1.85594,0.0,0.0,6412857.0,5768689.0,1283865.0,644168.0,644168.0,0.0,-95964143.0,58423688.1,57363890.1,8.264443498903315,1.9930592640429206,0.0,0.0,-0.2510199457797084,8.264443498903315,-0.22456887518117202,0.0,-11.274629728407032,10.127723664770281,0.0,0.0,0.0,0.0,1.645219880528061,-0.20201105373158953,-42.502844935518624,0.0,0.40511330618006614,-0.9745858552015237,0.0,4.121974215903696,0.0,0.3620458373139767,0.28690376527828393,0.756274603633265,0.0,-0.31475065237368627,Biotechnology,Healthcare,PMCB
2018Q3,2018,Q3,2018-03-19,2018-01-31,-2030660.0,0.0,-2030660.0,-3.119821,0.0,0.0,6725233.0,5838077.0,1596241.0,887156.0,887156.0,0.0,-94668675.0,72538436.05,71030589.05,8.969375777781192,1.799278819057753,0.0,0.0,-0.3478302872675369,8.969375777781192,-0.3478302872675369,0.0,-8.930401451990978,12.425056409841801,0.0,0.0,0.0,0.0,1.699641325764578,-0.3019464158342172,-61.853176161711936,0.0,-0.11617948480352505,-1.4555103742350057,0.0,2.8355568853349924,0.0,-0.11925383812361585,-0.11925383812361585,0.006465376538619025,0.0,-0.3334237171656595,Biotechnology,Healthcare,PMCB
2018Q2,2018,Q2,2017-12-14,2017-10-31,-1814298.0,0.0,-1814298.0,-2.795089,0.0,0.0,7915371.0,7348409.0,2786379.0,566962.0,566962.0,0.0,-92638015.0,53826783.35,51144676.35,11.320884853227998,4.91457804932253,0.0,0.0,-0.24689670920603357,11.320884853227998,-0.24689670920603357,0.0,-7.4170262203342565,7.324957463581573,0.0,0.0,0.0,0.0,4.730664488978097,-0.2292119977699087,-33.71564006231158,0.0,-0.022011114885382908,-1.0914906923615304,-1.0,2.5786039746927196,0.0,-0.0745569069215803,-0.0745569069215803,0.6773283054998166,0.0,-0.16786828448027336,Biotechnology,Healthcare,PMCB
2018Q1,2018,Q1,2017-09-13,2017-07-31,-1688415.0,0.0,-1688415.0,-2.734891,0.0,0.0,9524995.0,8659315.0,4396003.0,865680.0,865680.0,0.0,-90823717.0,76552764.0,72274411.0,14.026339532299579,5.07809236669439,0.0,0.0,-0.19498251305097458,14.026339532299579,-0.19498251305097458,0.0,-11.335004131093363,8.84051036369505,0.0,0.0,0.0,0.0,4.942187644395157,-0.17726151037349627,-81.82499382727266,0.0,-0.4618050136298039,-0.4991846050499471,-1.0,2.6544245394754413,0.0,-0.4618033249583125,-0.46241486861855685,0.1920614653287466,0.0,-0.16100477994461038,Biotechnology,Healthcare,PMCB
2017Q4,2017,Q4,2017-07-27,2017-04-30,-1155022.0,0.0,-1154539.0,-1.8709,0.0,0.0,8667495.0,8087247.0,3538503.0,580248.0,580248.0,0.0,-89135302.0,66983668.5,63519439.5,13.099705034817553,6.098259709641395,0.0,0.0,-0.14276044740564992,13.099705034817553,-0.14282017106686615,0.0,-14.498353386342425,8.282629243301212,0.0,0.0,0.0,0.0,5.970255821648674,-0.1332590327424475,-83.6368532639436,0.0,0.16343529445432137,-0.038085578447223364,-1.0,2.6079796714668473,0.0,0.09914939484270902,0.09943409398485978,0.946819130639867,0.0,-0.31415251222312457,Biotechnology,Healthcare,PMCB
2017Q3,2017,Q3,2017-03-13,2017-01-31,-1282146.0,0.0,-1282015.0,-2.236408,0.0,0.0,7614943.0,7036676.0,2485951.0,578267.0,578267.0,0.0,-87980280.0,101747482.35,99283211.35,12.273857242031307,4.298967431999405,0.0,0.0,-0.18219042627513332,12.273857242031307,-0.18220904301974397,0.0,-19.839293331258684,14.459594608306535,0.0,0.0,0.0,0.0,4.261476100140593,-0.16837236995733257,-109.96149615098221,0.0,-0.2993737301316624,-1.049111294554557,-1.0,2.3597303105325578,0.0,-0.31562740174706094,-0.31597370136369,-0.9506341661046093,0.0,-0.052416136388192966,Biotechnology,Healthcare,PMCB
2017Q2,2017,Q2,2016-12-02,2016-10-31,-974551.0,0.0,-974195.0,-1.721143,0.0,0.0,6731714.0,6282724.0,1602722.0,448990.0,448990.0,0.0,-86698134.0,32472889.05,30921279.05,11.095847395814017,3.5696162498051183,0.0,0.0,-0.1550593341359576,11.095847395814017,-0.1551159974558806,0.0,-8.330217979869705,5.1686002838895995,0.0,0.0,0.0,0.0,3.45577852513419,-0.14477011352532207,-45.97306284738641,0.0,0.12320561183293893,0.01761212191239117,-1.0,2.1654842246234796,0.0,0.055636522908700484,0.05546070038985958,0.8901858367191522,0.0,0.11165345052500517,Biotechnology,Healthcare,PMCB
2017Q1,2017,Q1,2016-07-31,2016-07-31,-1031966.0,0.0,-1031397.0,-1.962995,0.0,0.0,7523642.0,7067182.0,2394168.0,456460.0,456460.0,0.0,-85723583.0,40905495.1,38565679.1,13.443118829773068,5.245077334268063,0.0,0.0,-0.14594176292615643,13.443118829773068,-0.14602227592270867,0.0,-9.909603392941241,5.788091363714703,0.0,0.0,0.0,0.0,5.1260044691758315,-0.13716309202378316,-45.1033545110527,0.0,0.08029732287596403,0.2989937861891766,-1.0,2.3687560098366505,0.0,0.0802966675697643,0.08794535084228677,0.8535698329381747,0.0,0.9497215001511967,Biotechnology,Healthcare,PMCB
2016Q4,2016,Q4,2016-07-29,2016-04-30,-1122064.0,0.0,-1130850.0,-2.13438,0.0,0.0,7160325.0,6522686.0,2030851.0,637639.0,637639.0,0.0,-84691617.0,55805036.49250001,53884211.49250001,12.407384299328527,3.184954182539023,0.0,0.0,-0.17337182872209395,12.407384299328527,-0.17202483762057533,0.0,-12.433568070203663,8.55553011328462,0.0,0.0,0.0,0.0,3.0124020017596163,-0.1567057361223129,-45.79055133453462,0.0,0.3985974656551528,0.5218349827293887,-1.0,2.1137034545470197,0.0,0.3735325334138799,0.3689984828287349,-1.2708279638387714,0.0,5.687010550008864,Biotechnology,Healthcare,PMCB
2016Q3,2016,Q3,2016-03-08,2016-01-31,-1791097.0,0.0,-1792151.0,-3.549004,0.0,0.0,8001875.0,6936429.0,2872401.0,1065446.0,1065446.0,0.0,-83569553.0,50924331.78,48060349.78,13.744321108988737,2.695961128015873,0.0,0.0,-0.25836795849853,13.744321108988737,-0.2582160071125935,0.0,-7.107980720753817,7.3415776013853815,0.0,0.0,0.0,0.0,2.6880592728303454,-0.22383466375068342,-50.35347444027065,0.0,-0.6050736370231141,-5.645362968784236,-1.0,2.4391347740109337,0.0,-0.6293616723204547,-0.5870347001757812,-1.7933066330966345,0.0,3.81273567647316,Biotechnology,Healthcare,PMCB
2016Q2,2016,Q2,2015-12-10,2015-10-31,-1099263.0,0.0,-1129245.0,-2.211116,0.0,0.0,7641661.0,6561656.0,2512187.0,1080005.0,1080005.0,0.0,-81200061.0,83508529.4455,81196099.4455,13.198464054325328,2.3260883051467354,0.0,0.0,-0.17209756195692064,13.198464054325328,-0.16752828859056312,0.0,-18.991935834622833,12.726746029584605,0.0,0.0,0.0,0.0,2.1411289762547394,-0.14385131714165283,-79.31664476943534,0.0,-0.9926049487185726,-10.213572489524887,-1.0,2.4390697018050633,0.0,-1.0126976512549344,-0.12057177446563598,-0.6545191855664051,-1.0,2.840416900809312,Biotechnology,Healthcare,PMCB
2016Q1,2016,Q1,2015-08-25,2015-07-31,-546164.0,0.0,-1007740.0,-1.109661,0.0,0.0,8142686.0,6956500.0,3013212.0,1186186.0,1186186.0,0.0,-80100800.0,88343183.10000001,85432982.10000001,14.133769479266137,2.5402525404953353,0.0,0.0,-0.14486307769711781,14.133769479266137,-0.07851132034787608,0.0,-40.43802919086575,12.6993722561633,0.0,0.0,0.0,0.0,2.4534103420542817,-0.06707418166437955,-83.06701547789082,0.0,0.854277092058039,-0.9205745772805576,-1.0,2.5749077752163196,0.0,0.8542770711122472,0.7715049374922909,0.39171740844826153,-1.0,2.667096037989129,Biotechnology,Healthcare,PMCB
2015Q4,2015,Q4,2015-07-29,2015-04-30,-3747962.0,0.0,-4410336.0,-7.61487,0.0,0.0,7948468.0,5936053.0,2818994.0,2012415.0,2012415.0,0.0,-79554636.0,118324936.95,115625199.95,12.060490867347976,1.40080152453644,0.0,0.0,-0.7429744983745934,12.060490867347976,-0.6313895782264747,0.0,-7.892618505070222,19.933268276075026,0.0,0.0,0.0,0.0,1.3415408849566317,-0.47153262741952284,-108.40610368145767,0.0,-1.4250228414619426,0.3504352978816143,-1.0,2.436358909670536,0.0,-1.5705305030691676,-2.027924814322023,-3.2251728963200197,-1.0,2.480416856033218,Biotechnology,Healthcare,PMCB
2015Q3,2015,Q3,2015-01-31,2015-01-31,-1458050.0,0.0,-1456554.0,-3.140123,0.0,0.0,6626470.0,6247959.0,996996.0,378511.0,378511.0,0.0,-77065081.0,77512761.615,76553945.615,13.455887958753383,2.6339947848279177,0.0,0.0,-0.23312476922463798,13.455887958753383,-0.23336420741557362,0.0,-13.290484142347657,12.406093192192843,0.0,0.0,0.0,0.0,2.5331258536740013,-0.2200341961859029,-72.77742563841113,0.0,0.6374967912624859,0.6720448835222965,-1.0,0.9331716290986564,0.0,0.6411989842686653,0.7667811662238635,-1.8771410990455442,-1.0,2.4906787941114277,Biotechnology,Healthcare,PMCB
2015Q2,2015,Q2,2014-12-15,2014-10-31,-4063673.0,0.0,-6245439.0,-8.662331599590724,0.0,0.0,6659089.0,6382227.0,1279615.0,276862.0,276862.0,0.0,-75607031.0,166296003.20000002,165140998.20000002,13.604678973396998,4.621851319429896,0.0,0.0,-0.9785673558775017,13.604678973396998,-0.6367170895049643,0.0,-10.230646215874161,26.056109129305494,0.0,0.0,0.0,0.0,4.171771496268899,-0.6102445845069798,-102.85553317928343,0.0,-1.5590163022745849,-2.3462301622584887,-1.0,-0.15087550411527073,0.0,-1.5641162678000837,-2.944919654362162,-3.9442535580381173,-1.0,2.4290065606474323,Biotechnology,Healthcare,PMCB
2015Q1,2015,Q1,2014-08-04,2014-07-31,-1584824.0,0.0,-1583160.0,-3.385024,0.0,0.0,8198546.0,7827160.0,3069072.0,371386.0,371386.0,0.0,-70284951.0,202467468.15,199570529.15,16.718020790837848,8.263833316280097,0.0,0.0,-0.20226493389684125,16.718020790837848,-0.20247752697019097,0.0,-31.93847836573651,25.8672964587411,0.0,0.0,0.0,0.0,7.800345193410629,-0.19330549587695184,-257.325706138935,0.0,0.9037798202272997,0.3103877141992195,-1.0,-0.12879856249336147,0.0,0.9037798442347496,0.9037522552555655,-0.2088277069339991,-1.0,2.702201082932752,Biotechnology,Healthcare,PMCB
2014Q4,2014,Q4,2014-04-30,2014-04-30,-16470811.0,0.0,-16448801.0,-35.17998,0.0,0.0,9316050.0,8942384.0,4186576.0,373666.0,373666.0,0.0,-68700127.0,214005936.76500002,210389466.76500002,19.100026271553887,11.20405924007001,0.0,0.0,-1.8394201143677122,19.100026271553887,-1.841881426697847,0.0,-3.248260464603109,23.931642475317545,0.0,0.0,0.0,0.0,9.678349113914566,-1.7680037140204272,-109.96690641099558,0.0,-29.684594806991342,-0.38598201623939843,-1.0,-0.20518211418873172,0.0,-34.90195347580062,-23.15105567627885,-6.881375914285715,-1.0,2.7144439736358934,Biotechnology,Healthcare,PMCB
2014Q3,2014,Q3,2014-01-31,2014-01-31,-458772.0,0.0,-681080.0,-1.146503,0.0,0.0,5662324.0,5183047.0,1540702.0,479277.0,479277.0,0.0,-52229316.0,114370587.17999999,113525692.17999999,12.952792584762175,3.2146378816425574,0.0035321186141944543,0.003858734061257789,-0.13090022058228573,12.952792584762175,-0.08851395713756792,0.0,-62.32430661635845,22.066284017875972,0.0,0.0,0.0,0.0,1.8045827360795532,-0.08102185604356091,-458.03382144101494,0.0,0.9235282511847255,0.8300592849491688,-1.0,-0.698838534736415,0.0,0.9189172279593572,-0.5183360456561964,-1.146779407997811,-1.0,2.3562557278359266,Biotechnology,Healthcare,PMCB
2014Q2,2014,Q2,2013-12-16,2013-10-31,-5658070.0,0.0,-448570.0,-14.992504,0.0,0.0,4594269.0,3603302.0,472647.0,990967.0,990967.0,0.0,-51770544.0,70223914.05,70247320.05,9.98139068481615,0.4769553375642176,0.09141824303278716,0.11655975546873396,-0.11149299754281433,9.98139068481615,-1.5702458467261418,0.0,-3.102821017148957,19.48876726125093,0.0,0.0,0.0,0.0,0.4002090886982109,-1.2315495675155286,-25.940690685033218,0.0,0.0,-3.7930459080792858,-1.0,-0.7968958757789376,0.0,-0.2125214326262808,0.6797509229373216,-78.48609421150125,-1.0,2.088302158287195,Biotechnology,Healthcare,PMCB
2014Q1,2014,Q1,2013-09-16,2013-07-31,-4666367.0,0.0,-1400691.0,-14.992504,0.0,0.0,3394191.0,2400036.0,1804361.0,994155.0,994155.0,0.0,-46112474.0,79312078.64999999,79526040.64999999,6.894891823642804,1.8149694967082597,0.12374082660639898,0.1749973750393744,-0.49669259541367555,6.894891823642804,-1.9442904189770487,0.0,-4.249134211368287,33.04620374444383,0.0,0.0,0.0,0.0,0.20724937258274614,-1.3748097853067196,-496.71254336961556,0.0,-14.950999563788024,-2.444346807748664,-1.0,-0.8728850784473126,0.0,-13.26268976963258,-2.07718383254318,-22.202216978187312,-1.0,1.7682889379411546,Biotechnology,Healthcare,PMCB
2013Q4,2013,Q4,2013-07-29,2013-04-30,-327173.0,0.0,-455186.0,-0.93991,0.0,0.0,2876931.0,-921456.0,1848153.0,3798387.0,3798387.0,0.0,-41446107.0,50986336.275,51207033.275,-2.647185058993533,0.4865625856449066,0.14598890275783466,-0.45580038547689744,0.907728694042947,-2.647185058993533,0.3550609036134118,0.0,-38.95976767260746,-55.33236125761838,0.0,0.0,0.0,0.0,0.05247043021156086,-0.1137229220999739,-356.6700217207295,0.0,0.26022735232842126,0.8869758279459268,-1.0,-1.0456098048999092,0.0,0.13180555297564236,-0.33548292453937334,0.9198234839611539,-1.0,0.6847302579262109,Biotechnology,Healthcare,PMCB
2013Q3,2013,Q3,2013-03-26,2013-01-31,-376843.0,0.0,-340840.0,-1.270539,0.0,0.0,2450946.0,-1449329.0,1422168.0,3608275.0,3900275.0,0.0,-41118934.0,12458725.005,13137391.005,-4.886460261428653,0.3941406904961512,0.2905000762970706,-0.491261818400101,0.4622631145662248,-4.886460261428653,0.2600120469541422,0.0,-8.265195986790255,-8.596202108009983,0.0,0.0,0.0,0.0,0.009238209393685349,-0.15375410147755195,-160.56092538179007,0.0,0.049289561854781366,0.9348264079385374,-1.0,-1.0557233546907159,1.0,0.015602796121374237,0.02280989460888313,0.8673046684791876,-1.0,-1.7020247473127021,Biotechnology,Healthcare,PMCB
2013Q2,2013,Q2,2012-12-26,2012-10-31,-382816.0,6287.0,-348796.0,-1.3364100666431606,-3333.0,-0.5301415619532368,2316089.0,-2054270.0,1287311.0,3498359.0,4370359.0,0.0,-40741338.0,16871963.9,17269267.9,-7.1714534073890475,0.36797567087883204,0.1813401816596858,-0.20445218982899035,0.2134261780489148,-7.1714534073890475,0.1863513559561304,2683.627151264514,-11.018324665113266,-8.213118966834934,0.0,0.0,0.0,0.0027144898145105823,0.00648761319235676,-0.1652855309100816,-199.68711712351464,-0.5301415619532368,0.26742036572711875,0.8353686503764747,-0.992682268159433,-1.2540495616028564,-1.5030184123151222,0.25014054380167555,0.35262608902235765,0.48374919353600937,-0.9416582454751048,-1.4476001801451954,Biotechnology,Healthcare,PMCB
2013Q1,2013,Q1,2012-08-14,2012-07-31,-510517.0,6626.0,-538786.0,-1.8242522780060746,6626.0,1.0,2234436.0,-2372590.0,1205658.0,4027026.0,4607026.0,9620.0,-40358522.0,21688375.0,22394033.0,-8.478077541540111,0.2993916602475375,0.32670436745559056,-0.3076806359295116,0.32801003293579045,-8.478077541540111,0.21517287015455683,3273.222909749472,-10.620789807195452,-9.14122330449003,0.0,0.0,0.0,0.0029654015599462234,0.006044659259711757,-0.22847689528811746,-253.99792710919567,1.0,-0.012202611169351047,0.7789997914056369,-0.9919880670618618,-1.2360791267668112,-0.40944741532976825,-0.012201529453984531,-0.11579928345103237,0.628355081952957,-0.9421482842941106,-1.4418054884541347,Biotechnology,Healthcare,PMCB
2012Q4,2012,Q4,2012-04-30,2012-04-30,-504363.0,6681.0,-482870.0,-1.80226,11220.0,1.6793893129770991,2087508.0,-2279850.0,1058730.0,3787358.0,4367358.0,6846.0,-39848005.0,30363725.0,32440398.0,-8.146685724495265,0.27954315382913364,1.0023415479126307,-0.9177779239862272,,-8.146685724495265,0.2212263964734522,4544.78745696752,-15.050531561593536,-13.318299449525188,0.0,-0.6630148992112183,0.0,0.003200466776654269,0.004832920468569383,-0.24161009203318023,-584.4235396015783,1.6793893129770991,-0.6513228719133701,0.7266295158796054,-0.9933061641997235,-1.206757278916041,-0.3787375415282392,-0.8557972160999643,-0.1777862876572329,0.9289964815315381,-0.945788197698328,-1.3390116553690676,Biotechnology,Healthcare,PMCB
2012Q3,2012,Q3,2012-03-21,2012-01-31,-271777.0,20271.0,-409981.0,-1.0914037652199056,18060.0,0.8909279265946426,1863494.0,-2247789.0,751907.0,3283349.0,4111283.0,2307.0,-39343642.0,11579244.0,14002148.0,-9.026685032287082,0.229006115402292,1.321163899642285,-1.0952900828325078,-1.91408175842235,-9.026685032287082,0.1209085906194932,571.2221400029599,-10.65142009809513,-5.151392768627304,0.0,0.9583875162548765,0.0,0.010877952920696283,0.01786468633093832,-0.14584270193518198,-320.408533717037,0.8909279265946426,0.3770525998220071,0.8506903746583523,-0.8963043502931869,-1.2923084171981145,0.3079374275782155,0.37830091135348803,-0.015480604660033537,0.8382263736131228,-0.9194223308878684,-1.209876725270388,Biotechnology,Healthcare,PMCB
2012Q2,2012,Q2,2011-12-15,2011-10-31,-437152.0,19844.0,-403731.0,-1.7519998717517113,13808.0,0.6958274541423101,1725551.0,-2375486.0,606491.0,3521037.0,4101037.0,4518.0,-39071863.0,21271239.0,23623479.0,-9.520375446865131,0.17224783494180834,1.3715885534533607,-0.9963207528901454,,-9.520375446865131,0.184026342398987,1071.9229490022174,-12.164669840238636,-8.954478788761541,0.0,1.3359893758300132,0.0,0.011500094752342874,0.0066650819062679546,-0.2533405271707414,-412.4891211604096,0.6958274541423101,0.37434230987275446,0.6607560330365652,-0.950948764362298,-1.3281140620335388,2.3785172498164915,0.3627707647007376,0.3813499846766779,0.4642194415234032,-0.9485609997597734,-1.1937232574547667,Biotechnology,Healthcare,PMCB
2012Q1,2012,Q1,2011-08-15,2011-07-31,-686020.0,19762.0,-652600.0,-2.800253076718983,4087.0,0.20681105151300475,1576094.0,-2406099.0,449177.0,3402193.0,3982193.0,7617.0,-38634713.0,18606610.75,20892981.75,-9.821413555931995,0.1320257257598261,1.503365281512397,-0.9847662128615655,,-9.821413555931995,0.2851171128037541,941.5348016395102,-6.780637135214717,-7.733102731849355,0.0,2.057896809767625,0.0,0.012538592241325707,0.026947618785883105,-0.43526591688059213,-155.5385552592642,0.20681105151300475,0.3726595985117732,0.7780531731802519,-0.9809212501612029,-1.304692031322717,-0.9195519949609275,0.3726589705322916,-1.9519527398065806,0.280525238520055,-0.9645892340386462,-1.18106857157901,Biotechnology,Healthcare,PMCB
2011Q4,2011,Q4,2011-04-30,2011-04-30,-1093536.0,51146.0,-221074.0,-4.46369,50803.0,0.9932937082078755,1240187.0,-2729293.0,104747.0,3389480.0,3969480.0,18706.0,-37948693.0,10822212.375,13137155.375,-11.140653509398534,0.03090356042814827,1.9127309026783863,-0.8691423016876532,,-11.140653509398534,0.4006663996866588,211.59450152504596,-2.474132624577517,-3.9652072441471105,0.0,0.01833636266438576,0.0,0.041240554851808636,0.017559330634787637,-0.8817508972437221,-76.28206169689366,0.9932937082078755,-7.358075277878502,0.901242487659724,-0.941246036064893,-1.2992069684009933,4.059051981676957,-7.811661469287113,-2.2144996655712914,0.4632429366014,-0.8844173512550442,-1.1919484364324513,Biotechnology,Healthcare,PMCB
2011Q3,2011,Q3,2011-01-31,2011-01-31,-124101.0,32022.0,-68774.0,-0.5340571664644065,10042.0,0.31359690212978575,1191158.0,-2219266.0,34839.0,3410424.0,3410424.0,883.0,-36855157.0,9904941.75,12276170.75,-9.550405811321404,0.010215445352249457,1.9937262730888765,-1.0701029078983773,,-9.550405811321404,0.05591984016336933,309.3167744050965,-19.953388268426526,-4.46316113075224,0.0,24.892412231030576,0.0,0.026883083520406192,0.00995653326389915,-0.10418517106882547,-143.72484981716872,0.31359690212978575,-1.7084460934089918,0.9411105218961476,-0.9045786975039187,0.34551193429510346,-0.22842873607376105,-1.7084460934089918,-2.5860882260923974,0.97260498367611,-0.9784565960276969,-1.1089092353140195,Biotechnology,Healthcare,PMCB
2011Q2,2011,Q2,2010-12-29,2010-10-31,-45820.0,15869.0,-19178.0,-0.19718212880959143,13015.0,0.8201524985821412,1178575.0,-2131224.0,13025.0,3309799.0,3309799.0,0.0,-36731056.0,6843414.3,9220957.3,-9.171525213664179,0.003935284287656138,2.0173030990815177,-1.1155763073238665,,-9.171525213664179,0.021499382514461172,431.24420568403804,-37.33857649498036,-3.2110253544442067,0.0,0.0,0.0,0.013464565258893155,0.003935284287656138,-0.03887745794709713,-5363.177351097179,0.8201524985821412,0.6587218829137494,0.9919366785386831,0.0,0.5615050424405614,-0.3503219687515599,0.6587218829137494,0.7582686296258949,0.9757092820550934,-0.9772309243878783,-1.3249023353285974,Biotechnology,Healthcare,PMCB
2011Q1,2011,Q1,2011-06-08,2010-07-31,-134260.0,26960.0,-79336.0,-0.5777754826271442,20033.0,0.7430637982195846,1183368.0,-2085405.0,6854.0,3268773.0,3268773.0,1959.0,-36685237.0,2377186.02,4756882.02,-8.974347388262025,0.0020968112499705547,2.011414031814279,-1.1413816500871534,,-8.974347388262025,0.064380779752614,88.1745556379822,-4.426459891255773,-1.1399157573708705,0.0,3.5359877488514546,0.0,0.022782431162580025,0.0014975038034149206,-0.11345583115311551,-180.5137838863999,0.7430637982195846,0.9507144925307583,0.9698136415672935,-0.8575615152481807,0.5936350759519372,1.5029499635961938,0.9507145038705964,-1.083009763084846,0.9300050197438303,-0.9607406107393919,-1.2498981737713668,Biotechnology,Healthcare,PMCB
2010Q4,2010,Q4,2010-04-30,2010-04-30,-2724128.0,49665.0,955743.0,-11.72303,-39831.0,-0.8019933554817276,1202217.0,-1951145.0,13679.0,3053362.0,3153362.0,2528.0,-36550977.0,2377186.02,4759412.02,-8.396571905634882,0.004479979773115667,1.9821230277063127,-1.2213044135622928,,-8.396571905634882,1.3961689162004873,47.86441196013289,-0.2181602718374467,-1.2183543611571666,0.0,35.401898734177216,0.0,0.041311177599385136,0.003652039948096557,-2.2659203787668947,-154.90590512185585,-0.8019933554817276,-0.22435590067252079,0.6235746472579986,-0.6263112256028374,0.5284134556264014,-2.338947156111335,-0.36882324920457216,1.5103324727611551,-0.7781716838869472,-0.9400731016539338,-1.2130992182762155,Biotechnology,Healthcare,PMCB
2010Q3,2010,Q3,2010-03-22,2010-01-31,-1990124.0,75150.0,-1872785.0,-9.574854822491329,29748.0,0.3958483033932136,4545115.0,1446738.0,191900.0,2613010.0,3098377.0,49902.0,-32779614.0,2126295.27,4470247.27,6.960524226722284,0.07344020880134404,0.5158509740677628,1.620612716331499,,6.960524226722284,-1.3755939223273324,28.294015568862275,-0.2671058775734577,1.4697168872318278,0.0,0.909823253577011,0.0,0.01653423510736252,0.012134664620495138,-0.43785998814111415,-19.684091704390813,0.3958483033932136,-2.8824342677726187,-0.36526882654013465,-0.09757451579696305,1.1999192385424984,0.634415691445525,-3.121517120833696,-2.866322999933937,-0.30988918290821305,-0.5394321045070706,-0.7745994446128568,Biotechnology,Healthcare,PMCB
2010Q2,2010,Q2,2009-12-21,2009-10-31,-482862.0,70171.0,-484384.0,-2.4661988232409904,18201.0,0.259380655826481,5943651.0,2988553.0,349172.0,1135577.0,2955098.0,85380.0,-30789490.0,1908181.4400000002,4267514.44,16.022007419797564,0.30748421287151817,0.39850270481897404,0.7925444186534419,,16.022007419797564,-0.161570499167992,27.19330549657266,-0.9879538253165501,0.6384967708452887,0.0,0.608690559850082,0.0,0.011806043120634102,0.0629935266388805,-0.08123996513254227,-7.643059176005961,0.259380655826481,0.4254855044115858,0.8688483587541991,9.271478595368349,1.5794731884604756,-0.30411011278914163,0.4074760345750033,0.3343209822250685,0.4987469153736114,-0.767976077066784,-0.4478110694497539,Biotechnology,Healthcare,PMCB
2010Q1,2010,Q1,2009-08-13,2009-07-31,-814924.0,67947.0,-727654.0,-4.292665967836242,26155.0,0.38493237376190265,6041378.0,3185860.0,414195.0,1021194.0,2855518.0,126319.0,-30306624.0,1698384.6,4029585.6,19.18961570895073,0.4055987402981216,0.3951186302197942,0.7492673877697074,,19.18961570895073,-0.2557940399138694,24.99572608062166,-0.5210254575886831,0.5331008267783267,0.0,0.3308449243581726,0.0,0.011246937370911073,0.08294016611926823,-0.13489041738490787,-2.825799463585723,0.38493237376190265,0.8066168071389205,0.13309306974844795,0.440382411896983,3.320906476941888,1.1392482564020656,0.8066168363930273,0.8262208417298866,0.6109473696306792,-0.9032015530072061,-0.4046760216984186,Biotechnology,Healthcare,PMCB
2009Q4,2009,Q4,2009-04-30,2009-04-30,-4214038.0,73111.0,-4187234.0,-22.19772,-187830.0,-2.5691072478833554,6842049.0,3989576.0,1182737.0,918796.0,2852473.0,117095.0,-29491700.0,1698384.6,3509742.6,24.030695096976267,1.2872683381294652,0.35297686409436707,0.605348788943988,,24.030695096976267,-1.0562621190823285,23.23021980276566,-0.10075755130827012,0.4257055386336794,0.0,2.22845552756309,0.0,0.010685541714185327,0.9264559271046021,-0.6159029261556005,-2.6149591678368194,-2.5691072478833554,-2.2902632154626703,0.05173628394638951,0.0,10.720444829516797,-2.895472985246332,-3.8404559222685384,-3.7267286250808533,0.43841617712665715,-0.8760669017954354,-0.3546023648909743,Biotechnology,Healthcare,PMCB
2009Q3,2009,Q3,2009-03-17,2009-01-31,-870587.0,130367.0,-885863.0,-6.746487604906892,99094.0,0.7601156734449669,5652296.0,5550070.0,2359530.0,102226.0,102226.0,188662.0,-25277662.0,1320109.8900000001,361532.89000000013,43.00946196229164,23.08150568348561,0.0,0.0,,43.00946196229164,-0.15686054410124556,10.126104689070088,-0.3790861481965616,0.23785463786943228,0.0,0.16576205065142954,0.0,0.023064432577487096,12.932522058967386,-0.1540236038593874,-5.480385961416314,0.7601156734449669,-1.0631490646733956,-10.212654886562822,0.0,3.218815714588027,-0.14055507372072854,-1.0808871509394726,-1.0771599003934553,0.2560775156014022,-0.3004518028462607,3.9474328235706486,Biotechnology,Healthcare,PMCB
2009Q2,2009,Q2,2008-12-12,2008-10-31,-418373.0,197813.0,-426478.0,-3.269995232251862,115300.0,0.582873724173841,6368239.0,6287657.0,2886664.0,80582.0,80582.0,162737.0,-24407075.0,1308856.8900000001,95400.89000000013,49.144204841218354,35.82268993075377,0.0,0.0,,49.144204841218354,-0.06653877589060599,6.61663737974754,-0.7821112320823763,0.20816289597221987,0.0,0.507032819825854,0.0,0.031062433429398614,21.5725596287012,-0.06569681194440095,-9.905301997169605,0.582873724173841,0.1598334238698287,-12.05419793234206,0.0,3.4788859627306468,-0.517895969225623,0.16094828588962468,0.15132134044416143,0.8662808699053957,0.0,3.349607673109478,Biotechnology,Healthcare,PMCB
2009Q1,2009,Q1,2008-09-15,2008-07-31,-498626.0,291843.0,-502520.0,-3.8920796484353657,239160.0,0.8194817076304726,6998826.0,6949029.0,3372731.0,49797.0,49797.0,215595.0,-23948702.0,1310595.99,-34997.01000000001,54.24140407296684,67.72960218487057,0.0,0.0,,54.24140407296684,-0.07175477322083416,4.490756982350099,-0.6571037160115999,0.18860131249991904,0.0,0.24436095456759202,0.0,0.04169885063580663,38.60604052452959,-0.07124423439016772,-7.8035820015719155,0.8194817076304726,0.5319786426413365,-16.763873982078184,0.0,749.6283041803622,0.3251990624532473,0.5319784004182502,0.5401810836654115,0.7966550764977154,1.7967334122289946,3.4560899074623497,Biotechnology,Healthcare,PMCB
2008Q4,2008,Q4,2008-04-30,2008-04-30,-1065391.0,231405.0,-1092865.0,-8.31603,180471.0,0.7798923964477863,7616214.0,7435656.0,3735329.0,180558.0,180558.0,242901.0,-23450076.0,1310595.99,-202945.01,58.03982421768283,20.687695920424463,0.0,0.0,,58.03982421768283,-0.14328137288761073,5.663645945420367,-0.3075387322588608,0.17625828709665967,0.0,0.20969036768066002,0.0,0.030383206144155087,10.467749975077261,-0.13988459357890942,-10.814747495585298,0.7798923964477863,0.4453208083186105,-206.63181298738013,0.0,1350.2592640608968,-0.2785834779063167,-0.13058745625224177,-0.2033877402255337,0.732973285421561,2.158105858839202,4.25975891667167,Biotechnology,Healthcare,PMCB
2008Q3,2008,Q3,2008-01-31,2008-01-31,-942334.0,309197.0,-908157.0,-14.992504,250162.0,0.8090699456980501,4342071.0,4238828.0,3453840.0,103243.0,103243.0,130714.0,-22384685.0,494497.74000000005,-632538.26,87.69142289709959,33.45350290092306,0.0,0.0,,87.69142289709959,-0.2223100347548898,1.5992966943405016,-0.13118961535930995,0.1166590718000353,0.0,0.4516348669614578,0.0,0.0712095679688333,16.28120066251465,-0.21702408827492686,-1.6537058563861096,0.8090699456980501,-0.8469152765033408,-92.45189166033296,0.0,579.4894170192008,-0.05639126105193277,-0.06189606347482046,-0.07698392274569192,-1.7797270922542445,14.965293238042923,3.5186612274104263,Biotechnology,Healthcare,PMCB
2008Q2,2008,Q2,2007-12-13,2007-10-31,-887407.0,327878.0,-843241.0,-8.117591635488798,265112.0,0.8085690409237583,3192102.0,3085918.0,2291088.0,106184.0,106184.0,94860.0,-21442351.0,1118333.37,483473.3700000001,28.228560451522608,21.57658404279364,0.0,0.0,,28.228560451522608,-0.2875666171298136,3.410821616576898,-0.3150564988781923,0.36239892634865867,0.0,0.6616698292220113,0.0,0.1027153894205135,10.66176636781436,-0.278000828294334,-2.7723378616227476,0.8085690409237583,0.01658917116018089,-31.406361605188156,0.0,1.5726838711281033,0.16273623178235755,0.01173458478479727,0.06822242676918079,0.58873482652574,80.89095964088551,2.02095158876788,Biotechnology,Healthcare,PMCB
2008Q1,2008,Q1,2007-09-14,2007-07-31,-897944.0,321474.0,-904981.0,-8.254527403430714,228007.0,0.7092548697561856,3975069.0,3906581.0,2999632.0,68488.0,68488.0,37693.0,-20556054.0,1112839.86,22752.860000000102,35.912016693938334,43.79792080364443,0.0,0.0,,35.912016693938334,-0.22985418707560396,3.461679202672689,-0.30982997269317464,0.28486286602018496,0.0,2.479691189345502,0.0,0.08087255843860823,20.507534166569325,-0.22589394045738578,-2.8642904648900194,0.7092548697561856,-0.25206134062882934,-36.67455905870302,0.0,496.65000421290534,0.0,-0.2520622667923455,0.18747098851392058,-0.45783371471428247,9.40056056936896,5.343413302754676,Biotechnology,Healthcare,PMCB
2007Q4,2007,Q4,2007-08-07,2007-04-30,-717172.0,387970.0,-1113783.0,-6.59275,0.0,0.0,4405053.0,4286247.0,3433131.0,118806.0,118806.0,0.0,-19658110.0,1112839.86,3730.8600000001024,39.40217131510728,28.896949649007627,0.0,0.0,,39.40217131510728,-0.16731933553992573,2.8683657499291186,-0.38792641793042676,0.2596303619460101,0.0,0.0,0.0,0.08807385518403524,11.283773546790567,-0.16280666770638175,-5.779064934255625,0.0,0.09807803139399067,-163.60550658913854,0.0,916.9873481289039,0.0,0.07124449290714932,-0.44624040575336665,0.7537039871278419,0.0,16.938225294193117,Biotechnology,Healthcare,PMCB
2007Q3,2007,Q3,2007-01-31,2007-01-31,-772186.0,82930.0,-770123.0,-7.3096678310093814,0.0,0.0,4845225.0,3262205.0,2895501.0,991575.0,1583020.0,0.0,-18940939.0,1080686.97,690950.97,30.880688003483563,2.9201028666515394,0.09450727262407835,0.1403679413157665,,30.880688003483563,-0.23670676735520912,13.03131520559508,-0.34987909972467773,0.33127500264391724,0.0,0.0,0.0,0.01711582021474751,0.8548470867054938,-0.15937051426920318,-1.8225385145971797,0.0,-0.41538863795536524,-34.0404403440114,0.0,204.71606036373137,0.0,-0.2257465411161131,-0.2226736395562245,-11.148659795195687,0.0,2.029099316345989,Biotechnology,Healthcare,PMCB
2007Q2,2007,Q2,2006-10-31,2006-10-31,-629972.0,197779.0,-629868.0,-5.1644245509620195,0.0,0.0,4306347.0,3539391.0,2200270.0,173557.0,766956.0,0.0,-18168753.0,,,,,,,,,,,,,,,,,,,,,,,,,,,,,,,Biotechnology,Healthcare,PMCB
2007Q1,2007,Q1,2006-07-31,2006-07-31,-1494949.0,500979.0,-1104665.0,-14.992504,0.0,0.0,4547354.0,3819363.0,2540939.0,132539.0,727991.0,0.0,-17538781.0,,,,,,,,,,,,,,,,,,,,,,,,,,,,,,,Biotechnology,Healthcare,PMCB
