Year,Date,FillingDate,NetIncome,Revenue,OperatingIncome,EPSDiluted,GrossProfit,GrossProfitRatio,TotalAssets,CommonStockEquity,CurrentAssets,CurrentLiability,TotalLiability,Inventory,RetainedEarnings,EnterpriseValue,bookValuePerShare,currentRatio,debtToAssets,debtToEquity,roic,shareholdersEquityPerShare,roe,priceToSalesRatio,peRatio,pbRatio,payoutRatio,inventoryTurnover,dividendYield,assetTurnover,quickRatio,returnOnAssets,priceToFreeCashFlowsRatio,grossProfitMargin,epsdilutedGrowth,fiveYNetIncomeGrowthPerShare,fiveYRevenueGrowthPerShare,fiveYShareholdersEquityGrowthPerShare,grossProfitGrowth,netIncomeGrowth,operatingIncomeGrowth,threeYNetIncomeGrowthPerShare,threeYRevenueGrowthPerShare,threeYShareholdersEquityGrowthPerShare,Industry,Sector,Price,MarketCap,AvgVolume,Symbol
2022,2022-07-31,2022-07-31,-20452784.0,-19521154.0,-20452784.0,-0.2,-19521154.0,1.0,1047159889.0,409600320.0,198419286.0,334791795.0,637559569.0,0.0,-230275783.0,405689623.40000004,4.005325827525485,0.59266472166679,0.0,0.0,-0.049933515676940876,4.005325827525485,-0.049933515676940876,-20.797323887716885,-19.85,0.9911802861872766,,0.0,,-0.018641999378568634,0.59266472166679,-0.0195316724932347,0.0,1.0,-2.176470588235294,-1.3448275847986642,-1.3235537482360902,-0.2631183210181431,-2.084523979896603,-2.2012049881807534,-2.2012049881807534,-1.909090908269794,-1.8276829130204963,-0.28276329820006624,Asset Management,Financial Services,3.585,351425734,193895,PPT
2021,2021-07-31,2021-07-31,17026889.0,17999744.0,17026889.0,0.17,17999744.0,1.0,1032402195.0,472125548.0,98115155.0,346240661.0,346240661.0,0.0,-183323615.0,464995125.15000004,4.713799616009362,0.2833727116758248,0.0,0.0,0.03606432456817609,4.713799616009362,0.03606432456817609,25.874562168773068,27.35294128892248,0.9864653525379653,,0.0,,0.01743481763906943,0.2833727116758248,0.01649249593081309,0.0,1.0,1.7391304347826086,-0.7068965541261262,-0.6953905818198147,-0.13277652680382093,1.804559449609144,1.7282196246353425,1.7282196246353425,-0.5000000020555723,-0.4872630288557828,-0.1641491654041479,Asset Management,Financial Services,3.585,351425734,193895,PPT
2020,2020-07-31,2020-07-31,-23381530.0,-22372174.0,-23381530.0,-0.23,-22372174.0,1.0,1016341890.0,492108023.0,49306944.0,267118139.0,267118139.0,0.0,-193331171.0,481862835.24,4.840780110917275,0.1845885277000975,0.0,0.0,-0.047513003054615914,4.840780110917275,-0.047513003054615914,-21.53848952006184,-20.608695634545732,0.9791810186358211,,0.0,,-0.022012448980136004,0.1845885277000975,-0.02300557541714629,0.0,1.0,-2.0454545454545454,-1.3965517228576645,-1.373015159719235,-0.10941523129006786,-1.9637814090803682,-2.0559410250818355,-2.0559410250818355,-1.3965517228576645,-1.373015159719235,-0.10941523129006786,Asset Management,Financial Services,3.585,351425734,193895,PPT
2019,2019-07-31,2019-07-31,22142837.0,23212913.0,22142837.0,0.22,23212913.0,1.0,942586142.0,562064205.0,25570813.0,288400666.0,288400666.0,0.0,-135056463.0,535221877.88000005,5.584384928258637,0.08866419538712161,0.0,0.0,0.039395565138327926,5.584384928258637,0.039395565138327926,23.06707727203389,24.181818159976523,0.9526563924845561,,0.0,,0.024626834583782793,0.08866419538712161,0.02349157919192069,0.0,1.0,-0.35294117647058826,0.0,0.0,0.012623945751338881,0.0,-0.38390581989444883,0.0,-0.6206896563788663,-0.6090849005746266,0.027389810271313948,Asset Management,Financial Services,3.585,351425734,193895,PPT
2018,2018-07-31,2018-07-31,35940669.0,37050370.0,0.0,0.34,0.0,0.0,843652331.0,596141802.0,0.0,0.0,247510529.0,0.0,9486864.0,554461892.5,5.639522533094751,0.0,0.0,0.0,0.0,5.639522533094751,0.06028879182674729,14.978695556886477,15.441176470588234,0.9309298737953626,,0.0,,0.04391663323692043,0.0,0.04260127979187673,0.0,0.0,-0.4137931034482758,0.0,0.0,0.02262212096413428,0.0,-0.43547241534584225,0.0,-0.413793105842271,-0.4059148543542259,0.037533776724044496,Asset Management,Financial Services,3.585,351425734,193895,PPT
2017,2017-07-31,2017-07-31,63665036.0,64760413.0,0.0,0.58,0.0,0.0,1294481870.0,596640989.0,0.0,0.0,697840881.0,0.0,11565277.0,591479016.17,5.435507411528549,0.0,0.0,0.0,0.0,5.435507411528549,0.10670576975729705,9.135917079003185,9.293103410323997,0.9916277528327844,,0.0,,0.05002805717163115,0.0,0.049181867645624114,0.0,0.0,0.0,0.0,0.0,-0.014372212350515416,0.0,0.0,0.0,0.0,0.0,-0.014372212350515416,Asset Management,Financial Services,3.585,351425734,193895,PPT
2014,2014-07-31,2014-07-31,0.0,0.0,0.0,0.0,0.0,0.0,1158139402.0,775817395.0,0.0,0.0,382322007.0,0.0,-2433898.0,768789554.0,5.51476681120273,0.0,0.0,0.0,,5.51476681120273,0.0,0.0,0.0,0.9918823745889327,0.0,0.0,,0.0,0.0,0.0,0.0,0.0,0.0,0.0,0.0,0.0,0.0,0.0,0.0,0.0,0.0,0.0,Asset Management,Financial Services,3.585,351425734,193895,PPT
2010,2010-07-31,2010-07-31,0.0,0.0,0.0,0.0,0.0,0.0,,,,,,,,,,0.0,0.0,0.0,0.0,,0.0,0.0,0.0,0.0,0.0,0.0,,0.0,0.0,0.0,0.0,0.0,0.0,0.0,0.0,0.0,0.0,0.0,0.0,0.0,0.0,0.0,Asset Management,Financial Services,3.585,351425734,193895,PPT
TTM,,,,,,,,,,,,,,,,351127595.0,4.005325827525485,0.59266472166679,0.0,0.0,-0.049933515676940876,4.005325827525485,-0.046392614172458414,-18.00230324498234,-17.925,0.8950582685091653,0.0,0.0,0.08702928870292889,-0.018641999378568634,0.59266472166679,-0.0195316724932347,0.0,1.0,,,,,,,,,,,Asset Management,Financial Services,3.585,351425734,193895,PPT
