Quarters,Year,Quarter,FillingDate,Date,NetIncome,Revenue,OperatingIncome,EPSDiluted,GrossProfit,GrossProfitRatio,TotalAssets,CommonStockEquity,CurrentAssets,CurrentLiability,TotalLiability,Inventory,RetainedEarnings,MarketCap,EnterpriseValue,bookValuePerShare,currentRatio,debtToAssets,debtToEquity,roic,shareholdersEquityPerShare,roe,priceToSalesRatio,peRatio,pbRatio,payoutRatio,inventoryTurnover,dividendYield,assetTurnover,quickRatio,returnOnAssets,priceToFreeCashFlowsRatio,grossProfitMargin,epsdilutedGrowth,fiveYNetIncomeGrowthPerShare,fiveYRevenueGrowthPerShare,fiveYShareholdersEquityGrowthPerShare,grossProfitGrowth,netIncomeGrowth,operatingIncomeGrowth,threeYNetIncomeGrowthPerShare,threeYRevenueGrowthPerShare,threeYShareholdersEquityGrowthPerShare,Industry,Sector,Symbol
2023Q1,2023,Q1,2023-05-04,2023-03-31,-86331000.0,56993000.0,-80290000.0,-1.27,51868000.0,0.9100766761,808231000.0,189140000.0,604904000.0,130645000.0,619091000.0,6712000.0,-1100554000.0,1533235486.51,1778704486.51,2.7743674324174052,4.630135098932221,0.5033771285684414,2.1510256952521942,-0.12819947094943038,2.7743674324174052,-0.456439674315322,26.90217195988981,-4.439991099691883,8.106352366025167,0.0,0.7635578069129917,0.0,0.07051573126989685,4.462857361552298,-0.10681475964173609,-14.055548811099703,0.9100766760830278,-0.23300970873786406,-1.7325841962606756,-0.13735211826047694,-0.6326095702380372,-0.041965275212412265,-0.3115628275830637,-0.16342085434417203,-68.58400633569482,-0.24531817619211127,-0.4700340156799164,Biotechnology,Healthcare,TVTX
2022Q4,2022,Q4,2023-02-23,2022-12-31,-65823000.0,55868000.0,-69012000.0,-1.03,54140000.0,0.9690699506,672585000.0,42851000.0,486437000.0,142163000.0,629734000.0,6922000.0,-1014223000.0,1350423932.01,1696223932.01,0.6673138031985995,3.421684967255896,0.6058535352408989,9.509416349676787,-0.14323179283271803,0.6673138031985995,-1.5360901729247858,24.171689196140903,-5.128997204662504,31.51440881216308,0.0,0.24963883270731002,0.0,0.08306459406617751,3.2841949030338413,-0.0978656972724637,-22.95195084742594,0.9690699505978377,0.05504587155963307,-1.288068527648875,-0.18878606983469645,-0.9104753301620172,0.0447501977962602,0.05502756402894223,-0.06247498229516273,-0.46083167398316766,-0.19639203550897963,-0.8699049512558479,Biotechnology,Healthcare,TVTX
2022Q3,2022,Q3,2022-10-27,2022-09-30,-69656000.0,53496000.0,-64954000.0,-1.09,51821000.0,0.9686892478,726215000.0,100676000.0,534842000.0,131032000.0,625539000.0,7297000.0,-948400000.0,1577791821.76,1834071821.76,1.572233171568141,4.081766286098053,0.5612897007084678,4.048800111247964,-0.12035935024022107,1.572233171568141,-0.6918828717867218,29.493641052788995,-5.6627994062248765,15.671975662124042,0.0,0.22954638892695628,0.0,0.07366413527674312,3.960833994749374,-0.0959164985575897,-33.45756439543662,0.9686892477942276,-0.038095238095238126,-1.3630415425262632,-0.19948066165976616,-0.8004294094777102,-0.005660449765906823,-0.03914548275450531,-0.07283958773784355,-0.2801958813645967,-0.19147346797361625,-0.7254897770922693,Biotechnology,Healthcare,TVTX
2022Q2,2022,Q2,2022-08-04,2022-06-30,-67032000.0,54167000.0,-60544000.0,-1.05,52116000.0,0.9621356176,779494000.0,156713000.0,586777000.0,124492000.0,622781000.0,7632000.0,-878744000.0,1541958068.55,1770371068.55,2.462554635853817,4.713371140314237,0.5236371287014396,2.6045828999508656,-0.10126211510807807,2.462554635853817,-0.4277373287474555,28.46674300865841,-5.750828218425528,9.839375600939295,0.0,0.2687368972746331,0.0,0.06948995117345355,4.577498955756194,-0.08599424755033394,-31.947086324742052,0.9621356176269684,0.12499999999999993,-2.1085550118769376,-0.14354124333654752,-0.6750117378323589,0.12442555394938402,0.11766331889800055,-0.061244522348816825,-0.14196862036091124,-0.20117171342750356,-0.6271107021444177,Biotechnology,Healthcare,TVTX
2022Q1,2022,Q1,2022-05-05,2022-03-31,-75971000.0,48487000.0,-57050000.0,-1.2,46349000.0,0.9559057067,828405000.0,208141000.0,631093000.0,119473000.0,620264000.0,6521000.0,-811712000.0,1626933312.57,1779147312.57,3.29687365091015,5.282306462548023,0.4934615314972749,1.96398595183073,-0.08764327405993977,3.29687365091015,-0.3649977659375135,33.554010612535315,-5.353797213969805,7.81649608952585,0.0,0.32786382456678426,0.0,0.05853054967075283,5.1732609041373365,-0.09170755850097477,-26.85284487711885,0.9559057066842659,-0.42857142857142855,-3.128213699982018,-0.13089253750685542,-0.5831970254113878,-0.162665076870269,-0.4730769976538111,-0.16690529760687256,-0.2160764374646991,-0.19626578926848848,-0.5221584989639332,Biotechnology,Healthcare,TVTX
2021Q4,2021,Q4,2022-02-24,2021-12-31,-51573000.0,57249000.0,-48890000.0,-0.84,55353000.0,0.9668815176,776633000.0,302112000.0,582827000.0,124088000.0,474521000.0,7313000.0,-765966000.0,1912588451.84,2008821451.84,4.903070742154879,4.696884469086455,0.3373356527471792,0.8671817074462451,-0.08155721022370323,4.903070742154879,-0.1707082141722275,33.40824209750389,-9.271268162798362,6.330726524732549,0.0,0.25926432380691916,0.0,0.07371435414153146,4.585802011475727,-0.0664058828301141,-59.62491666427658,0.9668815175810931,-0.42372881355932207,-2.701466836096042,-0.05298285037965478,-0.39389576966111495,-0.1691857410881801,-0.4470944751536238,-1.7393959769148877,-3.634161743460167,-0.12385118740254727,-0.36409548265018776,Biotechnology,Healthcare,TVTX
2021Q3,2021,Q3,2021-10-29,2021-09-30,-35639000.0,68217000.0,-17847000.0,-0.59,66625000.0,0.9766627087,775075000.0,307370000.0,579079000.0,113163000.0,467705000.0,6616000.0,-714393000.0,1474473841.25,1547842841.25,5.055174457134507,5.117211456041286,0.2886120697996968,0.7277743436249471,-0.03364658854463296,5.055174457134507,-0.11594820574551844,21.61446327528329,-10.343120186102304,4.797064909555259,0.0,0.24062877871825877,0.0,0.08801341805631713,4.992435690110725,-0.04598135664290553,55.246500103038706,0.9766627087089729,0.07812500000000007,0.41595648440116834,0.22225708076238504,-0.39224580676883297,0.25788241513423704,0.08646057623295396,0.4720759628468319,0.5622192482780521,0.12224925054026396,-0.35488454500522815,Biotechnology,Healthcare,TVTX
2021Q2,2021,Q2,2021-07-29,2021-06-30,-39012000.0,54617000.0,-33806000.0,-0.64,52966000.0,0.9697713166,746766000.0,332303000.0,549798000.0,96977000.0,414463000.0,7409000.0,-678754000.0,883734668.81,1021307668.81,5.486149792593877,5.669364900955896,0.29575663594753915,0.6646373941854271,-0.06119074006883102,5.486149792593877,-0.11739887993788801,16.18057873574162,-5.663223295460371,2.6594242869008102,0.0,0.22283709002564447,0.0,0.07313803788603124,5.5172876042773025,-0.052241264331798716,403.7161575194152,0.9697713166230295,0.3333333333333333,-0.7627857128983851,-0.007013154848647972,-0.359832343847473,0.15742318954591145,0.27577180834277015,0.1323340690929624,-0.15553901895395625,-0.12613456870799186,-0.23684274844579495,Biotechnology,Healthcare,TVTX
2021Q1,2021,Q1,2021-05-06,2021-03-31,-53867000.0,47407000.0,-38962000.0,-0.96,45762000.0,0.9653004831,764045000.0,362689000.0,565040000.0,85013000.0,401356000.0,7183000.0,-639742000.0,1405024644.76,1474868644.76,6.445683614003058,6.646512886264453,0.2854229790130163,0.60127547292584,-0.06747947287163011,6.445683614003058,-0.1485211848167438,29.637493297614277,-6.520804225035736,3.8739102778413463,0.0,0.2290129472365307,0.0,0.06204739249651526,6.482655593850352,-0.07050239187482413,-39.30798580908684,0.9653004830510262,0.5949367088607596,-4.11711173142174,0.06069926421103479,-0.26261288191489607,-0.06438224530269264,0.5570949334824291,-0.5453139253559671,-1.0657776633820617,-0.13062224664493483,-0.14644237623751588,Biotechnology,Healthcare,TVTX
2020Q4,2020,Q4,2021-03-01,2020-12-31,-121622000.0,50983000.0,-25213000.0,-2.37,48911000.0,0.959359002,607439000.0,211213000.0,410407000.0,92660000.0,396226000.0,7608000.0,-585875000.0,1397201110.395,1527768110.395,4.120101445791551,4.4291711633930495,0.35450308590656837,1.0195347824234304,-0.05888082913967746,4.120101445791551,-0.5758262985706373,27.405235282250946,-2.8720155695412837,6.6151283793847915,0.0,0.2723449001051525,0.0,0.08393106139052646,4.259184113965033,-0.20022092753346427,-11.86582683987261,0.9593590020202812,-4.386363636363637,-33.84234562559201,0.1843578687195199,-0.5019674730052075,-0.020800800800800802,-4.393675994500865,-0.7570034843205575,-4.295678527788486,-0.07270956547082637,-0.4472604644689024,Biotechnology,Healthcare,TVTX
2020Q3,2020,Q3,2020-11-05,2020-09-30,-22549000.0,51139000.0,-14350000.0,-0.44,49950000.0,0.9767496431,692220000.0,301413000.0,497682000.0,75426000.0,390807000.0,7259000.0,-464253000.0,940159954.5,952329954.5,5.918231204560415,6.598281759605441,0.3072014677414695,0.7055136971530757,-0.02794331436890684,5.918231204560415,-0.07481097364745383,18.384402403253876,-10.423521602953569,3.1191751998089,0.0,0.1637966662074666,0.0,0.07387680217271965,6.428910455280673,-0.03257490393227586,-5223.110858333333,0.9767496431295097,0.24137931034482754,-1.14988603104584,0.2815157798313279,-0.27312725327147946,0.06421510141469235,0.13499309498235385,0.23771580345285526,0.03821265842021399,-0.037852415331032604,-0.2487724354756276,Biotechnology,Healthcare,TVTX
2020Q2,2020,Q2,2020-07-31,2020-06-30,-26068000.0,48430000.0,-18825000.0,-0.58,46936000.0,0.9691513525,678694000.0,318645000.0,505562000.0,69933000.0,360049000.0,6286000.0,-441704000.0,913630035.63,886469035.63,7.118356661200871,7.229233695108175,0.3094310543484987,0.6590688697453279,-0.03569831509898353,7.118356661200871,-0.08180890960159425,18.864960471402025,-8.761988219560381,2.867234808736996,0.0,0.23767101495386572,0.0,0.07135763687317112,7.029042083136717,-0.038409062110465096,-83.90394302782624,0.9691513524674789,-30.0,0.2025262631465315,0.5713861523377785,0.6503229695080378,0.011573525291493351,-33.26237623762376,-0.24941926063582665,-0.7186042371003768,0.08862405300160721,-0.06057622960676919,Biotechnology,Healthcare,TVTX
2020Q1,2020,Q1,2020-05-11,2020-03-31,808000.0,47769000.0,-15067000.0,0.02,46399000.0,0.9713203123,573063000.0,225748000.0,406630000.0,68091000.0,347315000.0,6593000.0,-415636000.0,629163067.23,769556067.23,5.2349915173834445,5.971861185766107,0.3619357732046913,0.9187766890515088,0.0015469728181893617,5.2349915173834445,0.003579212218934387,13.170949093135716,194.66679060334158,2.7870150221928878,0.0,0.20779614742909147,0.0,0.08335732720486229,5.797065691501079,0.0014099671414835716,-18.631379881844296,0.9713203123364526,1.028985507246377,-0.9871677884440833,0.7317664153258655,-0.15658893616719785,0.031960322049730885,1.02670279916719,0.2043618313354808,1.0642795891991685,0.2535501658639216,-0.3381729882826386,Biotechnology,Healthcare,TVTX
2019Q4,2019,Q4,2020-02-24,2019-12-31,-30259000.0,46687000.0,-18937000.0,-0.69,44962000.0,0.9630518131,604800000.0,221196000.0,429064000.0,95449000.0,383604000.0,6082000.0,-416444000.0,612345137.4,754770137.4,5.129432746598634,4.495217341197917,0.33872519841269844,0.9261514674768079,-0.0444941586967462,5.129432746598634,-0.13679722960632199,13.115966701651423,-5.05919839882349,2.7683372999511744,0.0,0.2836238079579086,0.0,0.07719411375661375,4.364341166486815,-0.05003141534391534,-72.27869893767705,0.963051813138561,0.1882352941176471,0.7100526901613595,1.087504741614996,4.7396468612725124,0.049043397106859545,0.17075911208550287,0.025724134382878017,-2.1031153985853424,0.1035138652801832,-0.36591351615174567,Biotechnology,Healthcare,TVTX
2019Q3,2019,Q3,2019-10-30,2019-09-30,-36490000.0,44373000.0,-19437000.0,-0.85,42860000.0,0.9659026886,613816000.0,245957000.0,439718000.0,88017000.0,367859000.0,5264000.0,-386185000.0,497718966.52,634885966.52,5.727412097496292,4.995830350954929,0.3296671966843484,0.8227251104867924,-0.04274333918424616,5.727412097496292,-0.14835926605056982,11.216707604173708,-3.409968255138394,2.0236015503522973,0.0,0.2874240121580547,0.0,0.07229039321229815,4.815024370292103,-0.0594477823973308,-27.141398545097612,0.9659026885718793,0.07608695652173919,-0.7403637994885628,2.3024172850954434,16.00039218931943,-0.019849981705085985,0.05713030671042092,0.4141246684350133,0.15332227397404616,0.12567575362641903,-0.31142658910541593,Biotechnology,Healthcare,TVTX
2019Q2,2019,Q2,2019-08-06,2019-06-30,-38701000.0,44707000.0,-33176000.0,-0.92,43728000.0,0.9781018632,647574000.0,277089000.0,457015000.0,90587000.0,370485000.0,5050000.0,-349695000.0,864331916.0000001,988565916.0000001,6.603983139273548,5.045039575214987,0.3086766917757662,0.7213963744500864,-0.06967850879551497,6.603983139273548,-0.1396699255473873,19.33325689489342,-5.583395235265239,3.1193295872445317,0.0,0.19386138613861387,0.0,0.06903766982615114,4.872122931546469,-0.0597630541065577,-38.41987447215185,0.9781018632428926,0.07070707070707066,-3.7874052799479534,3.7572628105799297,157.689109157195,0.13423079915959849,0.05554335358859848,-0.2038172647773867,-1.5245080774390367,0.1733955933803874,-0.22939464517597524,Biotechnology,Healthcare,TVTX
2019Q1,2019,Q1,2019-05-07,2019-03-31,-40977000.0,39570000.0,-27559000.0,-0.99,38553000.0,0.9742987111,667668000.0,285711000.0,475513000.0,104075000.0,381957000.0,5571000.0,-310994000.0,916410248.8199999,1066579248.8199999,6.8995130053831515,4.568945472015374,0.3295155676174386,0.7700333553835869,-0.05503335264656293,6.8995130053831515,-0.14342114934321745,23.15921781197877,-5.5910037876125624,3.207472756806703,0.0,0.1825525040387722,0.0,0.05926598249429357,4.423338938265673,-0.06137331727744927,-37.447296862536774,0.9742987111448067,-13.222222222222221,0.6730540951598372,798.2092733277766,5.549020921487123,-0.08572851451337507,-4.496579476861167,-0.7462298821442149,-4.2220080138234595,0.20301964872042005,-0.21069473528339355,Biotechnology,Healthcare,TVTX
2018Q4,2018,Q4,2019-02-26,2018-12-31,-7455000.0,43771000.0,-15782000.0,0.081,42168000.0,0.9633775788,709160000.0,318253000.0,495678000.0,104621000.0,390907000.0,5619000.0,-270017000.0,934072983.36,1048747983.36,7.710388286890705,4.73784421865591,0.30676857126741497,0.6835693614828454,0.013204358804689557,7.710388286890705,-0.023424759546649992,21.339996421374885,-31.323708362173036,2.935001345973172,0.0,0.2852820786616836,0.0,0.0617223193637543,4.645635197522486,-0.010512437249703875,-125.69949984658862,0.9633775787621941,1.0604477611940297,0.8276572391905218,0.0,10.825396375175371,0.06557501326662118,0.863251155624037,0.16858076072068276,-1.6525242939041427,0.2628754190243611,-0.06797824928471285,Biotechnology,Healthcare,TVTX
2018Q3,2018,Q3,2018-11-01,2018-09-30,-54516000.0,40706000.0,-18982000.0,-1.34,39573000.0,0.9721662654,716186000.0,319065000.0,502989000.0,99872000.0,397121000.0,5129000.0,-262562000.0,1132352006.3999999,1192662006.3999999,7.836077120762012,5.036336510733739,0.3003828614354372,0.6742513280992901,-0.03580641496941562,7.836077120762012,-0.17086173663673546,27.817815712671347,-5.192750781421967,3.54896966574209,0.0,0.22090076038214077,0.0,0.0568371903388226,4.9289390419737265,-0.07611989064293354,-146.22314132231404,0.9721662654154178,-1.3928571428571428,-0.8877962708820051,0.0,21.74405776146946,-0.014591996812669638,-1.4414886470509203,0.021596824905932684,-1.4532600506222253,0.27590912114297594,-0.03757884687645182,Biotechnology,Healthcare,TVTX
2018Q2,2018,Q2,2018-08-03,2018-06-30,-22329000.0,41337000.0,-19401000.0,-0.56,40159000.0,0.971502528,491144000.0,287989000.0,278917000.0,103497000.0,203155000.0,5388000.0,-208046000.0,1092064086.7,1048160086.7,7.188754062706053,2.694928355411268,0.0924392846089945,0.15764838240349457,-0.05863161673308787,7.188754062706053,-0.07753421137612895,26.418561741297143,-12.226970382686194,3.792034024563438,0.0,0.218634001484781,0.0,0.0841647256201847,2.589543658270288,-0.045463244995357775,-168.16508880505083,0.9715025280015482,-0.21739130434782614,-0.366753211491323,0.0,11.415509544900313,0.0907140335153046,-0.2149853085210578,-0.35813790689534475,0.2367214797679214,0.4986923744931127,0.6666439343356252,Biotechnology,Healthcare,TVTX
2018Q1,2018,Q1,2018-05-01,2018-03-31,-18378000.0,38432000.0,-14285000.0,-0.46,36819000.0,0.9580297669,500794000.0,299475000.0,286803000.0,56525000.0,201319000.0,5142000.0,-185717000.0,886739866.48,870860866.48,7.551550632973634,5.07391419725785,0.09033255190757078,0.15105768428082478,-0.04196315461579726,7.551550632973634,-0.061367392937640874,23.072956559117404,-12.062518588529764,2.9609812721596125,0.0,0.31369117075068065,0.0,0.07674213349201468,4.901141088014153,-0.03669772401426535,-38.57067709786864,0.9580297668609492,-0.0454545454545455,-0.04518955960738783,0.0,26.0739092219663,-0.10204131405019146,-0.043137700079464186,-1.4427154582763337,-1.3173743990332734,0.5150244548122624,0.21663260232500814,Biotechnology,Healthcare,TVTX
2017Q4,2017,Q4,2018-02-27,2017-12-31,-17618000.0,42177000.0,-5848000.0,-0.44,41003000.0,0.972164924,520346000.0,293134000.0,325807000.0,85668000.0,227212000.0,5351000.0,-177655000.0,828596986.91,774279986.91,7.453965531582191,3.8031353597609376,0.08662889692627598,0.1537760887512196,-0.02759852369639087,7.453965531582191,-0.060102205817134824,19.645707065699312,-11.757818522391872,2.8266833151732658,0.0,0.2193982433190058,0.0,0.08105568218070285,3.6711724331138815,-0.033858240478450874,-218.39667551660517,0.9721649240107167,0.04347826086956525,0.5725164113913174,0.0,10.498635242431334,0.040289229988583024,0.009890974485781724,-0.3024498886414254,0.8148813250651481,1.0679322357454388,6.434362858680445,Biotechnology,Healthcare,TVTX
2017Q3,2017,Q3,2017-11-07,2017-09-30,-17794000.0,40340000.0,-4490000.0,-0.46,39415000.0,0.9770699058,520510000.0,304520000.0,325339000.0,83904000.0,215990000.0,4318000.0,-160037000.0,962100200.5400001,908020200.5400001,7.878080469940487,3.877514778794813,0.08628268429040749,0.14748128201760147,-0.012023100840998878,7.878080469940487,-0.058432943649021414,23.84978186762519,-13.517199625435541,3.159399056022593,0.0,0.21421954608615099,0.0,0.0775009125665213,3.7950038138825324,-0.03418570248410213,505.3047271743698,0.9770699058006941,-0.3529411764705882,-13.033118775593346,0.0,14.115383228639864,0.03715496145041181,-0.3450752135459974,0.5646693814233081,0.057144562173292175,2.3354497098824254,21.63310527276089,Biotechnology,Healthcare,TVTX
2017Q2,2017,Q2,2017-08-09,2017-06-30,-13229000.0,38800000.0,-10314000.0,-0.34,38003000.0,0.9794587629,507130000.0,295829000.0,319658000.0,79626000.0,211301000.0,4369000.0,-142243000.0,757007801.5500001,712489801.5500001,7.577364854437543,4.0144927536231885,0.08823575808964171,0.1512596804234879,-0.02643703951343674,7.577364854437543,-0.04471840150897985,19.510510349226806,-14.30583947293824,2.5589370938954596,0.0,0.1824216067750057,0.0,0.07650898191785144,3.884434732373848,-0.026086013448228265,318.74012696842107,0.979458762886598,-0.21428571428571425,-9.30168295903259,0.0,13.712275079593192,0.15472030628057487,-0.19287646528403968,0.06778741865509762,-2.0239900370966635,3.4371501490105443,181.07879292708247,Biotechnology,Healthcare,TVTX
2017Q1,2017,Q1,2017-05-05,2017-03-31,-11090000.0,33620000.0,-11064000.0,-0.28,32911000.0,0.9789113623,510381000.0,300935000.0,322398000.0,76555000.0,209446000.0,4751000.0,-129014000.0,702316551.82,705028551.82,7.90990912232378,4.211325191039122,0.08735238968535271,0.1481482712213601,-0.026996980855058198,7.90990912232378,-0.03685181185305797,20.88984389708507,-15.83220360279531,2.3337815535580773,0.0,0.14923174068617134,0.0,0.06587235810110487,4.05931683103651,-0.021728865298669034,-99.04337213651108,0.9789113622843546,-0.2727272727272728,0.3425668638927405,0.0,27.263790435455334,-0.08891841762865764,-0.2890852028362199,-2.8464619492656875,0.9036892854642119,738.0936819996206,6.2152002694159005,Biotechnology,Healthcare,TVTX
2016Q4,2016,Q4,2017-03-01,2016-12-31,-8603000.0,37326000.0,5992000.0,-0.22,36123000.0,0.9677704549,525282000.0,307767000.0,332352000.0,83262000.0,217515000.0,2826000.0,-113056000.0,720197850.81,723617850.81,8.089484442986768,3.991640844562946,0.08456790828545428,0.1443364623237709,0.011911452891179642,8.089484442986768,-0.027952964417887558,19.29480391175052,-20.92868333168662,2.34007496193549,0.0,0.4256900212314225,0.0,0.07105897403680309,3.858086522062886,-0.016377869411097278,-65.50826367200291,0.9677704549107861,0.78,-5.59011593235491,0.0,14.32984621844746,0.11587174101075003,0.7681944332174709,1.3964011643291876,0.7842303431933635,0.0,11.308480995476799,Biotechnology,Healthcare,TVTX
2016Q3,2016,Q3,2016-11-04,2016-09-30,-37113000.0,33945000.0,-15116000.0,-1.0,32372000.0,0.9536603329,532420000.0,307595000.0,342590000.0,85994000.0,224825000.0,3253000.0,-104453000.0,827620367.28,847982367.28,8.317794452817058,3.983882596460218,0.08312422523571616,0.14388075228791106,-0.05202704066579393,8.317794452817058,-0.12065540727254995,24.38121571011931,-5.575003147684099,2.690617101318292,0.0,0.4835536427912696,0.0,0.06375605724803726,3.90473753982836,-0.06970624694789827,423.1187971779141,0.953660332891442,-1.7027027027027026,-29.340780121553347,0.0,15.459399664659095,0.0025394859089501393,-1.769006938745057,-0.759720605355064,-0.4150330386208424,0.0,23.01928412880249,Biotechnology,Healthcare,TVTX
2016Q2,2016,Q2,2016-08-05,2016-06-30,-13403000.0,33311000.0,-8590000.0,-0.37,32290000.0,0.9693494641,533971000.0,314372000.0,300157000.0,80068000.0,219599000.0,2713000.0,-67340000.0,653331870.49,676268870.49,8.569864065870178,3.7487760403656893,0.08257377273297614,0.14025422111383964,-0.015445099486536749,8.569864065870178,-0.04263420406397516,19.613096889616042,-12.186299158583898,2.078212660446859,0.0,0.37633615923332103,0.0,0.062383537682758054,3.566718289453964,-0.02510061407829264,387.9642936401425,0.9693494641409744,-3.6249999999999996,-10.060716757896651,0.0,0.0,0.14296839049945134,-2.1949893009985733,-0.5488640461593941,0.10406769603204033,0.0,13.416546761507824,Biotechnology,Healthcare,TVTX
2016Q1,2016,Q1,2016-05-05,2016-03-31,11216000.0,29008000.0,-5546000.0,-0.08,28251000.0,0.9739037507,507100000.0,319232000.0,297739000.0,66617000.0,187868000.0,3230000.0,-53937000.0,498865740.76,519532740.76,8.74124792245034,4.469414713961902,0.08662788404653915,0.13760838512429832,-0.02786930295657309,8.74124792245034,0.035134322373696875,17.19752277854385,11.119510983416548,1.5627059341168805,0.0,0.23436532507739938,0.0,0.05720370735555117,4.246933965804525,0.02211792545848945,-80.90589373337657,0.973903750689465,-0.23076923076923075,8.694606955708052,0.0,15.783212898144019,-0.048371340991006165,5.5427298501417575,0.34366863905325445,1.6926698277999421,0.0,30.024139219459112,Biotechnology,Healthcare,TVTX
2015Q4,2015,Q4,2016-02-26,2015-12-31,-2469000.0,30448000.0,-8450000.0,-0.065,29687000.0,0.9750065686,512400000.0,299971000.0,301932000.0,85798000.0,212429000.0,2536000.0,-65153000.0,699457444.74,705554444.74,8.272755738772522,3.519103009394158,0.08567915690866511,0.1463541475675982,-0.004669498959098928,8.272755738772522,-0.008230795643578879,22.972196687467157,-70.82396159781288,2.3317502183211043,0.0,0.3000788643533123,0.0,0.05942232630757221,3.367339565024826,-0.004818501170960187,-163.69235776737656,0.9750065685759327,-1.0365168539325842,-1.0648250649031101,0.0,15.275595337711355,0.07984140840971919,-1.0233855538085586,0.04842342342342342,0.9350268869523476,0.0,11.542024762442288,Biotechnology,Healthcare,TVTX
2015Q3,2015,Q3,2015-11-06,2015-09-30,105578000.0,28005000.0,-8880000.0,1.78,27492000.0,0.9816818425,511630000.0,291012000.0,299954000.0,101947000.0,220618000.0,2650000.0,-62684000.0,724130428.0200001,627281428.0200001,8.142045813654386,2.942254308611337,0.0855051502062037,0.15032713427624977,-0.019403069646268915,8.142045813654386,0.3627960359022996,25.857183646491702,1.7146811552122603,2.4883181037895348,0.0,0.19358490566037737,0.0,0.05473682153118464,2.896622754960911,0.20635615581572622,-295.3223605301795,0.98168184252812,3.4383561643835616,48.50896112462072,0.0,0.0,0.1733174000256071,5.135934500724723,-0.30128956623681125,91.04759087338522,0.0,14.554831220456782,Biotechnology,Healthcare,TVTX
2015Q2,2015,Q2,2015-08-10,2015-06-30,-25527000.0,24068000.0,-6824000.0,-0.73,23431000.0,0.9735333223,425140000.0,150781000.0,244737000.0,172382000.0,274359000.0,2005000.0,-168262000.0,1158828992.1,1115800992.1,4.313311268595418,1.419736399392048,0.19927082843298677,0.5618612424642362,-0.02899380561929792,4.313311268595418,-0.16929851904417664,48.14812165946485,-11.34905190680456,7.6855107215100045,0.0,0.31770573566084787,0.0,0.05661193959636825,0.8415901892308941,-0.060043750294020794,178.30209387398074,0.9735333222536148,-1.5530303030303028,-10.712921316546703,0.0,0.0,0.3704460567667989,-1.6437273252049067,0.15799272078290882,-21.200751152650522,0.0,8.23628865755127,Biotechnology,Healthcare,TVTX
2015Q1,2015,Q1,2015-05-11,2015-03-31,39654989.0,17371800.0,-8104443.0,1.32,17097353.0,0.9842015796,415988432.0,168567017.0,233543094.0,102165225.0,247421415.0,1718365.0,-142734440.0,650702876.6800001,614770959.6800001,6.206927727024968,2.2859352974556657,0.2025127467967667,0.49975945175561837,3.471790617784529,6.206927727024968,0.23524761667936497,37.45742391001509,4.102276239945496,3.8602028336302587,0.0,0.15971403048828392,0.0,0.041760295872842926,1.316469219345428,0.09532714361633979,-88.43180359990733,0.9842015795714895,1.6111111111111112,39.17937684573797,0.0,11.989316352945824,0.24368987901606717,1.603357009035462,-2.118416346091746,4.293238404833687,0.0,21.60926953136845,Biotechnology,Healthcare,TVTX
2014Q4,2014,Q4,2015-03-11,2014-12-31,-65723922.0,14084988.0,7246356.0,-2.16,13747280.0,0.9760235507,135470972.0,-37250719.0,37333662.0,107538551.0,172721691.0,800507.0,-179174858.0,332412487.92,397981471.92,-1.3716355947184837,0.34716538072007314,0.618385361551846,-2.2489033298927734,0.3501227754127839,-1.3716355947184837,1.7643665347774897,23.60048073310393,-1.2644273112611872,-8.92365293459168,0.0,0.421867641382274,0.0,0.10397052440134555,0.3321580090845747,-0.48515132821221657,-36.22674561562775,0.976023550747789,-3.695652173913044,-408.22999017436206,0.0,0.0,0.6865402913838649,-4.045029652748886,1.3090982125181698,-69.5296774077116,0.0,-1.2601800737990518,Biotechnology,Healthcare,TVTX
2014Q3,2014,Q3,2014-11-13,2014-09-30,-13027460.0,8348583.0,-23443539.0,-0.46,8151172.0,0.9763539513,145931880.0,-10187849.0,45444559.0,49134867.0,156119729.0,683565.0,-149134700.0,240676240.2,298107645.2,-0.38181749018364464,0.9248943118132384,0.5707672237210951,-8.175733071819185,-0.21362272745498004,-0.38181749018364464,1.2787252736078047,28.82839401608632,-4.618633260052228,-23.62385231661757,0.0,0.2887962373731832,0.0,0.05720876754277407,0.8643334477734518,-0.08927082965010798,-15.371217717974622,0.9763539513232365,0.4888888888888889,-6.852582837730438,0.0,0.0,0.7976538586991401,-2.535723375378863,-0.14337961939887697,-13.76062805185869,0.0,0.33626014433999696,Biotechnology,Healthcare,TVTX
2014Q2,2014,Q2,2014-08-14,2014-06-30,8482947.0,5741734.0,-20503723.0,-0.9,4534339.0,0.7897159639,155535303.0,1066834.0,53396976.0,47984691.0,154468469.0,496685.0,-129578400.0,300958151.98,343890867.98,0.041615856150101285,1.112791911070137,0.5324386194174836,77.62501195125014,-0.34804412741699564,0.041615856150101285,7.95151541851872,52.41589944431421,8.86950466565452,282.10401241430253,0.0,2.430906912832077,0.0,0.03691595341541206,1.063023579749633,0.05454033159275743,-20.134691852223728,0.7897159638534282,0.7029702970297029,6.307744461853657,0.0,0.0,166.9384814814815,1.1201112891922698,-1.5593339569456528,11.017513060783465,0.0,0.0,Biotechnology,Healthcare,TVTX
2014Q1,2014,Q1,2014-05-15,2014-03-31,-70625726.0,27900.0,36657390.0,-3.03,27000.0,0.9677419355,94048621.0,-35392211.0,6442296.0,113447197.0,129440832.0,349130.0,-138061347.0,494701300.4,522288809.4,-1.5167028519903198,0.05678673577100367,0.33262552568420967,-0.8838942557163213,-8.928990021151765,-1.5167028519903198,1.9955160755568506,17731.22940501792,-1.75113704459477,-13.977688491967909,0.0,0.0025778363360352877,0.0,0.00029665506738264666,0.04468688635824118,-0.7509490862178617,-49.30662925738252,0.967741935483871,-1.8857142857142855,-78.13755877192504,0.0,-1.6853103801042124,0.0,-1.8880013314315998,4.196717001248517,-74.82931887962756,0.0,-1.5650503638741171,Biotechnology,Healthcare,TVTX
2013Q4,2013,Q4,2014-03-28,2013-12-31,-24454880.0,0.0,-11467199.0,-1.05,0.0,0.0,20498879.0,-18311898.0,7501244.0,35209878.0,38810777.0,0.0,-67435621.0,163344769.0,157347462.0,-0.7847406855128615,0.21304373732848492,0.0,0.0,1.1727253088752259,-0.7847406855128615,1.3354639699281854,0.0,-1.6698586233095398,-8.92014410521509,0.0,0.0,0.0,0.0,0.17410741951448966,-1.1929862115874728,-11.950803765761428,0.0,0.0277777777777778,-176.21408620911373,0.0,0.0,0.0,-1.2440200998385087,-1.224702715265887,-30.779684981212636,0.0,-0.3541606721102127,Biotechnology,Healthcare,TVTX
2013Q3,2013,Q3,2013-11-13,2013-09-30,-10897799.0,0.0,-5154486.0,-1.08,0.0,0.0,21364710.0,-5804374.0,16847848.0,27169084.0,27169084.0,0.0,-54301348.0,99876601.5,86466776.5,-0.3777504483870529,0.6201110055826689,0.0,0.0,1.3560435295285092,-0.3777504483870529,1.87751495682394,0.0,-2.291210397163684,-17.207127159621347,0.0,0.0,0.0,0.0,0.6024200521445625,-0.5100841059859927,-37.43486774787201,0.0,-1.6341463414634152,-10.406905743220888,0.0,0.0,0.0,-1.1808120222631835,-0.01070295076258328,-10.406905743220888,0.0,0.0,Biotechnology,Healthcare,TVTX
2013Q2,2013,Q2,2013-09-16,2013-06-30,-4997129.0,0.0,-5099902.0,-0.41,0.0,0.0,2672542.0,-8457398.0,404409.0,11129940.0,11129940.0,0.0,-43403547.0,61267995.0,60981481.0,-0.6901970596556979,0.03633523630855153,0.0,0.0,0.5968732889677324,-0.6901970596556979,0.5908589142901871,0.0,-3.065159764736912,-7.2443078828736684,0.0,0.0,0.0,0.0,0.025742636528139413,-1.8698037299320274,-27.636177016250713,0.0,0.3880597014925374,-5.541211079601912,0.0,0.0,0.0,-0.05359712852119432,-1.2661356401556287,-5.541211079601912,0.0,0.0,Biotechnology,Healthcare,TVTX
2013Q1,2013,Q1,2013-07-24,2013-03-31,-4742922.0,0.0,-2250484.0,-0.67,0.0,0.0,4950641.0,-3221672.0,2637920.0,1215049.0,8172313.0,0.0,-38355034.0,56159927.25,53656464.25,-0.30117165082331904,2.17104001567015,0.0,0.0,1.0595142519208542,-0.30117165082331904,1.4721926999396586,0.0,-2.9601966493440117,-17.43191959020037,0.0,0.0,0.0,0.0,2.0603802809598624,-0.9580419990057853,-12.247483058280736,0.0,-18.533527696793005,-10.59326236135828,0.0,0.4667779788983072,0.0,-1294.5263589183282,-710.953179373616,-10.59326236135828,0.0,0.4667779788983072,Biotechnology,Healthcare,TVTX
2012Q4,2012,Q4,2013-03-06,2012-11-30,-3661.0,0.0,-3161.0,-0.0343,0.0,0.0,3900.0,-64750.0,3900.0,68650.0,68650.0,0.0,-146751.0,214456.94999999998,235556.94999999998,-0.6068700501429308,0.05680990531682447,6.410256410256411,-0.3861003861003861,0.07952201257861635,-0.6068700501429308,0.05654054054054054,0.0,-14.6446974870254,-3.3120764478764473,0.0,0.0,0.0,0.0,0.05680990531682447,-0.9387179487179487,0.0,0.0,-0.045731707317072996,-4.802238223900021,0.0,0.0,0.0,-0.046,-0.05366666666666667,-4.802238223900021,0.0,0.0,Biotechnology,Healthcare,TVTX
2012Q3,2012,Q3,2012-10-10,2012-08-31,-3500.0,0.0,-3000.0,-0.0328,0.0,0.0,3900.0,-64089.0,3900.0,67989.0,67989.0,0.0,-143090.0,160042.5,181142.5,-0.6006748207507381,0.05736222035917575,6.410256410256411,-0.39008254146577415,0.07674793420143775,-0.6006748207507381,0.054611555805208385,0.0,-11.431607142857143,-2.4971914057014466,0.0,0.0,0.0,0.0,0.05736222035917575,-0.8974358974358975,0.0,0.0,0.0030395136778114265,0.47240164157836856,0.0,0.0,0.0,0.002564833285836421,0.0029910269192422734,0.47240164157836856,0.0,0.0,Biotechnology,Healthcare,TVTX
2012Q2,2012,Q2,2012-08-08,2012-05-31,-3509.0,0.0,-3009.0,-0.0329,0.0,0.0,3900.0,-63589.0,3900.0,67489.0,67489.0,0.0,-139590.0,160021.5,181121.5,-0.5960667785266355,0.057787194950288195,6.410256410256411,-0.3931497586060482,0.07797558889839074,-0.5960667785266355,0.05518250011794493,0.0,-11.400790823596466,-2.51649656387111,0.0,0.0,0.0,0.0,0.057787194950288195,-0.8997435897435897,-17780.166666666668,0.0,0.17543859649122806,0.4724087831078494,0.0,0.0,0.0,0.17590418036636918,0.19930814262905802,0.4724087831078494,0.0,0.0,Biotechnology,Healthcare,TVTX
2012Q1,2012,Q1,2012-05-24,2012-02-29,-4258.0,0.0,-3758.0,-0.0399,0.0,0.0,3909.0,-63080.0,3909.0,66989.0,66989.0,0.0,-136081.0,160021.5,181112.5,-0.5912955446611862,0.05835286390302886,6.3954975697109235,-0.39632213062777427,0.09868697478991596,-0.5912955446611862,0.06750158528852251,0.0,-9.395344058243307,-2.536802473050095,0.0,0.0,0.0,0.0,0.05835286390302886,-1.0892811460731644,8890.083333333334,0.0,-0.20909090909090897,-0.04362745098039225,0.0,-0.04688407601028972,0.0,-0.21034678794769757,-0.24519549370444002,-0.04362745098039225,0.0,-0.04688407601028972,Biotechnology,Healthcare,TVTX
2011Q4,2011,Q4,2012-01-11,2011-11-30,-3518.0,0.0,-3018.0,-0.033,0.0,0.0,3891.0,-61822.0,3891.0,65713.0,65713.0,0.0,-131823.0,160021.5,181130.5,-0.5795033792334155,0.05921202806141859,6.425083526085839,-0.40438678787486654,0.08196187062082451,-0.5795033792334155,0.056905308789751224,0.0,-11.371624502558271,-2.5884232150367184,0.0,0.0,0.0,0.0,0.05921202806141859,-0.9041377537907993,-8890.083333333334,0.0,0.0030211480362536537,-4.576332374404538,0.0,0.0,0.0,0.0019858156028368795,0.14382978723404255,-4.576332374404538,0.0,0.0,Biotechnology,Healthcare,TVTX
2011Q3,2011,Q3,2011-10-13,2011-08-31,-3525.0,0.0,-3525.0,-0.0331,0.0,0.0,3909.0,-61304.0,3909.0,750.0,65213.0,0.0,-128305.0,159853.5,155944.5,-0.5752517148514108,5.212,0.0,0.0,0.057500326242985775,-0.5752517148514108,0.057500326242985775,0.0,-11.337127659574469,-2.607554156335639,0.0,0.0,0.0,0.0,5.212,-0.9017651573292402,-6394.14,0.0,-0.0030303030303029067,0.4680048294597042,0.0,0.0,0.0,-0.00028376844494892167,-0.16567460317460317,0.4680048294597042,0.0,0.0,Biotechnology,Healthcare,TVTX
2011Q2,2011,Q2,2011-07-07,2011-05-31,-3524.0,0.0,-3024.0,-0.033,0.0,0.0,,,,,,,,160021.5,,,0.0,0.0,0.0,0.0,,0.0,0.0,-11.352263053348468,0.0,0.0,0.0,0.0,0.0,0.0,0.0,-6667.5625,0.0,0.1361256544502617,0.47015347725051615,0.0,0.0,0.0,0.13627450980392156,0.1553072625698324,0.47015347725051615,0.0,0.0,Biotechnology,Healthcare,TVTX
2011Q1,2011,Q1,2011-05-25,2011-02-28,-4080.0,0.0,-3580.0,-0.0382,0.0,0.0,3958.0,-60255.0,3958.0,64213.0,64213.0,0.0,-121256.0,160021.5,181063.5,-0.5648147280209221,0.06163860900440721,6.316321374431531,-0.4149033275246867,0.10154588001701886,-0.5648147280209221,0.06771222305202888,0.0,-9.805238970588235,-2.6557381130196664,0.0,0.0,0.0,0.0,0.06163860900440721,-1.030823648307226,-275.8991379310345,0.0,-5.47457627118644,0.0,0.0,0.0,0.0,0.28067700987306066,-0.1582012293756066,0.0,0.0,0.0,Biotechnology,Healthcare,TVTX
2010Q4,2010,Q4,2011-01-19,2010-11-30,-5672.0,0.0,-3091.0,-0.0059,0.0,0.0,,,,,,,,1438690.5,,,0.0,0.0,0.0,0.0,,0.0,0.0,-63.41195786318759,0.0,0.0,0.0,0.0,0.0,0.0,0.0,-15809.785714285714,0.0,0.905144694533762,0.0,0.0,0.0,0.0,0.14397826743133113,0.5335043766978569,0.0,0.0,0.0,Biotechnology,Healthcare,TVTX
2010Q3,2010,Q3,2010-10-28,2010-08-31,-6626.0,0.0,-6626.0,-0.0622,0.0,0.0,,,,,,,,159853.5,,,0.0,0.0,0.0,0.0,,0.0,0.0,-6.031297162692424,0.0,0.0,0.0,0.0,0.0,0.0,0.0,-51.13675623800384,0.0,0.0016051364365971567,0.0,0.0,0.0,0.0,0.0027092113184828417,0.0027092113184828417,0.0,0.0,0.0,Biotechnology,Healthcare,TVTX
2010Q2,2010,Q2,2010-10-28,2010-05-31,-6644.0,0.0,-6644.0,-0.0623,0.0,0.0,,,,,,,,159853.5,,,0.0,0.0,0.0,0.0,,0.0,0.0,-6.014957104154123,0.0,0.0,0.0,0.0,0.0,0.0,0.0,-8880.75,0.0,0.0,0.0,0.0,0.0,0.0,0.0,0.0,0.0,0.0,0.0,Biotechnology,Healthcare,TVTX
