Quarters,Year,Quarter,FillingDate,Date,NetIncome,Revenue,OperatingIncome,EPSDiluted,GrossProfit,GrossProfitRatio,TotalAssets,CommonStockEquity,CurrentAssets,CurrentLiability,TotalLiability,Inventory,RetainedEarnings,MarketCap,EnterpriseValue,bookValuePerShare,currentRatio,debtToAssets,debtToEquity,roic,shareholdersEquityPerShare,roe,priceToSalesRatio,peRatio,pbRatio,payoutRatio,inventoryTurnover,dividendYield,assetTurnover,quickRatio,returnOnAssets,priceToFreeCashFlowsRatio,grossProfitMargin,epsdilutedGrowth,fiveYNetIncomeGrowthPerShare,fiveYRevenueGrowthPerShare,fiveYShareholdersEquityGrowthPerShare,grossProfitGrowth,netIncomeGrowth,operatingIncomeGrowth,threeYNetIncomeGrowthPerShare,threeYRevenueGrowthPerShare,threeYShareholdersEquityGrowthPerShare,Industry,Sector,Symbol
2023Q1,2023,Q1,2023-05-05,2023-03-31,9000000.0,1891000000.0,110000000.0,0.04,466000000.0,0.2464304601,11442000000.0,1764000000.0,3070000000.0,2816000000.0,9679000000.0,792000000.0,1080000000.0,3293164000.0,8625164000.0,12.636103151862464,1.0901988636363635,0.5113616500611781,3.316893424036281,0.005761575529017389,12.636103151862464,0.00510204081632653,1.7414933897408778,91.47677777777778,1.8668730158730158,0.4444444444444444,1.7992424242424243,0.0012146373517990601,0.16526830973606013,0.5426136363636364,0.0007865757734661773,14.443701754385964,0.2464304600740349,1.6106870229007635,-0.615759312320917,0.06438019541660613,1.514563431889826,-0.03917525773195876,2.0,-0.3373493975903614,-0.6412109131680578,0.15360492005482826,0.579512893982808,Information Technology Services,Technology,NCR
2022Q4,2022,Q4,2023-02-27,2022-12-31,-9000000.0,2009000000.0,166000000.0,-0.0655,485000000.0,0.2414136386,11526000000.0,1755000000.0,3096000000.0,2733000000.0,9772000000.0,772000000.0,1075000000.0,3218875000.0,8731875000.0,12.763636363636364,1.132821075740944,0.5221238938053098,3.429059829059829,-0.0022151119862170816,12.763636363636364,-0.005128205128205128,1.6022274763563962,-89.41319444444444,1.8341168091168092,-0.5555555555555556,1.9740932642487046,0.0015533377344569142,0.17430157903869511,0.5810464690815953,-0.0007808433107756377,28.23574561403509,0.24141363862618218,-1.1423913043478262,0.822690909090909,-0.000521987552290522,1.1639600455177646,-0.016227180527383367,-1.1304347826086956,-0.11229946524064172,-1.0239312320916905,-0.01147826086956516,0.47521739130434787,Information Technology Services,Technology,NCR
2022Q3,2022,Q3,2022-10-31,2022-09-30,69000000.0,1972000000.0,187000000.0,0.46,493000000.0,0.25,11783000000.0,1720000000.0,3191000000.0,2770000000.0,10062000000.0,827000000.0,1095000000.0,2604370000.0,8245370000.0,12.554744525547445,1.151985559566787,0.5155732835440889,3.5319767441860463,0.014130425259764155,12.554744525547445,0.04011627906976744,1.3206744421906693,9.436123188405796,1.5141686046511629,0.043478260869565216,1.788391777509069,0.001151910058862604,0.167359755580073,0.5595667870036101,0.005855894084698294,217.03083333333333,0.25,3.555555555555556,-0.4814116046022516,0.05164793201978664,0.9810408569532657,0.04670912951167728,3.76,0.8155339805825242,-0.32063260340632593,-0.019937692153387008,1.0993746355392007,Information Technology Services,Technology,NCR
2022Q2,2022,Q2,2022-07-29,2022-06-30,-25000000.0,1997000000.0,103000000.0,-0.18,471000000.0,0.2358537807,11756000000.0,1645000000.0,3054000000.0,2833000000.0,10108000000.0,858000000.0,1030000000.0,4249626000.0,9834626000.0,12.042459736456808,1.0780091775503,0.5089316093909493,3.637082066869301,-0.008692804720783737,12.042459736456808,-0.015197568389057751,2.128005007511267,-42.49626,2.583359270516717,-0.16,1.7785547785547786,0.0009412593014067591,0.1698707043211977,0.5234733498058595,-0.0021265736645117387,-303.5447142857143,0.2358537806710065,0.28,-1.2178250509574253,0.11411565423030305,1.2771878691680008,0.145985401459854,0.2647058823529412,2.121212121212121,-1.249983362172235,0.02762751192280363,1.6706709600038896,Information Technology Services,Technology,NCR
2022Q1,2022,Q1,2022-04-29,2022-03-31,-34000000.0,1866000000.0,33000000.0,-0.25,411000000.0,0.2202572347,11715000000.0,1597000000.0,2976000000.0,2830000000.0,10116000000.0,805000000.0,993000000.0,5453783000.0,11015783000.0,11.768607221812822,1.0515901060070671,0.5099445155783184,3.7407639323732,0.006723958146057316,11.768607221812822,-0.021289918597370068,2.922713290460879,-40.1013455882353,3.4150175328741392,-0.11764705882352941,1.8074534161490683,0.0007334358554419932,0.1592829705505762,0.5240282685512367,-0.0029022620571916347,-129.8519761904762,0.2202572347266881,-1.5555555555555554,-1.5397871982831064,0.14249872609623035,1.7267640883747446,-0.18290258449304175,-1.5396825396825398,-0.8607594936708861,-1.8078631321077896,0.0680240189756817,2.126937286330222,Information Technology Services,Technology,NCR
2021Q4,2021,Q4,2022-02-25,2021-12-31,63000000.0,2034000000.0,237000000.0,0.45,503000000.0,0.2472959685,11641000000.0,1256000000.0,2876000000.0,2808000000.0,10382000000.0,754000000.0,1031000000.0,5310420000.0,10813420000.0,9.507948523845572,1.0242165242165242,0.5111244738424534,4.737261146496815,0.011431148213706048,9.507948523845572,0.05015923566878981,2.610825958702065,21.073095238095238,4.228041401273885,0.06349206349206349,2.0305039787798407,0.0007532360905540428,0.17472725710849582,0.5007122507122507,0.005411906193625977,32.38060975609756,0.2472959685349066,6.500000000000001,0.041674967130164615,0.06380663759083391,0.7032224334083075,-0.032692307692307694,4.25,0.5095541401273885,2.203440333725257,0.01395599467198172,1.8547916327293286,Information Technology Services,Technology,NCR
2021Q3,2021,Q3,2021-10-29,2021-09-30,12000000.0,1901000000.0,157000000.0,0.06,520000000.0,0.2735402419779064,11589000000.0,1183000000.0,2778000000.0,2734000000.0,10401000000.0,747000000.0,971000000.0,5096940000.0,10683940000.0,8.996197718631178,1.01609363569861,0.5151436707222367,5.046491969568892,0.006428791916290263,8.996197718631178,0.01014370245139476,2.68118884797475,106.18624999999999,4.308486897717667,0.25,1.8487282463186077,0.0005885884471859586,0.16403486064371386,0.48500365764447695,0.0010354646647683149,12.903645569620252,0.2735402419779064,1.8733333333333333,-0.892319391634981,0.06805743553466598,0.6586739543726235,0.14035087719298245,2.3333333333333335,0.8690476190476191,-0.8718087995654535,0.10054213173065128,1.3908813756722498,Information Technology Services,Technology,NCR
2021Q2,2021,Q2,2021-08-06,2021-06-30,-9000000.0,1677000000.0,84000000.0,-0.06870229007633588,456000000.0,0.27191413237924866,12063000000.0,1154000000.0,3106000000.0,2967000000.0,10905000000.0,695000000.0,963000000.0,5974910000.0,11916910000.0,8.80916030534351,1.0468486686889114,0.5298018734974717,5.538128249566724,-0.004314329738058552,8.80916030534351,-0.00779896013864818,3.5628562909958257,-165.9697222222222,5.177564991334489,-0.4444444444444444,1.7568345323741008,0.0006694661509545751,0.13902014424272569,0.5797101449275363,-0.0007460830639144492,49.79091666666667,0.27191413237924866,-1.3615910004017677,-1.111912414624347,-0.021710489115069297,0.9649982807234714,0.10144927536231885,-1.3,-0.23636363636363636,0.9441379310344827,-0.018022121014964178,1.7994609164420483,Information Technology Services,Technology,NCR
2021Q1,2021,Q1,2021-04-30,2021-03-31,30000000.0,1544000000.0,110000000.0,0.19,414000000.0,0.26813471502590674,8702000000.0,1096000000.0,2612000000.0,2218000000.0,7602000000.0,634000000.0,976000000.0,4933500000.0,8392500000.0,8.430769230769231,1.1776375112714157,0.4341530682601701,3.447080291970803,0.013529169047165618,8.430769230769231,0.02737226277372263,3.1952720207253886,41.112500000000004,4.501368613138687,0.13333333333333333,1.7823343848580442,0.0008107834194790716,0.17743047575270052,0.6902614968440036,0.0034474833371638705,98.67,0.26813471502590674,1.1172839506172838,-0.059615384615384556,0.07254208395482642,1.074287373004354,0.2621951219512195,1.1522842639593909,2.746031746031746,0.37538461538461537,-0.06675726383043447,0.6777090021831259,Information Technology Services,Technology,NCR
2020Q4,2020,Q4,2021-02-26,2020-12-31,-197000000.0,1631000000.0,-63000000.0,-1.62,328000000.0,0.20110361741263028,8414000000.0,1048000000.0,2478000000.0,2088000000.0,7363000000.0,601000000.0,950000000.0,4846530000.0,8111530000.0,8.124031007751938,1.1867816091954022,0.42821487996196816,3.437977099236641,-0.01092641941593622,8.124031007751938,-0.18797709923664122,2.9715082771305945,-6.150418781725888,4.624551526717557,-0.015228426395939087,2.168053244592346,0.0006189995728902947,0.19384359400998336,0.6968390804597702,-0.023413358687901117,61.348481012658226,0.20110361741263028,-9.526315789473685,-9.639202657807308,0.19209302325581395,0.7872868217054263,-0.23185011709601874,-7.354838709677419,-1.5338983050847457,-3.1368303186907838,-0.1351112329148505,0.37735657836573194,Information Technology Services,Technology,NCR
2020Q3,2020,Q3,2020-10-30,2020-09-30,31000000.0,1589000000.0,118000000.0,0.19,427000000.0,0.2687224669603524,9828000000.0,1195000000.0,3997000000.0,2278000000.0,8629000000.0,748000000.0,1159000000.0,2844990000.0,6063990000.0,9.299610894941635,1.7546093064091308,0.4908424908424908,4.0368200836820085,0.01856805664830842,9.299610894941635,0.02594142259414226,1.7904279421019509,22.943467741935486,2.380744769874477,0.0,1.553475935828877,0.0,0.16168091168091167,1.252414398595259,0.003154253154253154,18.9666,0.2687224669603524,-0.5681818181818182,-0.5820058762804732,0.3017395143061845,-0.05388020972972467,0.1478494623655914,-0.515625,0.3258426966292135,-0.7515992877398932,-0.09654859367651626,0.46740613472130993,Information Technology Services,Technology,NCR
2020Q2,2020,Q2,2020-07-31,2020-06-30,64000000.0,1484000000.0,89000000.0,0.44,372000000.0,0.25067385444743934,9949000000.0,1120000000.0,4136000000.0,2294000000.0,8826000000.0,782000000.0,1134000000.0,2216960000.0,5559960000.0,8.75,1.8029642545771578,0.5049753744094884,4.485714285714286,0.02930945765153854,8.75,0.05714285714285714,1.4939083557951482,8.66,1.9794285714285715,0.0,1.421994884910486,0.0,0.14916071967031863,1.2772449869224063,0.006432807317318323,13.518048780487804,0.25067385444743934,2.3846153846153846,1.2465116279069768,0.22587281795511224,-0.06900878293600995,-0.06297229219143577,1.7826086956521738,0.15584415584415584,-0.4049019607843137,-0.11645872567482732,0.654595015576324,Information Technology Services,Technology,NCR
2020Q1,2020,Q1,2020-05-01,2020-03-31,23000000.0,1503000000.0,77000000.0,0.13,397000000.0,0.26413838988689287,9555000000.0,1024000000.0,3777000000.0,2406000000.0,8133000000.0,747000000.0,1077000000.0,2265600000.0,5436600000.0,8.0,1.5698254364089776,0.4589220303506018,4.2822265625,0.012844483058210251,8.0,0.0224609375,1.5073852295409182,24.62608695652174,2.2125,0.2608695652173913,1.4805890227576974,0.002648305084745763,0.15729984301412872,1.0669160432252702,0.0024071166928309787,-151.04,0.26413838988689287,-0.9465020576131687,-0.24082031249999997,0.3444645579268294,-0.28616684266103487,-0.25375939849624063,-0.9340974212034384,-0.5769230769230769,-0.6128837719298246,-0.024397412043301724,0.8535849056603775,Information Technology Services,Technology,NCR
2019Q4,2019,Q4,2020-02-28,2019-12-31,349000000.0,1886000000.0,182000000.0,2.43,532000000.0,0.28207847295864263,8987000000.0,1104000000.0,3144000000.0,2538000000.0,7485000000.0,784000000.0,1060000000.0,4486416000.0,7536416000.0,8.652037617554859,1.2387706855791962,0.3960164682318905,3.223731884057971,0.16733388242955924,8.652037617554859,0.3161231884057971,2.378799575821845,3.2137650429799423,4.063782608695652,0.0,1.7270408163265305,0.0,0.2098586847668855,0.7876280535855004,0.038833871147212644,15.15681081081081,0.28207847295864263,26.000000000000004,12.965635983661063,0.4086680307522092,-0.22080794304757148,0.04930966469428008,2.8777777777777778,0.05813953488372093,4.974055436396634,0.021187708537013832,0.549897386166302,Information Technology Services,Technology,NCR
2019Q3,2019,Q3,2019-11-07,2019-09-30,90000000.0,1783000000.0,172000000.0,0.09,507000000.0,0.2843522153673584,8451000000.0,726000000.0,3156000000.0,2346000000.0,7331000000.0,865000000.0,717000000.0,3831384000.0,7073384000.0,5.980230642504119,1.3452685421994885,0.4295349662761803,5.0,0.03498724749252844,5.980230642504119,0.12396694214876033,2.1488412787436904,10.642733333333334,5.277388429752065,0.0,1.4751445086705202,0.0,0.21098094900011832,0.7992327365728901,0.010649627263045794,67.21726315789473,0.2843522153673584,-0.8448275862068966,7.313014827018122,0.4999094754678518,-0.47556058703378895,0.07643312101910828,0.022727272727272728,0.09554140127388536,-0.12520593080724876,0.0851028401505394,0.10260502471169698,Information Technology Services,Technology,NCR
2019Q2,2019,Q2,2019-08-02,2019-06-30,88000000.0,1710000000.0,157000000.0,0.58,471000000.0,0.2754385964912281,8222000000.0,542000000.0,3035000000.0,2303000000.0,6791000000.0,868000000.0,706000000.0,3739422000.0,6520422000.0,4.509151414309485,1.3178462874511507,0.3789832157625882,5.749077490774908,0.0331445323276741,4.509151414309485,0.16236162361623616,2.18679649122807,10.623357954545455,6.89930258302583,0.0,1.4274193548387097,0.0,0.20797859401605448,0.7663916630481981,0.01070299197275602,415.49133333333333,0.2754385964912281,1.8999999999999997,0.3657977444999075,0.44064777441698505,-0.6099502717864181,0.145985401459854,1.3783783783783783,0.57,0.1925737805412034,0.08716953226104636,0.005825126291016572,Information Technology Services,Technology,NCR
2019Q1,2019,Q1,2019-05-07,2019-03-31,37000000.0,1536000000.0,100000000.0,0.2,411000000.0,0.267578125,8198000000.0,449000000.0,3016000000.0,2381000000.0,6872000000.0,874000000.0,630000000.0,3371418000.0,6168418000.0,3.763621123218776,1.2666946661066778,0.3916808977799463,7.151447661469933,0.01988466892026248,3.763621123218776,0.08240534521158129,2.19493359375,22.77985135135135,7.508726057906459,0.0,1.2871853546910754,0.0,0.18736277140766042,0.7345653086938261,0.004513295925835569,-38.75193103448276,0.267578125,1.392156862745098,-0.022173369814483857,0.41727932040990084,-0.6544499507198586,-0.07013574660633484,1.7872340425531914,0.5873015873015873,0.2638306789606036,0.16268259212906308,-0.0740071802495691,Information Technology Services,Technology,NCR
2018Q4,2018,Q4,2019-02-28,2018-12-31,-47000000.0,1801000000.0,63000000.0,-0.51,442000000.0,0.24541921154913937,7761000000.0,395000000.0,3023000000.0,2282000000.0,6503000000.0,806000000.0,606000000.0,2737288000.0,5438288000.0,3.330522765598651,1.324715162138475,0.4078082721298802,8.012658227848101,-0.00973314606741573,3.330522765598651,-0.1189873417721519,1.519871182676291,-14.560042553191488,6.929843037974683,0.0,1.686104218362283,0.0,0.2320577245200361,0.7975460122699386,-0.0060559206287849505,8.634977917981072,0.24541921154913937,-1.9107142857142856,-1.333243906178139,0.514003190920015,-0.6865279590321224,0.07804878048780488,-1.5595238095238095,-0.496,-3.24186942905324,0.43177547578896663,-0.2672849915682969,Information Technology Services,Technology,NCR
2018Q3,2018,Q3,2018-11-02,2018-09-30,84000000.0,1550000000.0,125000000.0,0.56,410000000.0,0.2645161290322581,7505000000.0,444000000.0,2855000000.0,2004000000.0,6211000000.0,916000000.0,666000000.0,3266240000.0,6059240000.0,3.76271186440678,1.4246506986027945,0.41665556295802797,7.042792792792793,0.042296742275739756,3.76271186440678,0.1891891891891892,2.1072516129032257,9.720952380952381,7.356396396396396,0.0,1.244541484716157,0.0,0.20652898067954698,0.8198602794411177,0.011192538307794804,-148.46545454545455,0.2645161290322581,1.4210526315789473,0.20726392251815975,0.44770264802409737,-0.5931277086113163,0.017369727047146403,1.5793103448275863,2.1792452830188678,0.2334140435835351,0.38277974507970197,-0.6171908480669436,Information Technology Services,Technology,NCR
2018Q2,2018,Q2,2018-08-03,2018-06-30,-145000000.0,1537000000.0,-106000000.0,-1.33,403000000.0,0.26219908913467793,7364000000.0,371000000.0,2739000000.0,1879000000.0,6156000000.0,842000000.0,594000000.0,3534642000.0,6303642000.0,3.1467345207803223,1.457690260777009,0.42259641499185224,8.388140161725067,-0.02809249320877228,3.1467345207803223,-0.3908355795148248,2.2997020169160702,-6.094210344827586,9.52733692722372,0.0,1.3467933491686461,0.0,0.20871808799565453,0.8594997339010112,-0.01969038565996741,130.91266666666667,0.26219908913467793,-23.166666666666668,-3.3624672071325716,0.40301309838570193,-0.6364751448720914,-0.04047619047619048,-8.25,-1.9724770642201834,0.3936524843679113,0.3784199382798305,-0.6651906055681664,Information Technology Services,Technology,NCR
2018Q1,2018,Q1,2018-05-04,2018-03-31,20000000.0,1517000000.0,109000000.0,0.06,420000000.0,0.27686222808174027,7641000000.0,599000000.0,2791000000.0,1844000000.0,6217000000.0,822000000.0,782000000.0,3757184000.0,6481184000.0,5.025167785234899,1.5135574837310195,0.4020416175893208,5.128547579298831,0.02639305063712582,5.025167785234899,0.0333889816360601,2.4767198417930127,46.9648,6.272427378964942,0.0,1.3345498783454988,0.0,0.1985342232692056,0.9143167028199566,0.0026174584478471405,-37.95135353535353,0.27686222808174027,1.1304347826086956,-0.5497304433931125,0.47753879289828144,-0.3842664921834184,-0.18446601941747573,1.4444444444444444,-0.39779005524861877,-0.2911073825503355,0.4571681580909769,-0.5516085767134646,Information Technology Services,Technology,NCR
2017Q4,2017,Q4,2018-02-26,2017-12-31,-45000000.0,1782000000.0,181000000.0,-0.46,515000000.0,0.2890011223344557,7654000000.0,719000000.0,2830000000.0,1889000000.0,6122000000.0,780000000.0,857000000.0,4143381000.0000005,6597381000.0,5.8982772764561116,1.498147167813658,0.39077606480271754,4.159944367176634,-0.01228987057879468,5.8982772764561116,-0.06258692628650904,2.3251296296296298,-23.018783333333335,5.762699582753825,0.0,1.6243589743589744,0.0,0.23281944081526,0.9565907887771308,-0.005879278808466161,10.306917910447762,0.2890011223344557,-1.5974025974025974,-1.9606234618539786,0.4280230096153174,-0.241312209187201,0.08879492600422834,-1.38135593220339,-0.095,-2.8849280334103957,0.3932262183601275,-0.46880827307169703,Information Technology Services,Technology,NCR
2017Q3,2017,Q3,2017-10-27,2017-09-30,118000000.0,1663000000.0,200000000.0,0.77,473000000.0,0.28442573662056525,7850000000.0,770000000.0,2900000000.0,2046000000.0,6277000000.0,824000000.0,913000000.0,4558680000.0,7406680000.0,6.337448559670782,1.4173998044965788,0.4143949044585987,4.224675324675324,0.03943988731460767,6.337448559670782,0.15324675324675324,2.74123872519543,9.658220338983051,5.9203636363636365,0.0,1.4441747572815533,0.0,0.21184713375796177,0.886119257086999,0.015031847133757962,101.304,0.28442573662056525,0.14925373134328354,1.719341563786008,0.5222884673291177,0.025818245561315272,0.02159827213822894,0.1568627450980392,0.12359550561797752,9.890315500685873,0.3978107095829554,-0.44423417740530474,Information Technology Services,Technology,NCR
2017Q2,2017,Q2,2017-07-28,2017-06-30,102000000.0,1593000000.0,178000000.0,0.67,463000000.0,0.290646578782172,7767000000.0,642000000.0,2816000000.0,2113000000.0,6334000000.0,828000000.0,806000000.0,4957976000.0,7862976000.0,5.28830313014827,1.3327023189777567,0.42255697180378526,5.11214953271028,0.03384693797537834,5.28830313014827,0.1588785046728972,3.1123515379786566,12.151901960784315,7.722704049844237,0.0,1.3647342995169083,0.0,0.20509849362688296,0.8035967818267865,0.01313248358439552,275.44311111111114,0.290646578782172,0.4434385964912282,0.6698929159802306,0.48075504260093094,-0.1121011639983369,0.12106537530266344,0.7894736842105263,0.5213675213675214,0.5674354750137285,0.32881113586365746,-0.542552243404485,Information Technology Services,Technology,NCR
2017Q1,2017,Q1,2017-04-28,2017-03-31,57000000.0,1478000000.0,117000000.0,0.46416938110749184,413000000.0,0.2794316644113667,7725000000.0,530000000.0,2780000000.0,2159000000.0,6414000000.0,800000000.0,716000000.0,5609504000.0,8536504000.0,4.315960912052117,1.2876331635016212,0.43080906148867315,6.279245283018868,0.024346702297767947,4.315960912052117,0.10754716981132076,3.7953342354533155,24.603087719298248,10.583969811320756,0.0,1.33125,0.0,0.19132686084142395,0.7869383974062065,0.007378640776699029,-467.45866666666666,0.2794316644113667,0.32619823173569107,1.5321240031450074,0.5306016108591597,-0.1910130138783828,-0.13778705636743216,0.0,-0.19863013698630136,0.463447237416262,0.3248928171389578,-0.6037378745033468,Information Technology Services,Technology,NCR
2016Q4,2016,Q4,2017-02-24,2016-12-31,57000000.0,1802000000.0,146000000.0,0.35,479000000.0,0.2658157602663707,7673000000.0,695000000.0,2757000000.0,1965000000.0,6127000000.0,699000000.0,867000000.0,5049720000.0,7602720000.0,5.582329317269076,1.4030534351145039,0.3976280463964551,4.3899280575539565,0.03153026149240838,5.582329317269076,0.08201438848920864,2.802286348501665,22.147894736842108,7.265784172661871,0.0,1.8927038626609443,0.0,0.23484947217515964,0.905852417302799,0.007428645901212042,11.246592427616926,0.2658157602663707,-0.4852941176470589,9.047657295850065,0.4021863325930792,0.10528723152937154,0.0041928721174004195,-0.45714285714285713,-0.2275132275132275,-0.6150054764512597,0.4430560565615757,-0.474585736955737,Information Technology Services,Technology,NCR
2016Q3,2016,Q3,2016-10-28,2016-09-30,105000000.0,1677000000.0,189000000.0,0.68,477000000.0,0.2844364937388193,7711000000.0,672000000.0,2751000000.0,2002000000.0,6201000000.0,776000000.0,822000000.0,3988340999.9999995,6959341000.0,5.423728813559322,1.3741258741258742,0.42653352353780316,4.894345238095238,0.03714970966927544,5.423728813559322,0.15625,2.3782593917710195,9.49605,5.93503125,0.0,1.5463917525773196,0.0,0.2174815199066269,0.8516483516483516,0.013616910906497212,26.067588235294114,0.2844364937388193,0.3877551020408164,7.336864406779661,0.5184790806279868,-0.16468207900759563,0.06950672645739911,0.3815789473684211,0.15950920245398773,0.4372189553787616,0.4917341571345078,-0.4135174178181137,Information Technology Services,Technology,NCR
2016Q2,2016,Q2,2016-07-29,2016-06-30,76000000.0,1620000000.0,163000000.0,0.49,446000000.0,0.27530864197530863,7751000000.0,555000000.0,2753000000.0,2017000000.0,6369000000.0,765000000.0,730000000.0,3437926000.0,6562926000.0,4.483037156704362,1.3648983639067922,0.446006966842988,6.228828828828829,0.028633148174524045,4.483037156704362,0.13693693693693693,2.1221765432098767,11.308967105263159,6.194461261261261,0.0,1.534640522875817,0.0,0.20900528964004644,0.8398611799702529,0.009805186427557734,62.50774545454546,0.27530864197530863,2.0624999999999996,1.935526509032163,0.573865203514717,-0.2623323635787817,0.1736842105263158,1.375,0.6138613861386139,0.17924634632002096,0.4083027684665295,-0.4820994837149926,Information Technology Services,Technology,NCR
2016Q1,2016,Q1,2016-04-29,2016-03-31,32000000.0,1444000000.0,101000000.0,0.16,380000000.0,0.2631578947368421,7752000000.0,530000000.0,2705000000.0,1984000000.0,6405000000.0,725000000.0,687000000.0,3902872000.0,7088872000.0,4.064417177914111,1.3634072580645162,0.45394736842105265,6.639622641509434,0.017738261847918553,4.064417177914111,0.06037735849056604,2.702819944598338,30.4911875,7.363909433962264,0.0,1.4675862068965517,0.0,0.18627450980392157,0.8261088709677419,0.0041279669762641896,-134.58179310344826,0.2631578947368421,0.06666666666666674,2.005191127890514,0.6099728268481944,-0.2928358309028127,-0.20168067226890757,0.14285714285714285,-0.26811594202898553,-0.3414462435884542,0.2856393856328589,-0.5019872065684581,Information Technology Services,Technology,NCR
2015Q4,2015,Q4,2016-02-26,2015-12-31,28000000.0,1680000000.0,138000000.0,0.15,476000000.0,0.2833333333333333,7635000000.0,720000000.0,2549000000.0,1781000000.0,6111000000.0,643000000.0,869000000.0,3874464000.0,6798464000.0,4.545454545454546,1.4312184166198765,0.4259332023575639,4.516666666666667,0.031465541811548765,4.545454545454546,0.03888888888888889,2.3062285714285715,34.593428571428575,5.3812,0.0,1.8724727838258164,0.0,0.2200392927308448,0.8865805727119596,0.00366732154551408,21.05686956521739,0.2833333333333333,-0.7368421052631579,-0.2784252784252784,0.2009138324927799,-0.18047976938124158,0.04157549234135667,-0.7142857142857143,-0.17857142857142858,2.4176767676767676,0.03606097515963534,-0.4153240504483487,Information Technology Services,Technology,NCR
2015Q3,2015,Q3,2015-10-30,2015-09-30,98000000.0,1613000000.0,168000000.0,0.57,457000000.0,0.2833230006199628,7887000000.0,1669000000.0,2898000000.0,1835000000.0,6212000000.0,718000000.0,1357000000.0,3862950000.0,6807950000.0,9.829210836277975,1.579291553133515,0.41181691390896413,1.9460754943079688,0.02957326921006353,9.829210836277975,0.05871779508687837,2.394885306881587,9.854464285714286,2.3145296584781305,0.0,1.6100278551532032,0.0,0.20451375681501205,0.9411444141689373,0.012425510333460125,36.44292452830189,0.2833230006199628,1.2807881773399015,0.11327287950388121,0.26002958790643116,1.0097786141610519,2.1301369863013697,1.2848837209302326,1.631578947368421,0.6160188457008244,0.05651986555201244,0.5910162773529055,Information Technology Services,Technology,NCR
2015Q2,2015,Q2,2015-07-31,2015-06-30,-344000000.0,1604000000.0,-266000000.0,-2.03,146000000.0,0.09102244389027432,8066000000.0,1594000000.0,3040000000.0,1910000000.0,6468000000.0,709000000.0,1259000000.0,5104960000.0,8153960000.0,9.398584905660377,1.5916230366492146,0.43069675179766925,2.179422835633626,-0.057886695919418744,9.398584905660377,-0.21580928481806774,3.182643391521197,-3.7100000000000004,3.2026097867001257,0.0,2.0564174894217206,0.0,0.1988594098685842,0.9685863874345549,-0.04264815273989586,53.73642105263158,0.09102244389027432,-9.826086956521738,-11.494826536822885,0.2888619932351196,1.2235000278287969,-0.6256410256410256,-9.6,-3.8,-5.031249999999999,0.06724627395315828,0.5780095036958817,Information Technology Services,Technology,NCR
2015Q1,2015,Q1,2015-05-01,2015-03-31,40000000.0,1476000000.0,95000000.0,0.23,390000000.0,0.26422764227642276,8513000000.0,1894000000.0,3102000000.0,2024000000.0,6607000000.0,676000000.0,1603000000.0,4987190000.0,8140190000.0,11.207100591715976,1.5326086956521738,0.4246446611065429,1.9086589229144668,0.0164606676677833,11.207100591715976,0.021119324181626188,3.3788550135501354,31.169937500000003,2.6331520591341078,0.0,1.606508875739645,0.0,0.1733818865264889,0.9273715415019763,0.0046986961118289676,207.79958333333335,0.26422764227642276,0.21052631578947373,2.991902834008097,0.35716528369589584,2.0321749316673174,-0.09722222222222222,0.21212121212121213,1.7142857142857142,0.2911650683533972,0.11067181643486353,1.100667433186573,Information Technology Services,Technology,NCR
2014Q4,2014,Q4,2015-02-27,2014-12-31,33000000.0,1768000000.0,35000000.0,0.19,432000000.0,0.24434389140271492,8607000000.0,1871000000.0,3088000000.0,2070000000.0,6724000000.0,669000000.0,1563000000.0,4910090000.0,8058090000.0,11.103857566765578,1.4917874396135267,0.42511908911351226,1.9556386958845537,-0.011507479861910242,11.103857566765578,0.017637626937466594,2.777200226244344,37.19765151515152,2.624313201496526,0.0,1.9970104633781764,0.0,0.20541419774602068,0.9251207729468599,0.0038340885325897525,24.673819095477388,0.24434389140271492,1.1111111111111112,1.5592094107672745,0.2474080284160481,2.1480617463223686,0.06930693069306931,1.2,-0.14634146341463414,4.442532146389713,0.016488921920115786,1.1985360038326838,Information Technology Services,Technology,NCR
2014Q3,2014,Q3,2014-11-03,2014-09-30,15000000.0,1647000000.0,41000000.0,0.09,404000000.0,0.24529447480267152,8610000000.0,1918000000.0,3212000000.0,2008000000.0,6678000000.0,777000000.0,1530000000.0,5619561999.999999,8940562000.0,11.403091557669441,1.599601593625498,0.4349593495934959,1.9525547445255473,0.0,11.403091557669441,0.007820646506777894,3.4119987856709164,93.65936666666666,2.929907194994786,0.0,1.5997425997425998,0.0,0.19128919860627178,0.9352589641434262,0.0017421602787456446,42.57243939393938,0.24529447480267152,-0.8301886792452831,-0.05469678953626646,0.37173073800332085,3.0290923503765366,-0.15833333333333333,-0.8333333333333334,-0.757396449704142,-0.12269619500594532,0.098536938427338,0.756209991367094,Information Technology Services,Technology,NCR
2014Q2,2014,Q2,2014-08-01,2014-06-30,90000000.0,1658000000.0,169000000.0,0.53,480000000.0,0.28950542822677927,8849000000.0,1941000000.0,3390000000.0,1976000000.0,6895000000.0,816000000.0,1515000000.0,5891611000.000001,9331611000.0,11.560452650387136,1.715587044534413,0.44332692959656456,2.021123132405976,0.021855104592996815,11.560452650387136,0.04636785162287481,3.5534445114595905,16.36558611111111,3.035348274085523,0.0,1.4436274509803921,0.0,0.18736580404565487,0.9853238866396761,0.010170640750367273,-392.7740666666667,0.28950542822677927,0.7096774193548389,2.698630136986302,0.39426217520596685,3.067946420435562,0.15384615384615385,0.6981132075471698,0.5648148148148148,1.5632140343277927,0.18770064934121644,0.9022308949229303,Information Technology Services,Technology,NCR
2014Q1,2014,Q1,2014-05-02,2014-03-31,53000000.0,1518000000.0,108000000.0,0.31,416000000.0,0.2740447957839262,8828000000.0,1820000000.0,3385000000.0,2008000000.0,6994000000.0,820000000.0,1425000000.0,6107505000.0,9541505000.0,10.891681627767804,1.6857569721115537,0.44732668781150886,2.1697802197802196,0.01742966270374953,10.891681627767804,0.02912087912087912,4.023389328063241,28.8089858490566,3.3557719780219775,0.0,1.3439024390243903,0.0,0.17195287720888083,0.974601593625498,0.00600362483008609,-119.755,0.2740447957839262,-0.7327586206896551,4.347257131458209,0.4266442962582999,3.0663990605557623,-0.21509433962264152,-0.7323232323232324,-0.6363636363636364,2.8841780601206093,0.3207610896600346,0.8950335684597097,Information Technology Services,Technology,NCR
2013Q4,2013,Q4,2014-02-27,2013-12-31,198000000.0,1670000000.0,297000000.0,1.16,530000000.0,0.31736526946107785,8108000000.0,1769000000.0,4339000000.0,1881000000.0,6325000000.0,790000000.0,1372000000.0,5670990000.0,8496990000.0,10.624624624624625,2.306751727804359,0.4136655155402072,1.8959864330130016,0.04588663284739802,10.624624624624625,0.11192764273600904,3.395802395209581,7.160340909090909,3.20576031656303,0.0,1.4430379746835442,0.0,0.20596941292550566,0.9925571504518873,0.024420325604341393,29.383367875647668,0.31736526946107785,1.0,2.3615830115830114,0.11734958040376754,2.8224501774501776,0.27710843373493976,1.0204081632653061,1.0482758620689656,3.8543312543312545,0.13569045574735483,0.9155608609742245,Information Technology Services,Technology,NCR
2013Q3,2013,Q3,2013-11-05,2013-09-30,98000000.0,1508000000.0,145000000.0,0.58,415000000.0,0.27519893899204245,6878000000.0,1537000000.0,3242000000.0,1753000000.0,5303000000.0,842000000.0,1174000000.0,6583182000.0,8350182000.0,9.247894103489772,1.849401026811181,0.32378598429776095,1.4489264801561483,0.032372141205047375,9.247894103489772,0.06376057254391672,4.365505305039788,16.79383163265306,4.283137280416395,0.0,1.2980997624703088,0.0,0.2192497819133469,1.0319452367370223,0.014248328002326258,-99.74518181818182,0.27519893899204245,0.13725490196078421,0.20288808664259936,0.07380694952393181,0.00416255335298128,-0.025821596244131457,0.13953488372093023,0.04316546762589928,0.13738709350035522,0.20352297119590204,0.890916789232072,Information Technology Services,Technology,NCR
2013Q2,2013,Q2,2013-08-02,2013-06-30,86000000.0,1535000000.0,139000000.0,0.51,426000000.0,0.2775244299674267,6706000000.0,1430000000.0,3076000000.0,1838000000.0,5238000000.0,825000000.0,1231000000.0,5507768000.000001,7211768000.000001,8.656174334140436,1.6735582154515778,0.3226960930509991,1.5132867132867134,0.030588860221581426,8.656174334140436,0.06013986013986014,3.5881224755700334,16.010953488372095,3.8515860139860143,0.0,1.3442424242424242,0.0,0.22889949299135104,0.9390642002176278,0.012824336415150612,-54.53235643564357,0.2775244299674267,0.41666666666666674,0.9734756768655072,0.16356368475012542,-0.08962807128964394,0.15447154471544716,0.4098360655737705,0.6352941176470588,1.693587440443646,0.26626976698258176,1.0478618926196546,Information Technology Services,Technology,NCR
2013Q1,2013,Q1,2013-05-09,2013-03-31,61000000.0,1410000000.0,85000000.0,0.36,369000000.0,0.26170212765957446,6655000000.0,1336000000.0,3013000000.0,1837000000.0,5281000000.0,847000000.0,1145000000.0,4436270000.0,6044270000.0,8.161270616982284,1.6401741970604247,0.3141998497370398,1.5651197604790419,0.024051427611392593,8.161270616982284,0.04565868263473054,3.146290780141844,18.181434426229508,3.3205613772455096,0.0,1.229043683589138,0.0,0.21187077385424494,0.9123571039738705,0.009166040570999248,-192.88130434782607,0.26170212765957446,4.0,0.3430309509264917,0.25959750507469137,-0.15302950405642757,0.11144578313253012,4.05,13.142857142857142,4.1359997427900845,0.3384542227747196,1.2081001212444453,Information Technology Services,Technology,NCR
2012Q4,2012,Q4,2013-03-04,2012-12-31,-20000000.0,1642000000.0,-7000000.0,-0.12,332000000.0,0.20219244823386115,6371000000.0,1247000000.0,3406000000.0,1742000000.0,5094000000.0,797000000.0,2134000000.0,4086992000.0,4980992000.0,7.77431421446384,1.955223880597015,0.30811489562078165,1.574178027265437,-0.002096812844476396,7.77431421446384,-0.01603849238171612,2.489032886723508,-51.087399999999995,3.2774595028067366,0.0,1.64366373902133,0.0,0.25773034060587036,1.2370838117106773,-0.0031392246115209545,-64.8728888888889,0.20219244823386115,-1.342857142857143,-1.2423715990921573,0.16435571164134355,-0.2345154472952508,-0.07262569832402235,-1.3508771929824561,-1.0786516853932584,0.6439704310651941,0.2170123019588575,1.2041007852708652,Information Technology Services,Technology,NCR
2012Q3,2012,Q3,2012-10-26,2012-09-30,57000000.0,1435000000.0,89000000.0,0.35,358000000.0,0.2494773519163763,6034000000.0,986000000.0,2956000000.0,1730000000.0,4998000000.0,826000000.0,2154000000.0,3672396000.0000005,4553396000.0,6.177944862155388,1.7086705202312138,0.24229366920782233,1.4827586206896552,0.026158735852064404,6.177944862155388,0.057809330628803245,2.5591609756097564,16.107,3.724539553752536,0.0,1.3038740920096852,0.0,0.23781902552204176,0.9855491329479769,0.00944647000331455,-9.204,0.2494773519163763,-0.28571428571428575,0.21698113207547173,0.270591384564698,-0.3685699818306377,0.0028011204481792717,-0.2875,-0.1188118811881188,2.785714285714285,0.25956410850915823,1.182873851294904,Information Technology Services,Technology,NCR
2012Q2,2012,Q2,2012-07-31,2012-06-30,80000000.0,1409000000.0,101000000.0,0.49,357000000.0,0.25337118523775726,5623000000.0,947000000.0,2612000000.0,1645000000.0,4627000000.0,798000000.0,2097000000.0,3614070000.0,3977070000.0,5.955974842767295,1.5878419452887538,0.13160234750133382,0.781414994720169,0.04558252950369133,5.955974842767295,0.08447729672650475,2.564989354151881,11.29396875,3.8163357972544882,0.0,1.318295739348371,0.0,0.25057798328294506,0.8844984802431611,0.014227280810955006,-88.1480487804878,0.25337118523775726,1.742310344827586,-0.0753433448851238,-0.008091669891451733,-0.500386087944858,0.19798657718120805,1.7586206896551724,1.0612244897959184,2.4716981132075473,0.2511935137312831,1.0958164247165627,Information Technology Services,Technology,NCR
2012Q1,2012,Q1,2012-04-27,2012-03-31,29000000.0,1244000000.0,49000000.0,0.1786814540973506,298000000.0,0.2395498392282958,5690000000.0,844000000.0,2678000000.0,1673000000.0,4797000000.0,802000000.0,2017000000.0,3434522000.0,3847522000.0,5.335018963337547,1.6007172743574418,0.1453427065026362,0.9798578199052133,0.03009543607672683,5.335018963337547,0.034360189573459717,2.7608697749196143,29.60794827586207,4.069338862559242,0.0,1.1795511221945136,0.0,0.2186291739894552,0.8840406455469217,0.005096660808435852,70.09228571428571,0.2395498392282958,4.140822893133429,-0.03329738975236108,0.047488179613519886,-0.5171282684874193,-0.17679558011049723,4.222222222222222,9.166666666666666,2.9345554150863884,0.23490708967952972,0.9918242969253154,Information Technology Services,Technology,NCR
2011Q4,2011,Q4,2012-02-28,2011-12-31,-9000000.0,1633000000.0,-6000000.0,-0.056890012642225034,362000000.0,0.22167789344764238,5591000000.0,799000000.0,2515000000.0,1565000000.0,4756000000.0,774000000.0,1988000000.0,2603972000.0,3058972000.0,5.0505689001264225,1.6070287539936101,0.1525666249329279,1.0675844806007508,-0.0023112480739599386,5.0505689001264225,-0.011264080100125156,1.5945939987752602,-72.33255555555556,3.2590387984981226,0.0,1.6421188630490957,0.0,0.292076551600787,0.9175718849840255,-0.0016097299230906814,11.371056768558953,0.22167789344764238,-1.5689001264222504,-1.0586228693491433,0.02197799512879919,-0.5185715025025691,0.2354948805460751,-1.5625,-1.3333333333333333,-1.1608158750225754,0.14991712714555272,0.8170569474773015,Information Technology Services,Technology,NCR
2011Q3,2011,Q3,2011-11-04,2011-09-30,16000000.0,1403000000.0,18000000.0,0.1,293000000.0,0.20883820384889523,5680000000.0,1022000000.0,2684000000.0,1636000000.0,4620000000.0,850000000.0,1997000000.0,2658486000.0,3379486000.0,6.493011435832274,1.6405867970660146,0.1869718309859155,1.0391389432485323,0.009254181519056758,6.493011435832274,0.015655577299412915,1.8948581610833928,41.538843750000005,2.6012583170254406,0.0,1.3058823529411765,0.0,0.24700704225352113,0.8979217603911981,0.0028169014084507044,-59.077466666666666,0.20883820384889523,-0.5238095238095237,-0.7958968062475907,0.050006323923948694,-0.5151269771904607,0.08518518518518518,-0.5151515151515151,-0.6170212765957447,-0.7926302414231258,0.05489402205712302,-0.2949704149515454,Information Technology Services,Technology,NCR
2011Q2,2011,Q2,2011-07-29,2011-06-30,33000000.0,1312000000.0,47000000.0,0.21,270000000.0,0.20579268292682926,4504000000.0,959000000.0,2575000000.0,1518000000.0,3508000000.0,810000000.0,1981000000.0,2980842000.0,2534842000.0,6.077313054499366,1.6963109354413701,0.0024422735346358794,0.011470281543274244,0.039839633447880864,6.077313054499366,0.03441084462982273,2.271983231707317,22.582136363636362,3.108281543274244,0.0,1.2864197530864196,0.0,0.2912966252220249,0.9466403162055336,0.007326820603907638,0.0,0.20579268292682926,1.625,-0.5144535439212246,-0.016509666304899435,-0.48109316635085564,0.2857142857142857,1.5384615384615385,6.833333333333333,-0.20722433460076048,0.04116283583964184,-0.3608475299555522,Information Technology Services,Technology,NCR
2011Q1,2011,Q1,2011-05-02,2011-03-31,13000000.0,1095000000.0,6000000.0,0.08,210000000.0,0.1917808219178082,4472000000.0,915000000.0,2568000000.0,1504000000.0,3522000000.0,793000000.0,1948000000.0,2999328000.0,2530328000.0,5.74748743718593,1.7074468085106382,0.0024597495527728087,0.012021857923497269,0.005939524838012959,5.74748743718593,0.014207650273224045,2.7391123287671233,57.67938461538461,3.277954098360656,0.0,1.116015132408575,0.0,0.24485688729874777,0.9481382978723404,0.0029069767441860465,749.832,0.1917808219178082,-0.6734358974358975,-0.6381143522490502,-0.02590945765460182,-0.4932952608749716,-0.26573426573426573,-0.6666666666666666,-0.8846153846153846,-0.7056899078726968,0.005848133312377623,-0.4035300980005003,Information Technology Services,Technology,NCR
2010Q4,2010,Q4,2011-02-25,2010-12-31,39000000.0,1406000000.0,52000000.0,0.2449748743718593,286000000.0,0.2034139402560455,4361000000.0,883000000.0,2478000000.0,1416000000.0,3445000000.0,741000000.0,1935000000.0,2446904000.0,1961904000.0,5.546482412060302,1.75,0.0025223572575097455,0.01245753114382786,0.04745084186977511,5.546482412060302,0.044167610419026046,1.740330014224751,15.68528205128205,2.7711257078142695,0.0,1.5114709851551957,0.0,0.3224031185507911,1.0056497175141244,0.008942903003898188,17.111216783216783,0.2034139402560455,-0.5196571090747858,-0.7032537688442212,-0.06539760538276704,-0.5047686219796772,0.16260162601626016,-0.5301204819277109,0.5294117647058824,-0.5238128846479589,0.004521291533274373,-0.45387509545450644,Information Technology Services,Technology,NCR
2010Q3,2010,Q3,2010-10-29,2010-09-30,83000000.0,1207000000.0,34000000.0,0.51,246000000.0,0.20381110190555096,4318000000.0,783000000.0,2486000000.0,1461000000.0,3501000000.0,815000000.0,1896000000.0,2182163000.0,1832163000.0,4.890693316677077,1.701574264202601,0.002315886984715146,0.01277139208173691,0.09800036029544226,4.890693316677077,0.10600255427841634,1.8079229494614748,6.572780120481928,2.786925925925926,0.0,1.1791411042944786,0.0,0.2795275590551181,0.9014373716632443,0.01922186197313571,-19.483598214285713,0.20381110190555096,1.6842105263157894,-0.5682118720844517,-0.06944716628208845,-0.5946709124815815,0.02074688796680498,1.6774193548387097,0.0967741935483871,0.7665609937185486,0.06537580678742445,-0.5001362688217995,Information Technology Services,Technology,NCR
2010Q2,2010,Q2,2010-08-02,2010-06-30,31000000.0,1177000000.0,31000000.0,0.19,241000000.0,0.20475785896346643,4125000000.0,678000000.0,2349000000.0,1370000000.0,3416000000.0,729000000.0,1813000000.0,1944047999.9999998,1507047999.9999998,4.2269326683291775,1.7145985401459853,0.0024242424242424242,0.014749262536873156,0.029069767441860465,4.2269326683291775,0.045722713864306784,1.651697536108751,15.677806451612902,2.867327433628318,0.0,1.2839506172839505,0.0,0.2853333333333333,0.9678832116788321,0.0075151515151515155,49.84738461538461,0.20475785896346643,2.5833333333333335,-0.716643430793096,-0.07053200332502071,-0.6237787462510073,0.2617801047120419,2.6315789473684212,2.7222222222222223,-0.6448228917502162,-0.17864715154314328,-0.6454259089119306,Information Technology Services,Technology,NCR
2010Q1,2010,Q1,2010-04-29,2010-03-31,-19000000.0,1029000000.0,-18000000.0,-0.12,191000000.0,0.18561710398445092,4104000000.0,591000000.0,2299000000.0,1398000000.0,3483000000.0,720000000.0,1782000000.0,2206620000.0,1809620000.0,3.696060037523452,1.6444921316165952,0.0026803118908382065,0.018612521150592216,-0.02823920265780731,3.696060037523452,-0.032148900169204735,2.1444314868804666,-29.03447368421053,3.7337055837563455,0.0,1.163888888888889,0.0,0.2507309941520468,0.9241773962804005,-0.004629629629629629,-58.06894736842105,0.18561710398445092,0.6573571428571429,-1.73829476756306,-0.1068244905485884,-0.6639289800027457,-0.22357723577235772,0.6607142857142857,-1.4615384615384615,-1.6266232571827979,-0.14276056636437898,-0.6654701843877057,Information Technology Services,Technology,NCR
2009Q4,2009,Q4,2010-02-26,2009-12-31,-56000000.0,1345000000.0,39000000.0,-0.35021888680425267,246000000.0,0.1828996282527881,4094000000.0,564000000.0,2299000000.0,1382000000.0,3502000000.0,686000000.0,1801000000.0,1779687000.0000002,1343687000.0000002,3.527204502814259,1.6635311143270621,0.0036638983878847092,0.026595744680851064,0.033385897724712774,3.527204502814259,-0.09929078014184398,1.3231873605947957,-7.94503125,3.155473404255319,0.0,1.6020408163265305,0.0,0.3285295554469956,0.9746743849493488,-0.013678553981436248,45.633,0.1828996282527881,-4.891320964491697,-1.5060527170566875,-0.12309567081215475,-0.6848173924618515,0.09821428571428571,-4.733333333333333,0.3448275862068966,-1.3608864735862212,-0.1672096965628366,-0.6637810912522081,Information Technology Services,Technology,NCR
2009Q3,2009,Q3,2009-10-30,2009-09-30,15000000.0,1135000000.0,29000000.0,0.09,224000000.0,0.1973568281938326,3904000000.0,450000000.0,2241000000.0,1326000000.0,3425000000.0,708000000.0,1857000000.0,2197380000.0,1789380000.0,2.830188679245283,1.6900452488687783,0.0028176229508196722,0.024444444444444446,0.213882863340564,2.830188679245283,0.03333333333333333,1.9360176211453743,36.623,4.883066666666667,0.0,1.286723163841808,0.0,0.29072745901639346,0.9524886877828054,0.0038422131147540983,-1098.69,0.1973568281938326,-0.3571428571428572,-0.5999142367066895,-0.08389348836002176,-0.7243668019064876,-0.021834061135371178,-0.34782608695652173,-0.2564102564102564,-0.8105787576849692,-0.15911286343868028,-0.7886524375340024,Information Technology Services,Technology,NCR
2009Q2,2009,Q2,2009-07-30,2009-06-30,23000000.0,1124000000.0,39000000.0,0.14,229000000.0,0.20373665480427047,3819000000.0,451000000.0,2239000000.0,1312000000.0,3343000000.0,691000000.0,1842000000.0,1877421000.0,1477421000.0,2.841839949590422,1.7065548780487805,0.001832940560356114,0.015521064301552107,0.053780740059756374,2.841839949590422,0.050997782705099776,1.6703033807829182,20.40675,4.16279600886918,0.0,1.2952243125904486,0.0,0.29431788426289607,0.9626524390243902,0.006022518984027232,-208.60233333333332,0.20373665480427047,2.555555555555556,-0.7764314564029461,-0.08200062144038779,-0.7244542614565083,0.24456521739130435,2.533333333333333,4.9,-0.6635079895949462,-0.16221487699906612,-0.7573516195799974,Information Technology Services,Technology,NCR
2009Q1,2009,Q1,2009-04-30,2009-03-31,-15000000.0,1008000000.0,-10000000.0,-0.09,184000000.0,0.18253968253968253,4141000000.0,424000000.0,2523000000.0,1638000000.0,3692000000.0,697000000.0,1819000000.0,1258485000.0,849485000.0,2.6784586228679723,1.5402930402930404,0.0743781695242695,0.7264150943396226,-0.012750455373406194,2.6784586228679723,-0.03537735849056604,1.2484970238095239,-20.97475,2.968125,0.0,1.182209469153515,0.0,0.24341946389760927,0.9597069597069597,-0.003622313450857281,96.80653846153847,0.18253968253968253,-1.2544107142857142,-2.585596967782691,-0.06607706885660143,-0.7275460368566558,-0.43730886850152906,-1.2678571428571428,-1.105263157894737,-1.41993436358874,-0.09820486472354106,-0.7638641767224111,Information Technology Services,Technology,NCR
2008Q4,2008,Q4,2009-02-26,2008-12-31,56000000.0,1421000000.0,95000000.0,0.35375868603916616,327000000.0,0.23011963406052077,4255000000.0,440000000.0,2557000000.0,1693000000.0,3790000000.0,692000000.0,1834000000.0,2238362000.0,1835362000.0,2.779532533164877,1.5103366804489073,0.07238542890716804,0.7,0.11266603415559773,2.779532533164877,0.12727272727272726,1.5752019704433498,9.9926875,5.087186363636364,0.0,1.5809248554913296,0.0,0.3339600470035253,0.9592439456585942,0.013160987074030552,30.66249315068493,0.23011963406052077,-0.2630027374184038,-0.16336070751737206,0.03370527312217585,-0.7195266371867761,0.054838709677419356,-0.3,-0.05,-0.5714803116445567,-0.050056456725156614,-0.7518225743115193,Information Technology Services,Technology,NCR
2008Q3,2008,Q3,2008-10-30,2008-09-30,80000000.0,1379000000.0,100000000.0,0.48,310000000.0,0.22480058013052936,4406000000.0,1503000000.0,2629000000.0,1718000000.0,2882000000.0,711000000.0,1780000000.0,3598560000.0,3173560000.0,9.209558823529411,1.530267753201397,0.0699046754425783,0.2049234863606121,0.045736213599272685,9.209558823529411,0.05322687957418496,2.6095431472081216,11.245500000000002,2.394251497005988,0.0,1.5035161744022503,0.0,0.3129822968679074,0.9755529685681025,0.018157058556513846,30.24,0.22480058013052936,0.846153846153846,4.152505446623094,0.17984769553577887,0.3331664341329491,0.08013937282229965,0.8181818181818182,0.6129032258064516,-0.5917240770181946,0.042963739234011235,-0.23673356052416494,Information Technology Services,Technology,NCR
2008Q2,2008,Q2,2008-08-05,2008-06-30,44000000.0,1332000000.0,62000000.0,0.26,287000000.0,0.21546546546546547,4556000000.0,1586000000.0,2765000000.0,1775000000.0,2951000000.0,735000000.0,1700000000.0,4203360000.0,3758360000.0,9.508393285371703,1.5577464788732394,0.06782265144863915,0.1948297604035309,0.023746701846965697,9.508393285371703,0.027742749054224466,3.155675675675676,23.88272727272727,2.6502900378310215,0.0,1.4217687074829932,0.0,0.2923617208077261,0.9830985915492958,0.009657594381035996,140.112,0.21546546546546547,-0.03703703703703707,4.84726065301605,0.10839820091218394,0.39211688564206554,0.10810810810810811,-0.08333333333333333,-0.046153846153846156,-0.6132479842897335,0.011510791366906529,-0.15369845614903874,Information Technology Services,Technology,NCR
2008Q1,2008,Q1,2008-05-12,2008-03-31,48000000.0,1183000000.0,65000000.0,0.27,259000000.0,0.21893491124260356,4656000000.0,1667000000.0,2911000000.0,1457000000.0,2967000000.0,752000000.0,1656000000.0,3949589999.9999995,3407589999.9999995,9.635838150289016,1.9979409746053534,0.0663659793814433,0.1853629274145171,0.024421850079744817,9.635838150289016,0.028794241151769647,3.338622147083685,20.57078125,2.369280143971206,0.0,1.2287234042553192,0.0,0.2540807560137457,1.303363074811256,0.010309278350515464,109.71083333333333,0.21893491124260356,-0.4751685393258427,2.9730250481695566,0.06395855388276304,0.47182253369569704,-0.26420454545454547,-0.4606741573033708,-0.453781512605042,0.7239306358381501,-0.05090751014681128,-0.12384378965176945,Information Technology Services,Technology,NCR
2007Q4,2007,Q4,2008-02-29,2007-12-31,89000000.0,1521000000.0,119000000.0,0.5144508670520231,352000000.0,0.2314266929651545,4780000000.0,1757000000.0,3088000000.0,1530000000.0,3004000000.0,717000000.0,1608000000.0,4342300000.0,3698300000.0,10.15606936416185,2.018300653594771,0.06443514644351464,0.1752988047808765,0.047691408533021624,10.15606936416185,0.050654524758110414,2.854898093359632,12.197471910112359,2.4714285714285715,0.0,1.6304044630404464,0.0,0.31820083682008365,1.3849673202614379,0.018619246861924687,-334.0230769230769,0.2314266929651545,0.773968507075942,0.7328871311226043,0.06770793344374866,0.4716719380521321,0.3435114503816794,0.6792452830188679,2.1315789473684212,-0.2566384370659139,-0.08343872444427194,-0.09247779027815503,Information Technology Services,Technology,NCR
2007Q3,2007,Q3,2007-11-09,2007-09-30,53000000.0,1278000000.0,38000000.0,0.29,262000000.0,0.20500782472613457,4747000000.0,1767000000.0,3133000000.0,1512000000.0,2962000000.0,767000000.0,1524000000.0,4321758000.0,3595758000.0,9.784053156146179,2.072089947089947,0.06467242468927743,0.17374080362195812,0.012092574734811956,9.784053156146179,0.029994340690435765,3.381657276995305,20.385650943396225,2.4458166383701188,0.0,1.3246414602346805,0.0,0.2692226669475458,1.3538359788359788,0.011164946281862228,30.650765957446808,0.20500782472613457,-0.462962962962963,0.4000486184263836,0.0051896727683321325,0.08551378181633149,-0.4749498997995992,-0.45918367346938777,-0.7564102564102564,0.2445635759589248,-0.09184424225529753,-0.04712718218325844,Information Technology Services,Technology,NCR
2007Q2,2007,Q2,2007-08-08,2007-06-30,98000000.0,1609000000.0,156000000.0,0.54,499000000.0,0.310130515848353,5615000000.0,2147000000.0,3606000000.0,1836000000.0,3451000000.0,739000000.0,2032000000.0,9462454000.0,8630454000.0,11.921154913936702,1.9640522875816993,0.05467497773820125,0.14299021891010713,0.039680438540482456,11.921154913936702,0.04564508616674429,5.8809533871970165,24.138913265306122,4.407291103865859,0.0,1.5020297699594045,0.0,0.28655387355298306,1.3747276688453158,0.017453250222617987,262.84594444444446,0.310130515848353,1.842105263157895,3.1187374535514456,0.27405547642614003,0.3592603053665951,0.45481049562682213,1.8823529411764706,2.7142857142857144,-0.16059384130856266,0.15796473645648332,0.15587911118129172,Information Technology Services,Technology,NCR
2007Q1,2007,Q1,2007-05-10,2007-03-31,34000000.0,1346000000.0,42000000.0,0.19,343000000.0,0.25482912332838037,5419000000.0,1981000000.0,3446000000.0,1821000000.0,3420000000.0,717000000.0,1941000000.0,8565161000.000001,7792161000.000001,11.048522030117121,1.8923668314113125,0.05665251891492895,0.15497223624432105,0.01386946386946387,11.048522030117121,0.017163048965169108,6.363418276374444,62.97912500000001,4.323655224634024,0.0,1.398884239888424,0.0,0.24838531094297842,1.3201537616694123,0.006274220335855324,87.39960204081633,0.25482912332838037,-0.8042126436781609,8.282208588957054,0.17872095483147288,0.06148214597494221,-0.37522768670309653,-0.8045977011494253,-0.7951219512195122,8.175460122699386,0.10102249488752556,0.12386041295599969,Information Technology Services,Technology,NCR
