Quarters,Year,Quarter,FillingDate,Date,NetIncome,Revenue,OperatingIncome,EPSDiluted,GrossProfit,GrossProfitRatio,TotalAssets,CommonStockEquity,CurrentAssets,CurrentLiability,TotalLiability,Inventory,RetainedEarnings,MarketCap,EnterpriseValue,bookValuePerShare,currentRatio,debtToAssets,debtToEquity,roic,shareholdersEquityPerShare,roe,priceToSalesRatio,peRatio,pbRatio,payoutRatio,inventoryTurnover,dividendYield,assetTurnover,quickRatio,returnOnAssets,priceToFreeCashFlowsRatio,grossProfitMargin,epsdilutedGrowth,fiveYNetIncomeGrowthPerShare,fiveYRevenueGrowthPerShare,fiveYShareholdersEquityGrowthPerShare,grossProfitGrowth,netIncomeGrowth,operatingIncomeGrowth,threeYNetIncomeGrowthPerShare,threeYRevenueGrowthPerShare,threeYShareholdersEquityGrowthPerShare,Industry,Sector,Symbol
2023Q1,2023,Q1,2023-03-31,2023-03-31,-10524000.0,22093000.0,-5091000.0,-0.051,-808000.0,-0.0365726701,191992000.0,74213000.0,25305000.0,45039000.0,100058000.0,9727000.0,-438841000.0,98978381.28,110409381.28,0.3598991975755617,0.5618463997868514,0.07721155048127006,0.19974937005645912,-0.05822975471765033,0.3598991975755617,-0.14180803902281272,4.480078815914543,-2.3512538312428735,1.3337067802137093,0.0,2.3543744217127585,0.0,0.11507250302095921,0.28972668132063323,-0.054814783949331224,-24.117539298245614,-0.03657267007649482,0.13996627318718385,-5.076779948985967,-0.7804038570116064,-0.8339150100264463,0.781029810298103,0.03943044906900329,0.3796758864384062,-0.0813034689074389,0.29512106039119507,-0.7697303094714462,Other Industrial Metals & Mining,Basic Materials,USAS
2022Q4,2022,Q4,2022-12-31,2022-12-31,-10956000.0,20322000.0,-8207000.0,-0.0593,-3690000.0,-0.1815766165,190819000.0,81227000.0,25381000.0,42097000.0,92230000.0,8835000.0,-428849000.0,105074185.54470001,115453185.54470001,0.4393210745408286,0.6029170724754733,0.064684334369219,0.15195686163467811,-0.09390675929897196,0.4393210745408286,-0.13488125869476897,5.170464794050783,-2.3976402324000547,1.2935869297733513,0.0,2.7178268251273345,0.0,0.1064988287329878,0.32106800959688336,-0.05741566615483783,-19.062805795482586,-0.18157661647475642,0.543846153846154,-0.8215932985111158,-0.6188091729833163,-0.7915746933560829,0.2698852394143253,0.5556637060469644,0.12765731292517007,0.6445463551838047,-0.2644616127729755,-0.6945078630911397,Other Industrial Metals & Mining,Basic Materials,USAS
2022Q3,2022,Q3,2022-09-30,2022-09-30,-24657000.0,18310000.0,-9408000.0,-0.13,-5054000.0,-0.2760240306,186493000.0,90446000.0,19312000.0,35972000.0,81007000.0,8690000.0,-415720000.0,75824253.9009,85288253.9009,0.48918258593718567,0.5368620037807184,0.06364850155233709,0.13123852906706765,-0.09575224703543934,0.48918258593718567,-0.27261570439820443,4.141138935057346,-0.7687903425082127,0.838337283029653,0.0,2.688607594936709,0.0,0.09818062876354608,0.18989769820971866,-0.1322140777401833,-6.088834329149603,-0.27602403058438013,-1.53411306042885,-0.9309617989241236,-0.5949869998644721,-0.7754716821487937,-0.3553231429337624,-1.6575770640224186,-0.2050723709491482,-0.23526429103146065,-0.35610071766442575,-0.7072764136780637,Other Industrial Metals & Mining,Basic Materials,USAS
2022Q2,2022,Q2,2022-06-30,2022-06-30,-9278000.0,19948000.0,-7807000.0,-0.0513,-3729000.0,-0.1869360337,209403000.0,105175000.0,29091000.0,38061000.0,90192000.0,11904000.0,-393879000.0,124459797.742,128245797.742,0.5817337912607516,0.764325687711831,0.06021881252895135,0.11989541240789162,-0.07983414222884942,0.5817337912607516,-0.08821487996196815,6.239211837878484,-3.35362679839405,1.183359141830283,0.0,1.9889952956989247,0.0,0.09526129043041408,0.3545361393552455,-0.044306910598224475,50.04414866988339,-0.18693603368758774,-29.176470588235293,-3.320960306079399,-0.7440283504885207,-0.739881969750034,-1.9191520828198176,-30.344594594594593,-6.195391705069125,0.5249005538990049,-0.4532186680427345,-0.679639282954758,Other Industrial Metals & Mining,Basic Materials,USAS
2022Q1,2022,Q1,2022-03-31,2022-03-31,-296000.0,26436000.0,-1085000.0,-0.0017,4057000.0,0.153464972,215806000.0,108057000.0,28974000.0,33540000.0,93695000.0,8252000.0,-387562000.0,186735654.72,193528654.72,0.6249559580626831,0.8638640429338104,0.06458115158985385,0.12897822445561138,0.01815578267557534,0.6249559580626831,-0.0027392950017120594,7.063687952791648,-157.7159245945946,1.7281217757294762,0.0,2.711948618516723,0.0,0.1224989110590067,0.5531902206320811,-0.0013716022724113324,-35.21321039411654,0.15346497200786807,0.9922727272727272,0.6861596007046683,-0.6028640502675622,-0.7187992682480563,1.9426115241635689,0.9908616591028372,0.9044726184187357,0.9727835882980069,-0.6164246164333889,-0.6635644355379308,Other Industrial Metals & Mining,Basic Materials,USAS
2021Q4,2021,Q4,2021-12-31,2021-12-31,-32391000.0,14250000.0,-11358000.0,-0.22,-4304000.0,-0.3020350877,213434000.0,93070000.0,23543000.0,45659000.0,109599000.0,10009000.0,-387949000.0,116522646.075,133237646.075,0.644015077993499,0.5156267110536805,0.09190194626910426,0.21075534543891694,-0.09564734675525435,0.644015077993499,-0.34802836574621254,8.177027794736842,-0.8993443091831064,1.251989320672612,0.0,1.8537316415226297,0.0,0.06676537009098832,0.24328171882870847,-0.15176120018366335,-8.646678990427427,-0.30203508771929827,-0.6923076923076923,-2.6919056627636104,-0.7287536532966691,-0.7073605137251032,0.540857691487092,-0.741170778906628,0.3701547163533522,-0.47405655050449097,-0.7665071529615188,-0.6579284495189286,Other Industrial Metals & Mining,Basic Materials,USAS
2021Q3,2021,Q3,2021-09-30,2021-09-30,-18603000.0,10853000.0,-18033000.0,-0.13,-9374000.0,-0.8637243159,205534000.0,113742000.0,28312000.0,38180000.0,80814000.0,17981000.0,-354672000.0,115164202.72500001,130011202.72500001,0.7870588052125986,0.7415400733368256,0.08457968024755029,0.15283712261082097,-0.13790970519045104,0.7870588052125986,-0.16355435986706757,10.611278238735835,-1.5476563286163523,1.012503760484254,0.0,1.1249096268283187,0.0,0.05280391565385775,0.19787847040335255,-0.09051057246003094,-8.963589875856165,-0.8637243158573666,0.0,-5.774824411870028,-0.8274223815847471,-0.6546333015850991,0.11873648585127386,-0.04617028455741761,-0.11321686523859498,0.04372221032561559,-0.7246669364571273,-0.6225673269556887,Other Industrial Metals & Mining,Basic Materials,USAS
2021Q2,2021,Q2,2021-06-30,2021-06-30,-17782000.0,9515000.0,-16199000.0,-0.13,-10637000.0,-1.1179190751,207724000.0,112972000.0,29370000.0,39034000.0,83290000.0,19852000.0,-336557000.0,203571263.76,221446263.76,0.8435249495844659,0.7524209663370395,0.09145308197415802,0.16815671139751442,-0.12315020642358684,0.8435249495844659,-0.15740183408278158,21.394772859695216,-2.862041161849061,1.801962112381829,0.0,1.0151118275236752,0.0,0.045805973310739254,0.17807552390223907,-0.08560397450463114,-11.438515691408664,-1.1179190751445087,0.8194444444444444,-0.8980483951186372,-0.8280532737718501,-0.6649308969453074,0.6593216539089773,0.8062962962962963,0.5624966239939502,-5.055956658210712,-0.826135153012981,-0.6226532727759598,Other Industrial Metals & Mining,Basic Materials,USAS
2021Q1,2021,Q1,2021-03-31,2021-03-31,-91800000.0,10186000.0,-37026000.0,-0.72,-31223000.0,-3.0652856862,206997000.0,120566000.0,27679000.0,27884000.0,73808000.0,16529000.0,-318667000.0,286359624.0,296272624.0,0.9473175589865979,0.9926481136135418,0.06757585858732253,0.11601944163362805,-0.2752447269606883,0.9473175589865979,-0.761408689016804,28.113059493422345,-0.7798464705882353,2.3751275152198796,0.0,2.505233226450481,0.0,0.049208442634434316,0.3418806484005164,-0.4434846881838867,-14.70773620955316,-3.06528568623601,-9.155148095909732,-11.44738608216912,-0.8443872104512267,-0.5752658392538349,-212.85616438356163,-9.175127466193748,-8.535410764872521,-58.616776400694775,-0.8359623528864829,-0.5628352929210753,Other Industrial Metals & Mining,Basic Materials,USAS
2020Q4,2020,Q4,2020-12-31,2020-12-31,-9022000.0,8668000.0,-3883000.0,-0.0709,-146000.0,-0.0168435625,284816000.0,169674000.0,20076000.0,39044000.0,103654000.0,8069000.0,-230253000.0,411085149.12,434258149.12,1.3331715367806183,0.5141891199672165,0.0978807370372451,0.16430331105531784,-0.018853145016800233,1.3331715367806183,-0.05317255442790292,47.425605574527,-11.391186796719131,2.422793999787828,0.0,1.0923286652621143,0.0,0.030433683500926914,0.25117815797561727,-0.03167659120274142,-86.98373870503598,-0.016843562528841716,-0.2482394366197183,0.7170093842287758,-0.82662499099537,-0.4042117164399202,0.9109212934716291,-0.4591622189875465,0.3904238618524333,-1.1791710964852786,-0.7637977622355414,-0.36750886204841343,Other Industrial Metals & Mining,Basic Materials,USAS
2020Q3,2020,Q3,2020-09-30,2020-09-30,-6183000.0,7347000.0,-6370000.0,-0.0568,-1639000.0,-0.2230842521,279626000.0,172206000.0,36002000.0,34644000.0,96434000.0,7281000.0,-221409000.0,287494128.24,288215128.24,1.5813326094106526,1.0391987068467845,0.0841588407372705,0.1366560979292243,-0.032707322018357944,1.5813326094106526,-0.0359046723110693,39.13081914250715,-11.624378466763707,1.6694779986760044,0.0,1.234171130339239,0.0,0.026274380780041913,0.7469980371781549,-0.022111677740982598,-24.38043828358209,-0.22308425207567714,0.4836363636363636,0.6624464698357497,-0.8509465206524458,-0.4113415308829945,0.6482077699077056,0.4230123180291153,0.2878703186137507,0.1778974081074262,-0.724079490646624,-0.2741893089386796,Other Industrial Metals & Mining,Basic Materials,USAS
2020Q2,2020,Q2,2020-06-30,2020-06-30,-10716000.0,4603000.0,-8945000.0,-0.11,-4659000.0,-1.0121659787,258104000.0,148340000.0,28446000.0,34131000.0,98000000.0,6956000.0,-216489000.0,266669026.8,268320026.8,1.4685530025716507,0.8334358794058188,0.07189350029445495,0.12509100714574625,-0.05250365039711026,1.4685530025716507,-0.07223944991236349,57.9337446882468,-6.221281886898097,1.7976879250370772,0.0,1.331512363427257,0.0,0.017833896413848683,0.5625970525328879,-0.04151814772339832,-24.71446031510658,-1.0121659787095372,-1.3305084745762712,-1.0362897000748978,-0.9166838076365885,-0.48055050935679733,0.04626407369498465,-1.5852834740651387,0.027400239208437534,-5.798059507094423,-0.894280996082376,-0.34334721467918344,Other Industrial Metals & Mining,Basic Materials,USAS
2020Q1,2020,Q1,2020-03-31,2020-03-31,-4145000.0,7265000.0,-9197000.0,-0.0472,-4885000.0,-0.672401927,242648000.0,137257000.0,26878000.0,34397000.0,91243000.0,6844000.0,-205618000.0,135241855.98,133495855.97999999,1.5629464596467748,0.7814053551181789,0.06022303913487851,0.1064645154709778,-0.05491455986670772,1.5629464596467748,-0.0301988241036887,18.615534202339983,-8.156927381182147,0.9853184608435271,0.0,1.7752776154295733,0.0,0.029940489927796642,0.53958194028549,-0.017082357983581153,-42.47545728015075,-0.6724019270474879,0.7223529411764706,0.7759285430575807,-0.8335082158648611,-0.4494568228255744,-0.00040958427196395656,0.7168715846994536,0.24664154652686762,-7.652762101242668,-0.785121892882611,-0.29674774282622196,Other Industrial Metals & Mining,Basic Materials,USAS
2019Q4,2019,Q4,2019-12-31,2019-12-31,-14640000.0,13123000.0,-12208000.0,-0.17,-4883000.0,-0.3720947954,231003000.0,126291000.0,34925000.0,34780000.0,91990000.0,7159000.0,-203138000.0,278387456.79,273926456.79,1.4380765377011797,1.004169062679701,0.06725886676796405,0.1230253937335202,-0.09556032375363611,1.4380765377011797,-0.11592274983965603,21.213705462927685,-4.753884166495902,2.2043332999976246,0.0,2.5151557480094984,0.0,0.05680878603308182,0.7264807360552041,-0.06337580031428164,75.50514152156225,-0.3720947953973939,-0.5454545454545455,0.9365616942436389,-0.4266790972633214,-0.5280280970039737,0.10222467365324509,-0.6651501364877161,-0.4765360425737784,-1.7459371520960856,-0.5889397904664622,-0.34654017646912355,Other Industrial Metals & Mining,Basic Materials,USAS
2019Q3,2019,Q3,2019-09-30,2019-09-30,-8792000.0,12525000.0,-8268000.0,-0.11,-5439000.0,-0.434251497,203452000.0,136094000.0,31414000.0,27034000.0,67358000.0,8127000.0,-189725000.0,205223102.28,215690102.28,1.6711416803946386,1.1620181993045795,0.08322847649568449,0.12442135582758976,-0.05579386371558478,1.6711416803946386,-0.06460240715975722,16.385078026347305,-5.835506775477707,1.5079511387717313,0.0,2.2104097452934663,0.0,0.06156243241649136,0.4342309684101502,-0.0432141242160313,47.38469228353729,-0.43425149700598803,0.0,0.20518228329171792,-0.6619567940812828,-0.7869678649545736,-0.6870347394540943,-0.09968730456535335,-0.28965839962564344,-5.004516337699028,-0.6465724714047684,-0.26669178856905673,Other Industrial Metals & Mining,Basic Materials,USAS
2019Q2,2019,Q2,2019-06-30,2019-06-30,-7995000.0,14936000.0,-6411000.0,-0.11,-3224000.0,-0.2158543117,191614000.0,134407000.0,32357000.0,27707000.0,57207000.0,8739000.0,-180933000.0,165059952.68,173655952.68,1.815871173676384,1.1678276247879598,0.07787009299946768,0.11101356328167432,-0.04348163583342352,1.815871173676384,-0.0594835090434278,11.051148411890734,-5.161349364602877,1.2280606864225823,0.0,2.078040965785559,0.0,0.07794837537966955,0.47063918865268706,-0.0417245086475936,-28.148013758526606,-0.2158543117300482,-0.7488076311605724,0.028477301370658986,-0.6272072116660488,-0.7737516778774504,-2.702217529039071,-1.8421613935300392,-76.24096385542168,-0.5441204521106351,-0.511622715912986,-0.2786907776393022,Other Industrial Metals & Mining,Basic Materials,USAS
2019Q1,2019,Q1,2019-03-31,2019-03-31,-2813000.0,17826000.0,-83000.0,-0.0629,1894000.0,0.1062492988,129630000.0,83073000.0,32472000.0,27305000.0,46557000.0,9063000.0,-172938000.0,72000954.9,84706954.9,1.8575799471792838,1.1892327412561803,0.12449278716346525,0.19426287722846172,-0.0008758310363145567,1.8575799471792838,-0.03386178421388417,4.039097660720296,-6.398947289370779,0.8667190892347695,0.0,1.7579168045900915,0.0,0.13751446424438787,0.5674784837941769,-0.021700223713646532,-39.669947603305786,0.10624929877706721,0.5806666666666667,0.059931438754524224,-0.1923307170652122,-0.7706817665721022,0.596964586846543,0.5863235294117647,0.1941747572815534,-0.08548067612227431,-0.22498090364904835,-0.16714553382910438,Other Industrial Metals & Mining,Basic Materials,USAS
2018Q4,2018,Q4,2018-12-31,2018-12-31,-6800000.0,18886000.0,-103000.0,-0.15,1186000.0,0.0627978397,127155000.0,84196000.0,29406000.0,22962000.0,42959000.0,8136000.0,-170125000.0,73789798.5,84407798.5,1.8826911419198413,1.2806375751241181,0.11074672643623923,0.1672526010736852,-0.0011641166539559,1.8826911419198413,-0.08076393177823174,3.9071163030816476,-2.7128602389705883,0.8764050370563922,0.0,2.1755162241887906,0.0,0.14852738783374622,0.5704206950614058,-0.053478038614289646,-67.20382377049181,0.06279783966959653,-0.15384615384615377,-0.6360454000857007,0.09034079247374979,-0.769701769932093,1.3371233655486072,-0.17423588326713865,0.9828618968386024,0.39299116914357557,0.07503960590517125,-0.15863390946159303,Other Industrial Metals & Mining,Basic Materials,USAS
2018Q3,2018,Q3,2018-09-30,2018-09-30,-5791000.0,11734000.0,-6010000.0,-0.13,-3518000.0,-0.2998125107,125801000.0,89709000.0,19044000.0,15765000.0,36092000.0,8250000.0,-163876000.0,95508244.6594,104627244.6594,2.085295898906443,1.2079923882017127,0.09721703325092805,0.13632968821411454,-0.05680848350484113,2.085295898906443,-0.06455316634897279,8.139444746838247,-4.1231326480486965,1.0646450708334727,0.0,1.8487272727272728,0.0,0.09327429829651593,0.5554709800190295,-0.0460330204052432,-24.826681741460877,-0.29981251065280384,-5.333333333333334,0.5729318810275054,-0.45943515839527976,-0.7472621266268743,-2.182918628110289,-5.166187050359712,-9.543859649122806,0.199698375450245,-0.39739200675123265,-0.22373883634529992,Other Industrial Metals & Mining,Basic Materials,USAS
2018Q2,2018,Q2,2018-06-30,2018-06-30,1390000.0,17351000.0,-570000.0,0.03,2974000.0,0.1714022247,130550000.0,94920000.0,25771000.0,13673000.0,35630000.0,8502000.0,-158085000.0,132056801.33999999,137574801.33999997,2.2354108005384767,1.8848094785343377,0.102106472615856,0.14043404972608511,-0.005691421921636095,2.2354108005384767,0.014643910661609777,7.610904347876202,23.751223262589928,1.3912431662452591,0.0,1.6910138790872735,0.0,0.13290693220988128,1.1399839098954143,0.010647261585599387,43.84355954183267,0.17140222465563945,1.9999999999999996,1.1787135920390535,0.22576687759314332,-0.7290541318863156,-0.4081592039800995,1.6577437858508604,-1.6499429874572407,1.628333079434226,-0.2528957389150491,-0.20930126479287794,Other Industrial Metals & Mining,Basic Materials,USAS
2018Q1,2018,Q1,2018-03-31,2018-03-31,523000.0,20383000.0,877000.0,0.01,5025000.0,0.2465289702,128857000.0,90529000.0,25769000.0,14898000.0,38328000.0,8961000.0,-159475000.0,141206253.24,152371253.24,2.1669579992320176,1.7296952611088736,0.11193803984261623,0.1593301593964365,0.005227573499862801,2.1669579992320176,0.005777154282053265,6.927648198989354,67.49820900573614,1.559790268753659,0.0,1.7138712197299408,0.0,0.1581831021985612,1.0,0.0040587628145929205,-23.59335893734336,0.2465289702202816,1.3246753246753247,-0.832209172097447,-0.09982612721506125,-0.7496838445557146,2.463128876636802,1.3848417954378218,1.6002737850787132,1.059431523581558,-0.018074666152402937,-0.23669557946959377,Other Industrial Metals & Mining,Basic Materials,USAS
2017Q4,2017,Q4,2017-12-31,2017-12-31,-1359000.0,12046000.0,-1461000.0,-0.0308,1451000.0,0.1204549228,126827000.0,88058000.0,26191000.0,14393000.0,38769000.0,9366000.0,-159998000.0,170032381.86,175707381.86,2.107810618656707,1.8197040227888557,0.11827134600676512,0.17034227441004793,-0.010129253730082347,2.107810618656707,-0.015433010061550342,14.11525667109414,-31.278951777041947,1.9309135099593449,0.0,1.1312193038650438,0.0,0.09497977559983284,1.1085944556381575,-0.01071538394821292,1024.291456987952,0.12045492279594887,0.5542691751085383,-1.391050065599597,-0.5293953659339459,-0.7587450492862616,2.582716049382716,0.5097402597402597,0.4376443418013857,0.987621069411875,0.10626883512079299,-0.30822361483422367,Other Industrial Metals & Mining,Basic Materials,USAS
2017Q3,2017,Q3,2017-09-30,2017-09-30,-2772000.0,9814000.0,-2598000.0,-0.0691,405000.0,0.0412675769,126053000.0,87447000.0,26984000.0,12081000.0,38606000.0,7847000.0,-158245000.0,165850151.41730002,172127151.41730002,2.178712202624545,2.2335899346080623,0.1189975645165129,0.17153247109677863,-0.025442058241984755,2.178712202624545,-0.03169920065868469,16.8993429200428,-14.957625488573232,1.896579086958958,0.0,1.1990569644450109,0.0,0.07785613987767051,1.4915983776177468,-0.021990749922651584,-47.5624179573559,0.04126757693091502,-4.455,-2.046347330070812,-0.6628566366373287,-0.7496252332997938,-0.8406766325727774,-4.146424517593643,-3.6537282941777325,0.4915435696988223,-0.4625708863255202,-0.7222642953498561,Other Industrial Metals & Mining,Basic Materials,USAS
2017Q2,2017,Q2,2017-06-30,2017-06-30,881000.0,17175000.0,979000.0,0.02,2542000.0,0.1480058224,127663000.0,89111000.0,29902000.0,11554000.0,38552000.0,6589000.0,-155473000.0,113160751.39999999,115353751.39999999,2.236422406788649,2.5880214644279036,0.11749684716793432,0.16832938694437274,0.009933354427771669,2.236422406788649,0.009886545993199493,6.588690037845706,32.11145045402951,1.269885327288438,0.0,2.220822583093034,0.0,0.1345338900072848,1.885753851480007,0.00690098149033001,65.79113453488371,0.14800582241630278,4.636363636363637,-0.35402423089956464,-0.29320584890097423,-0.738789878712147,-0.18915470494417863,5.078703703703703,1.6106666666666667,1.198870224012161,-0.20367690039767666,-0.7213531309774618,Other Industrial Metals & Mining,Basic Materials,USAS
2017Q1,2017,Q1,2017-03-31,2017-03-31,-216000.0,15245000.0,375000.0,-0.0055,3135000.0,0.2056411938,127085000.0,88005000.0,36034000.0,11105000.0,39080000.0,7989000.0,-156354000.0,116022441.79,113443441.79,2.222454949420178,3.244844664565511,0.11803123893457135,0.17044486108743823,0.012683380543694245,2.222454949420178,-0.0024544059996591105,7.610524223679896,-134.28523355324074,1.3183619315947959,0.0,1.5158342721241707,0.0,0.11995908250383601,2.289779378658262,-0.0016996498406578275,-10.44776603241783,0.20564119383404394,0.9093904448105437,-1.0223936341270732,-0.5235783557952306,-0.7465491739452734,5.463917525773196,0.9101497504159733,1.2620545073375262,0.9184767383408764,-0.21990931517178489,-0.7256379497162313,Other Industrial Metals & Mining,Basic Materials,USAS
2016Q4,2016,Q4,2016-12-31,2016-12-31,-2404000.0,14395000.0,-1431000.0,-0.0607,485000.0,0.0336922543,117290000.0,87144000.0,36563000.0,16485000.0,30146000.0,6618000.0,-156138000.0,99169489.1532,82872489.1532,2.2007114835778876,2.2179557173187745,0.06614374626992924,0.08902506196640043,-0.017310995948829493,2.2007114835778876,-0.02758652345543009,6.889162150274401,-10.312966842054909,1.137995606733682,0.0,2.101843457237836,0.0,0.12272998550601075,1.732484076433121,-0.020496205985164977,-110.80389849519553,0.033692254254949636,-1.5058333333333334,-0.24539669838819003,-0.502188587611781,-0.7374657032881899,-0.8584768018675226,-3.3115384615384613,-1.8910336239103362,0.34678086083222814,-0.06141859984076528,-0.7308002633712483,Other Industrial Metals & Mining,Basic Materials,USAS
2016Q3,2016,Q3,2016-09-30,2016-09-30,1040000.0,16787000.0,1606000.0,0.12,3427000.0,0.2041460654,120360000.0,87912000.0,41073000.0,13143000.0,32448000.0,7126000.0,-155341000.0,124987461.48,107147461.48,2.2789076330314795,3.125085596895686,0.07252409438351612,0.09929247429247429,0.01844496664298504,2.2789076330314795,0.01183001183001183,7.445491242032525,30.04506285576923,1.4217337960687961,0.0,1.8748245860230144,0.0,0.139473246925889,2.466255801567374,0.008640744433366567,110.41295183745584,0.204146065407756,2.714285714285714,-0.8807996507293384,-0.46414642209842877,-0.7250651779241359,6.45,1.4805914972273568,1.929936305732484,1.0855310523746502,-0.13757429700721335,-0.7237963834829367,Other Industrial Metals & Mining,Basic Materials,USAS
2016Q2,2016,Q2,2016-06-30,2016-06-30,-2164000.0,12782000.0,-1727000.0,-0.07,460000.0,0.0359881083,119282000.0,77879000.0,38943000.0,20832000.0,41393000.0,7075000.0,-156381000.0,100230945.48,92688945.48,2.517465626924065,1.8693836405529953,0.07879646551868681,0.12068721991807804,-0.01971446461144016,2.517465626924065,-0.027786694744411203,7.84156982318886,-11.579360614602587,1.2870086349336793,0.0,1.741625441696113,0.0,0.1071578276688855,1.0657162058371736,-0.018141882262202175,-73.86215584377304,0.0359881082772649,-0.20898100172711584,-1.3328580502624632,-0.6366632882409139,-0.6750932288627018,-0.5213319458896982,-0.2888624181060155,-0.37063492063492065,0.6181053204925027,0.23944069939261092,-0.6948673104876317,Other Industrial Metals & Mining,Basic Materials,USAS
2016Q1,2016,Q1,2016-03-31,2016-03-31,-1679000.0,14902000.0,-1260000.0,-0.0579,961000.0,0.0644879882,98262000.0,64624000.0,17888000.0,12470000.0,33628000.0,7929000.0,-154217000.0,66061782.48,72449782.47999999,2.230377602127335,1.4344827586206896,0.09386130956015551,0.14271787571180986,-0.01717482568713672,2.230377602127335,-0.02598105966823471,4.433081631995705,-9.836477438951757,1.0222484290666007,0.0,1.7582292849035188,0.0,0.15165577741141031,0.7522854851643945,-0.017086971565813843,-45.09336688054607,0.06448798818950477,0.7684,-1.1355852058081362,-0.567958126812146,-0.7000159380463432,1.2419436052366566,0.768669054836043,-1.2190542420027817,-1.776674439880807,-0.05109082285024959,-0.7423579290639583,Other Industrial Metals & Mining,Basic Materials,USAS
2015Q4,2015,Q4,2015-12-31,2015-12-31,-7258000.0,11382000.0,5752000.0,-0.25,-3972000.0,-0.3489720611,96878000.0,64835000.0,15841000.0,10358000.0,32033000.0,8790000.0,-152538000.0,24338551.439999998,30160551.439999998,2.2376598761129887,1.5293492952307395,0.07371126571564235,0.11014112747744274,0.08195943165957899,2.2376598761129887,-0.11194570833654661,2.1383369741697416,-0.838335334802976,0.3753921715123004,0.0,1.7467576791808874,0.0,0.11748797456594892,0.609577138443715,-0.07491897025124383,-17.200389710247347,-0.34897206114918294,-0.47058823529411753,-1.2320687584394387,-0.5531764485506977,-0.6691438413749329,-0.44383860414394766,-0.5215932914046122,0.26389804438584924,-4.011283600026591,-0.35885876340022216,-0.743882814543467,Other Industrial Metals & Mining,Basic Materials,USAS
2015Q3,2015,Q3,2015-09-30,2015-09-30,-4770000.0,12836000.0,4551000.0,-0.17,-2751000.0,-0.2143191025,101981000.0,76181000.0,19331000.0,8300000.0,25790000.0,10410000.0,-141427000.0,37433528.88,41698528.88,2.6863328948323293,2.329036144578313,0.062452809837126526,0.08360352318819653,0.051431873457557564,2.6863328948323293,-0.0626140376209291,2.9162923714552824,-1.9619249937106917,0.49137618146256945,0.0,1.4973102785782901,0.0,0.1258665829909493,0.9512048192771084,-0.046773418577970405,-7.384795596764649,-0.21431910252415082,-2.2629558541266794,-1.0309267509975453,-0.1385805987545326,-0.5326984598246786,-3.9837310195227764,-2.269362577107608,3.578470254957507,-3.5483509286735115,-0.3758966986122551,-0.6912901249589042,Other Industrial Metals & Mining,Basic Materials,USAS
2015Q2,2015,Q2,2015-06-30,2015-06-30,-1459000.0,15317000.0,-1765000.0,-0.0521,922000.0,0.0601945551,105633000.0,79173000.0,23538000.0,8217000.0,26450000.0,11845000.0,-136657000.0,57129571.68,58370571.68,2.8271333960752005,2.864549105512961,0.0644211562674543,0.08595101865534968,-0.017817425425252664,2.8271333960752005,-0.018427999444254987,3.729814694783574,-9.789165812200137,0.7215789685877761,0.0,1.215280709159983,0.0,0.145002035348802,1.3422173542655471,-0.013811971637651113,-187.92622263157895,0.060194555069530586,0.7519047619047619,0.21483614101358722,0.3884380134678205,-0.5191778817558609,1.5110864745011086,0.752669944058315,-1.3483323465561476,-2.522096870681502,-0.10315664327207419,-0.6697958958718606,Other Industrial Metals & Mining,Basic Materials,USAS
2015Q1,2015,Q1,2015-03-31,2015-03-31,-5899000.0,13915000.0,5067000.0,-0.21,-1804000.0,-0.1296442688,108204000.0,79503000.0,26952000.0,12584000.0,28691000.0,12592000.0,-135198000.0,50408445.6,52003445.6,2.838917135742825,2.1417673235855053,0.06933200251377028,0.09436121907349408,0.055707175696444004,2.838917135742825,-0.07419845791982692,3.6225975997125404,-2.136313171724021,0.634044571902947,0.0,1.2483322744599745,0.0,0.12859968208199327,1.0966306420851875,-0.05451739307234483,-5.4225952667814115,-0.12964426877470356,0.9201520912547528,-1.1078845151770713,-0.21321436329388063,-0.30082206682554563,0.4355020597002242,0.9198417003966478,-0.9023317496099067,-1.864754446317657,-0.38511932208390126,-0.6762472538115311,Other Industrial Metals & Mining,Basic Materials,USAS
2014Q4,2014,Q4,2014-12-31,2014-12-31,-73591880.431472,7299208.210145,51879704.814636,-2.63,-3195760.110376999,-0.4378228458,118588000.0,85329000.0,36935000.0,15814000.0,33249000.0,12353000.0,-129299000.0,63850697.76,56373697.76,3.046953703329428,2.3355887188567093,0.06532701453772725,0.0907897666678386,0.6886591762199589,3.046953703329428,-0.8624486450265678,8.747619731035401,-0.21690809293647928,0.7482883633934535,0.0,0.8495886279059337,0.0,0.06155098500813742,1.5102440875173897,-0.6205676833361892,-40.38879573255663,-0.43782284576226854,-17.78571428571428,-3.0487204742446417,-0.6525070232215758,0.36916177142343987,-2.5492970348279322,-31.73885416501104,103.67214347527681,-52.90719412236232,-0.6430786623901051,-0.6365130760727794,Other Industrial Metals & Mining,Basic Materials,USAS
2014Q3,2014,Q3,2014-09-30,2014-09-30,-2247845.329606,7529251.554409,-505294.8449170003,-0.14,-900392.4098260002,-0.1195859115,136146499.668512,129819563.152896,29825834.542816,4456270.494006,6317977.38716,8634808.005877,-56811625.365084,47661145.92,35235730.664396,7.844552090877224,6.69300361881844,0.0,0.0,-0.0033137920340283876,7.844552090877224,-0.01731515092959127,6.3301306345768795,-5.3007590527096005,0.3671337721562559,0.0,0.976239883793321,0.0,0.05530257166171102,4.638520305589458,-0.01651048932641698,-23.78114343002877,-0.11958591147067545,-0.2727272727272728,-10.35872815547485,-0.1602952821554557,7.033242322637089,-1.1782758687504813,-0.22170336408718297,0.7599759496467674,-1.6005650554578545,-0.43975976321736016,-0.053607745171660164,Other Industrial Metals & Mining,Basic Materials,USAS
2014Q2,2014,Q2,2014-06-30,2014-06-30,-1839927.265229,8957811.958121,-2105184.227053,-0.11,-413350.95464400016,-0.0461441875,138764071.272577,132822502.788479,33600464.902661,4103515.826374,5932195.446578,7876163.428282,-57084610.409695,59576432.4,44774531.547991,8.026009460051595,8.188213796253704,0.0,0.0,-0.015440583102305758,8.026009460051595,-0.013852526692401666,6.650779529479743,-8.094943958638636,0.44854170904214924,0.0,1.1898131619659775,0.0,0.06455426016238018,6.189812699862611,-0.013259392351027197,-55.560751716104804,-0.04614418750655546,-0.6442451420029895,-1.6940696939783817,0.2626689206252381,6.951615440589787,0.6509473810203081,-0.6616166670250915,-0.2497467996242388,-1.5290385122087942,-0.5240106513566686,0.03584525281839333,Other Industrial Metals & Mining,Basic Materials,USAS
2014Q1,2014,Q1,2014-03-31,2014-03-31,-1107311.5127829998,8167327.073043,-1684488.592158,-0.0669,-1184208.1456150003,-0.144993354,139313177.368869,134054352.349418,35724366.281279,3448587.815955,5249778.356764,8708317.501674,-53321029.87208,47661145.92,32114456.093877003,8.100445914883363,10.359129066106158,0.0,0.0,-0.007123869100921867,8.100445914883363,-0.008260168307678279,5.835586783013738,-10.760555040246423,0.35553598286588506,0.0,1.0738624558487164,0.0,0.058625660740030436,7.63457502623229,-0.007948361624479323,92.91653876020305,-0.144993354009733,0.27987082884822384,-0.9878760341563616,1.5833676917311472,7.684651794352856,-0.39804130566211826,0.2800594395658742,-0.29151386659184136,-1.156557858586191,-0.5854235028882997,0.08950370863878719,Other Industrial Metals & Mining,Basic Materials,USAS
2013Q4,2013,Q4,2013-12-31,2013-12-31,-1538059.631083,6409694.592134,-1304274.491921,-0.0929,-847048.0384370005,-0.1321510762,139678052.537168,135288372.136706,36250082.177372,2605257.473445,4380288.700846,8456286.334138,-54205133.50301,43689383.760000005,28269152.160687007,8.175013509069093,13.914203316510429,0.0,0.0,-0.011044842011684363,8.175013509069093,-0.011368749633034417,6.816141257902642,-7.101380024069162,0.3229352461706969,0.0,0.8581476955523081,0.0,0.04588906041934108,10.407714491708731,-0.01101146245344254,-15.663861083097645,-0.1321510761958145,0.7096875,0.9876067699315094,1119.7848953050432,7.447386406783948,-2.0881666444472846,0.7051418780463254,-1.2460163613779427,-1.0861026141030357,-0.5594469013954905,0.2087420412690355,Other Industrial Metals & Mining,Basic Materials,USAS
2013Q3,2013,Q3,2013-09-30,2013-09-30,-5216270.187479,8350297.601737,5301576.2228810005,-0.32,778417.573043,0.093220339,141165978.40206298,136542972.915334,37841951.181682,2888772.562477,4613311.61907,7206421.217938,-54133465.169934,59576432.4,40812982.158622995,8.250824742154288,13.099664429529934,0.0,0.0,0.039103305709922785,8.250824742154288,-0.03820240673032251,7.134647798373931,-2.8553176052405096,0.43632001799859355,0.0,1.050712940543402,0.0,0.05915233752678025,10.217114093959758,-0.036951326704386514,-14.685270283199573,0.09322033898301735,-0.7777777777777779,-12.166891350355042,124.9168910159833,-0.15848964880265284,1.4146935866596326,-0.7215655082995431,5.107589424644841,-2.8058424545372636,-0.039711470710726504,0.43527375819369607,Other Industrial Metals & Mining,Basic Materials,USAS
2013Q2,2013,Q2,2013-06-30,2013-06-30,-3029957.4209240004,5514370.437956,-1290678.223844,-0.18,-1877090.9367399998,-0.3403998621,141598236.009733,136475440.997567,39357131.995134,3456698.600973,5113290.754258,7351543.491484,-47960386.253041,63520062.72,40882821.235815,8.250396347068614,11.385757492439653,0.0,0.0,-0.00661611066035121,8.250396347068614,-0.022201484741698082,11.51900537598719,-5.241002916521945,0.4654321851294285,0.0,1.0054298642534374,0.0,0.03894377919776459,8.92493813582678,-0.021398270955266217,-25.97484228195381,-0.3403998621165859,-2.5,-0.03166709688563226,38.390188099632205,-0.2067690712211759,-1.8579722253306967,-3.4564383887800645,-2.1580251841714886,-1.7605310807562136,-0.1537477679679671,0.40317858840988313,Other Industrial Metals & Mining,Basic Materials,USAS
2013Q1,2013,Q1,2013-03-31,2013-03-31,1233475.846479,8960636.886333,1114551.0835910002,0.12,2187822.49742,0.2441592629,147645584.549609,143118580.76564,46701066.391469,2832571.625141,4517175.291169,7358592.559831,-46463216.865694,128952275.39999999,103406056.91260499,8.656884312504284,16.487161693270266,0.0,0.0,0.005154770688712165,8.656884312504284,0.008618558400176184,14.390972096713506,26.135954702335432,0.9010170077857489,0.0,0.9203953519432997,0.0,0.06069017853576394,13.61485079805857,0.008354302299264165,60.93938346760641,0.2441592629154435,0.37931034482758624,1.323615763168487,53.16214687107913,-0.1191950630461123,1.1440868495688523,-0.10309513796053432,-0.7041931587403956,-0.9617872967910096,-0.14176052833103664,1.1320461964675717,Other Industrial Metals & Mining,Basic Materials,USAS
2012Q4,2012,Q4,2012-12-31,2012-12-31,1375258.289574,10129402.7026,3767834.032658,0.087,1020398.2631860003,0.1007362717,148317803.041726,144440758.722596,47096488.847341,2201381.140496,3866992.350452,7050450.830795,-48781198.797785,206323640.64000002,182606020.544104,8.736859543901067,21.39406392694431,0.0,0.0,0.009334823602738504,8.736859543901067,0.00952126187744026,20.368786462309487,37.50634375450861,1.42843088380789,0.0,1.2919747485689337,0.0,0.06829525852503568,17.942465753427655,0.009272375004011494,86.86944994591036,0.10073627173733413,-0.275,1.4966363007973684,0.0,-0.14083699257022048,-0.7748145761119173,0.26150789516650275,1.6489218904591623,-0.9351464920322696,-0.1831345830322469,2.9259454703017704,Other Industrial Metals & Mining,Basic Materials,USAS
2012Q3,2012,Q3,2012-09-30,2012-09-30,1090170.18034,11978663.957328,1422402.844806,0.12,4531369.0627379995,0.3782866836,147326390.652781,143724663.449327,45967995.935992,2415036.830074,3591567.183134,6460756.921514,-50757429.514859,241803770.64000002,220041007.11447302,8.70180422467769,19.03407656709876,0.0,0.0,0.006459355996621187,8.70180422467769,0.0075851294703108574,20.18620536492098,55.45092293860642,1.6824097189502396,0.0,1.1526969649315977,0.0,0.08130698040081173,16.274716028605106,0.0073996938057711206,-52.946687709106556,0.3782866836301819,2.519061583577713,1.5451690778048024,58.98240563958887,-0.05490770954006365,0.672298793073959,0.928368852909855,0.7600072183113837,6.519599663243149,0.33854559009669893,7.911114512487863,Other Industrial Metals & Mining,Basic Materials,USAS
2012Q2,2012,Q2,2012-06-30,2012-06-30,565332.808967,10072755.874545,808180.119949,0.0341,2709664.7330640005,0.2690092728,147148756.26782,141411857.241176,47426015.141087,4568872.283945,5727067.151706,6838069.019762,-50173040.998918,126847879.67999999,100596773.59406899,8.561775461694747,10.380245319559894,0.0,0.0,0.0039880718134754104,8.561775461694747,0.003997775151222521,12.593165292584823,56.09433844454464,0.8970102094314669,0.0,1.0767792954709419,0.0,0.0684528780944091,8.883580804819363,0.0038419136070580078,-40.71220524535101,0.2690092728159561,-0.8579166666666667,1.0498164280386626,23.915206860624597,-0.013709485646895947,-0.6035982989992084,-0.859447247237861,-0.8532078304252086,-0.7863235710625051,0.4226100019083697,7.482415364563631,Other Industrial Metals & Mining,Basic Materials,USAS
2012Q1,2012,Q1,2012-03-31,2012-03-31,4022210.862876,13343556.744946,5505607.841958,0.24,6835653.646850999,0.5122812289,150566797.967345,144793577.291999,55711579.517094,4623588.016558,5763197.722785,6103978.109872,-51724448.988183,251648884.56,221291365.842136,8.768781637114461,12.049425536526961,0.0,0.0,0.03263950174118508,8.768781637114461,0.02777893148371201,18.859205935127786,15.641204124991075,1.737983750843523,0.0,1.0661740558292188,0.0,0.0886221725180073,10.729243442445172,0.02671379691390089,-382.73263508261675,0.5122812288740084,6.052631578947368,3.396506777923787,24.97736810444192,0.07005783871328108,0.3772675237539233,5.99692026521142,12.183132277355991,8.236794937294594,3.2299947878511217,8.401188030788921,Other Industrial Metals & Mining,Basic Materials,USAS
2011Q4,2011,Q4,2011-12-31,2011-12-31,-804937.9716700001,12058199.984011,417625.16874799994,-0.0475,4963199.617326,0.4116036908,141671890.303624,138416258.570029,50045053.868756,2132223.31048,3245837.4143,4905974.53477,-54475024.485798,378464070.48,351420975.475103,8.38256757742269,23.470831419383558,0.0,0.0,-0.0014466712992305876,8.38256757742269,-0.0058153426482247935,31.386448307528315,-117.54448286704715,2.7342457771210715,0.0,1.4461959222170373,0.0,0.08511356739977477,21.169958658703727,-0.005681705594136549,-60.83933670781294,0.4116036907587477,-1.2065217391304348,0.3910802348367715,0.0,0.034895584745407056,-0.32999710642650143,-1.2197537840573367,-0.9079894612293498,0.9934996655384386,2112.1453199637886,7.661855705671081,Other Industrial Metals & Mining,Basic Materials,USAS
2011Q3,2011,Q3,2011-09-30,2011-09-30,3662908.355016,13152163.438373,4538884.070541,0.23,7407728.630624999,0.5632327081,139352413.992482,134242073.817095,38221065.818637,2917028.042787,5100703.478847,3692782.114291,-52595162.378337,314838592.1954,285781061.117054,8.288901405157947,13.102741988767326,0.0,0.0,0.029612057077716265,8.288901405157947,0.027285844525962236,23.938159959054417,21.488293022964857,2.3453048902117524,0.0,1.5555845511483446,0.0,0.09438059278314728,11.836802114304268,0.026285216381064,57.120572052117524,0.5632327080890792,-0.07999999999999996,121.59452761481504,12.465333552451671,-0.19807218515850972,-0.30328650369599197,0.08844155210603183,-0.6914511328361473,10.447774948556544,201.65603838717425,-0.154606169628392,Other Industrial Metals & Mining,Basic Materials,USAS
2011Q2,2011,Q2,2011-06-30,2011-06-30,3365277.949862,18210097.881303,14710422.087308,0.25,10632388.592904001,0.5838732258,128883456.201214,124075019.617561,29326482.674596,2888967.7033,4798321.149796,3581969.396605,-60276542.559782,255571517.88000003,238224035.12280303,7.748270736593058,10.151197827894388,0.0,0.0,0.058933192079488605,7.748270736593058,0.02712292901693561,14.034604291853093,18.98591451342676,2.059814446677126,0.0,2.1155148046717462,0.0,0.1412911976295331,8.911319170714386,0.026111015711807867,26.35482011993632,0.5838732258446935,-0.32432432432432434,4.066667511942306,29.465596783011474,-0.2131076068313041,-0.17637532228108876,-0.5012164347700164,0.22743367222353525,2.1836522355788106,133.37068346615743,-0.2550457294089582,Other Industrial Metals & Mining,Basic Materials,USAS
2011Q1,2011,Q1,2011-03-31,2011-03-31,6746970.398494,18792697.883549,11984698.171641,0.37,12909264.232285,0.6869298018,144666058.585672,117372422.343633,41471452.089185,24689439.35138,27283556.090585,3309556.440411,-63419832.083218,269001975.7865,261227694.21721897,7.434987004315903,1.679724334723177,0.143003878831672,0.17625782189680808,0.05702633935770346,7.434987004315903,0.05748343830496054,14.314175508668315,9.967509856221701,2.291866951496825,0.0,1.7777106259391546,0.0,0.12990398762001157,1.54567688255914,0.04663824026489537,30.017173651212,0.686929801792093,-0.5978260869565217,3.480537647769124,420.0018207697969,0.17009487894920183,16.339671525015433,-0.6040520430467212,2.0898707279670337,2.8537722467387496,117.95828022612251,-0.2435184503817172,Other Industrial Metals & Mining,Basic Materials,USAS
2010Q4,2010,Q4,2010-12-31,2010-12-31,17040043.470385,13878832.629113,3878705.365621,0.92,744493.0092050005,0.0536423364,132181289.993601,106767901.135818,30704250.319949,23289014.757639,25403593.425052,3116657.334826,-65976730.723084,191332380.0,198942678.352264,6.7632408156220825,1.3184005695164815,0.15273119129065338,0.18908497471891722,0.11203071401632973,6.7632408156220825,0.15959893646975967,13.78591306005454,2.8070993529524877,1.7920402851846704,0.0,4.214239234176598,0.0,0.10499846559059066,0.8671986263874676,0.12891418650256722,41.69316248903122,0.05364233643421214,12.111111111111112,9.266641946266223,33.80524904201235,0.05819431930948988,-0.7632196182388089,14.099219759594689,30.41471303187699,31.395915755218347,0.0,-0.3349181945842322,Other Industrial Metals & Mining,Basic Materials,USAS
2010Q3,2010,Q3,2010-09-30,2010-09-30,-1300844.1558440002,8253082.961814,-131862.7641009998,-0.0828,3144234.3477420006,0.3809769467,127827678.813724,90292277.573173,21491340.376042,22272676.875363,37525906.183369,3319540.608645,-79994019.189765,160209462.0,171244396.09575498,5.748606978321696,0.9649195063667773,0.15387053673875584,0.21783605506237544,-0.002389856018332507,5.748606978321696,-0.014407036690261735,19.412074583676123,-30.789518729100674,1.7743429040226169,0.0,1.5390227794674805,0.0,0.06456413069849096,0.6712238764040501,-0.010176545235869035,254.48919453318248,0.38097694671070026,-0.24698795180722888,0.603850955179274,0.0,-0.2293786302349235,2.3813800481718657,-0.2593319581866402,0.8304920248305087,0.3159368623090094,42.45759722931859,-0.3756508425357893,Other Industrial Metals & Mining,Basic Materials,USAS
2010Q2,2010,Q2,2010-06-30,2010-06-30,-1032963.6656859999,6132495.968124,-777914.8088410001,-0.0664,929867.1852760008,0.1516294817,128611867.944217,91534058.438478,20675928.280049,21704198.842615,37068515.321127,3782230.338678,-77028382.506404,119558945.28,132357134.25637801,5.879790651892835,0.9526234269220273,0.15054592185263885,0.21152773679171682,-0.008065894909733798,5.879790651892835,-0.011285019841879698,19.49596802043629,-28.935902890785588,1.3061689530608778,0.0,1.3755451987269687,0.0,0.04768219345654676,0.5646855225340052,-0.00803163566626704,-96.01631209986023,0.1516294817166358,-1.0353191489361702,0.6298433994925239,46.0839501480218,-0.1127767907634017,-0.27590085229794575,-1.056558864834242,-19.130832597194697,0.9034272548865615,15.09365167022712,-0.32266598531000873,Other Industrial Metals & Mining,Basic Materials,USAS
2010Q1,2010,Q1,2010-03-31,2010-03-31,18263514.812635,5907338.630567,42905.630763,1.88,1284171.0810280005,0.2173857233,60403003.727683,37980517.951736,19304850.892682,2443337.25721,22412875.220718,4051366.490092,-78382543.653129,72960950.39999999,84726118.145733,4.060364323647034,7.9010176903395815,0.31168200534952384,0.49568911500635504,0.0007827933277794181,4.060364323647034,0.4808653435385869,12.350900289086193,0.9987254801239629,1.9210098844021983,0.0,1.1411378261743028,0.0,0.09779875612145489,4.342516555334495,0.3023610364638992,353.59071642707136,0.21738572330747571,0.5039999999999999,30.095807073795235,53.804564161897055,-0.4030447372099277,-0.7091688014602053,0.5222013030181893,-0.9821599061994712,20.209335912930356,19.301567498621644,-0.5045121600291089,Other Industrial Metals & Mining,Basic Materials,USAS
2009Q4,2009,Q4,2009-12-31,2009-12-31,11998094.323282,7016084.32206,2405011.500653,1.25,4415520.368776,0.6293425458,42642264.349155,20816464.521058,16308983.860185,1677094.833349,21010583.516379,3185481.806895,-94154985.197211,69593521.92,81323352.881704,2.2254154088465987,9.724544811587965,0.42602406254861536,0.8727049050967123,0.35908367512337824,2.2254154088465987,0.5763752202562875,9.91913989704824,1.450095324408217,3.3431960479935956,0.0,0.8163800991281944,0.0,0.1645335778750462,5.899298781496005,0.2813662573132037,85.88966122337445,0.6293425457976187,106.04201680672269,11.200003735189332,28.694538576578527,-0.6518056937576796,0.840379809879591,108.34804026377282,1.2034822395273508,17.02227165601984,0.0,-0.7252545166420424,Other Industrial Metals & Mining,Basic Materials,USAS
2009Q3,2009,Q3,2009-09-30,2009-09-30,-111768.17288700002,5064150.996351,1091459.444288,-0.0119,2399244.082701,0.4737702498,30822839.367574,9127055.85181,11698340.349892,2215465.431752,20859402.189166,2719626.719057,-103969308.635045,59444344.2,71509054.649995,0.9765113233011595,5.280308228795472,0.5723020689308873,1.93271247889743,-0.0074641603927916205,0.9765113233011595,-0.012245807925546451,11.738264566525155,-132.96348742342664,6.512981312392374,0.0,0.9798796632554142,0.0,0.16429865321488027,4.052743726962417,-0.0036261478559493614,-366.02347671629616,0.47377024982663185,-1.0743749999999999,0.9384597180528509,24.89090293199066,-0.8602301436529611,1.531196849422716,-1.0746759248006093,4.499710942570065,-5.376141604374673,7.983898145942472,-0.9055252857543251,Other Industrial Metals & Mining,Basic Materials,USAS
2009Q2,2009,Q2,2009-06-30,2009-06-30,1496709.591283,4005460.18347,-311871.3122880001,0.16,947869.417287,0.236644324,28721344.588483002,9430967.741935,10907630.819587,1432520.780395,18515370.170981,3103777.079116,-96508326.801326,43727818.68,54420630.601270996,1.0093558371902716,7.6142915124619375,0.5605564351895603,1.7071349385262231,-0.04891709554546134,1.0093558371902716,0.15870159163283412,10.917052392746001,7.303991858987807,4.636620533178512,0.0,0.9851193201845042,0.0,0.13945935473634313,5.447637372715238,0.0521114040003255,-4009.6946823498497,0.2366443239652539,5.747774480712167,-0.7927970378882785,17.70409952513736,-0.8526103227504219,0.3364002443164894,5.759014806424948,-4376.554541548594,3.337496121834034,10.484641248313428,-0.8974926848471635,Other Industrial Metals & Mining,Basic Materials,USAS
2009Q1,2009,Q1,2009-03-31,2009-03-31,-314499.881207,1784981.389087,71.27583699999377,-0.0337,709270.610596,0.3973546251,25651373.247802,8715021.778728,8150829.96753,1378816.821098,16856408.489744,2828290.171854,-88792367.149758,24666974.64,35732055.815259,0.9327312259255609,5.911466877115126,0.5687001931368725,1.6738846202149342,3.5115497532480283e-06,0.9327312259255609,-0.036087102154425454,13.819177494403407,-19.608095355499117,2.8303973605904478,0.0,0.3803396091377181,0.0,0.06958619220278783,3.8602225576545224,-0.012260547541404968,-1533.4279676007843,0.39735462505790314,0.9955066666666668,-1.108402539763865,0.0,-0.8515385727528259,218.66300930977067,0.9955115968763691,1.0012037292799476,-1.3528707864055716,66.56198921704036,-0.8532096921947574,Other Industrial Metals & Mining,Basic Materials,USAS
2008Q4,2008,Q4,2008-12-31,2008-12-31,-70069437.290783,3228.903277,-59212.514132000004,-7.5,3228.903277,1.0,26614617.091207996,9042282.662284,8456904.683648,1430593.26212,17489389.482334,2934496.302383,-92126640.920296,21303296.279999997,32783886.255348995,0.9677565480494514,5.9114668771162036,0.568700193136839,1.6738846202148971,-0.0024460986671526286,0.9677565480494514,-7.749087250174957,6597.687961651506,-0.07600780419997126,2.355964425759167,0.0,0.0,0.0,0.00012132067374610667,3.860222557655785,-2.632742641032776,-135.69991500031597,1.0,-312.8075313807531,-99.98252529090563,0.0,-0.6909668782272532,-0.9137623118115883,-312.26497080083914,-1.0870933181331097,-72.3280318971006,-0.9863189088491535,-0.8485822833256165,Other Industrial Metals & Mining,Basic Materials,USAS
2008Q3,2008,Q3,2008-09-30,2008-09-30,-223674.664651,37441.904402,679874.362365,-0.0239,37441.904402,1.0,112936104.288683,91611471.755148,17441476.478368,2919766.672964,21220035.896467,4980621.575666,-24695634.80068,70637245.56,78556789.297011,9.804781046857666,5.973585711443953,0.15322580995926965,0.18889256685591432,0.002018703030338386,9.804781046857666,-0.0024415573766658856,1886.5826054570782,-78.95087902581123,0.7710524043189015,0.0,0.0,0.0,0.0003315317509650627,4.267757084182472,-0.0019805417059477392,-10.93490871088746,1.0,0.8672222222222222,-1.125674745275391,0.0,2.755627826162642,-0.5206313408004821,0.8634978668210791,-0.19313426147614393,0.8854945474231127,0.0,0.31436604190708145,Other Industrial Metals & Mining,Basic Materials,USAS
2008Q2,2008,Q2,2008-06-30,2008-06-30,-1638616.6240919998,78106.700727,842611.515032,-0.18,78106.700727,1.0,119328232.462173,95992052.466103,27704674.78876,4351149.53822,23219366.280212,5469628.610729,-24974789.742582,131791776.47999999,131741400.17817199,10.401001836590092,6.367208147043741,0.15000617320671605,0.18647347407737624,0.00634599361021992,10.401001836590092,-0.017070336366342757,1687.329963413012,-20.107170667975687,1.3729446667112226,0.0,0.0,0.0,0.0006545534037953658,5.110154450616072,-0.013732011195350946,-8.769341579465049,1.0,0.21739130434782614,-2.0420762424594705,0.0,3.2431874929233544,-0.10748329697394458,0.18726784625827464,-0.5444663762716464,0.009536309209998895,0.011543732791173327,0.5694453723049671,Other Industrial Metals & Mining,Basic Materials,USAS
2008Q1,2008,Q1,2008-03-31,2008-03-31,-2016182.842709,87512.872826,1849724.084329,-0.23,87512.872826,1.0,90909062.46964,85949867.871369,13625390.070922,3926205.187992,4840260.371126,4549330.613038,-22813995.919557,144818367.014929,140804899.609896,9.828378508461395,3.4703713684129958,0.0025315076412525603,0.002677572310470783,0.021850219675633668,9.828378508461395,-0.023457660757854593,1654.823597242297,-17.956998237861573,1.6849166915725984,0.0,0.0,0.0,0.0009626419022330784,2.311662030716692,-0.02217801820783626,-10.444547683004846,1.0,-7.906906906906907,-0.5802254141947052,0.0,3.359992474614437,0.0,-7.919456626603036,0.1397685450262658,-2.4356467356570684,-0.1315809488993915,0.44496941842130505,Other Industrial Metals & Mining,Basic Materials,USAS
2007Q4,2007,Q4,2007-12-31,2007-12-31,291378.781819,0.0,1622894.483622,0.0333,0.0,0.0,94095430.677572,88928941.734828,25564653.135414,4141524.790468,5031062.304352,4000642.229627,-21628753.912956,150065418.36,132413981.42169902,10.16903599008264,6.172763517980813,0.0008916032218660846,0.0009434025359838864,-0.0053937649977268375,10.16903599008264,0.003276534906800593,0.0,128.75458657557496,1.6874755893022015,0.0,0.0,0.0,0.0,5.206780593325684,0.0030966305135202623,-18.27678547918181,0.0,1.2775,1.3298774132818738,0.0,3.780660606934243,-1.0,1.3274941862142566,1.3970377054203853,-0.6830883860842097,-1.0,0.5910739260833825,Other Industrial Metals & Mining,Basic Materials,USAS
2007Q3,2007,Q3,2007-09-30,2007-09-30,-889721.9983880001,88853.746978,677041.700242,-0.12,88853.746978,1.0,71447641.01531099,67662544.319098,12180870.265915,2756744.560838,3628059.02498,2502149.476229,-21312568.493151,131395571.13125402,126994368.47210802,9.207359230962398,4.418570526611373,0.0017300780009729194,0.0018268599442411246,0.00684029222299358,9.207359230962398,-0.01314940204128376,1478.7848076208568,-36.92040080196869,1.9419247746816866,0.0,0.0,0.0,0.0012436204431012486,3.510924054111073,-0.012452783405365835,-11.571103718818827,1.0,0.8260869565217391,-2.251696336637615,0.0,2.706635660267076,-0.5031109739851667,0.822748388537204,-0.8150250445407301,0.37693142670686386,-0.4222280088018936,0.31786621039550295,Other Industrial Metals & Mining,Basic Materials,USAS
2007Q2,2007,Q2,2007-06-30,2007-06-30,-5019542.50822,178820.103335,3660180.366369,-0.69,178820.103335,1.0,65336445.279474,63418139.971818,17665965.241898,711790.511977,1918305.307656,2082554.250822,-19049908.877407,135883732.20000002,123182360.66406801,8.680784552926895,24.819051314453088,0.0023348740714690466,0.002405500572435455,0.07204802786487291,8.680784552926895,-0.07914994842880292,759.8906927451923,-6.767734906989873,2.1426634754722316,0.0,0.0,0.0,0.0027369120338595746,21.89325472714301,-0.07682607290233055,-16.02869448619505,1.0,-5.8999999999999995,-6.457958432789634,0.0,2.059579726476512,-0.21033077415048385,-5.783960239043204,6.574038157492485,-1.8887507746429004,0.06796781620150451,0.2675985875215475,Other Industrial Metals & Mining,Basic Materials,USAS
2007Q1,2007,Q1,2007-03-31,2007-03-31,-739913.314841,226449.375867,-656647.8848819999,-0.1,226449.375867,1.0,61063928.571429,59653607.836338,22389961.85853,736810.852982,1410320.73509,1014876.040222,-12946710.298197,151997059.36044702,132809210.01925403,8.194680062956888,30.387665664687187,0.0022827279589282736,0.002336695835974051,-0.011627454162095145,8.194680062956888,-0.012403496480396979,671.2187162296226,-51.35637388587529,2.547994410957622,0.0,0.0,0.0,0.0037083984140016935,29.010275475448495,-0.012117027714250203,-23.086733168926617,1.0,-0.2484394506866417,-1.8482042622621002,0.0,2.60427784086861,0.0,-0.2696494508010442,-1.3954012462737049,-1.3273460180374097,0.0,0.3043349082403682,Other Industrial Metals & Mining,Basic Materials,USAS
