Quarters,Year,Quarter,FillingDate,Date,NetIncome,Revenue,OperatingIncome,EPSDiluted,GrossProfit,GrossProfitRatio,TotalAssets,CommonStockEquity,CurrentAssets,CurrentLiability,TotalLiability,Inventory,RetainedEarnings,MarketCap,EnterpriseValue,bookValuePerShare,currentRatio,debtToAssets,debtToEquity,roic,shareholdersEquityPerShare,roe,priceToSalesRatio,peRatio,pbRatio,payoutRatio,inventoryTurnover,dividendYield,assetTurnover,quickRatio,returnOnAssets,priceToFreeCashFlowsRatio,grossProfitMargin,epsdilutedGrowth,fiveYNetIncomeGrowthPerShare,fiveYRevenueGrowthPerShare,fiveYShareholdersEquityGrowthPerShare,grossProfitGrowth,netIncomeGrowth,operatingIncomeGrowth,threeYNetIncomeGrowthPerShare,threeYRevenueGrowthPerShare,threeYShareholdersEquityGrowthPerShare,Industry,Sector,Symbol
2019Q4,2019,Q4,2020-01-31,2020-01-31,61941550.0,4425210.0,387850.0,5.97,1142590.0,0.2582001758,369733914.0,256724451.0,8477504.0,7861013.0,113009463.0,0.0,4532474.0,261475916.0,336256344.0,24.761709427265185,1.0784238621663647,0.20284858153423274,0.2921420211742901,0.0034641973722196974,24.761709427265185,0.24127639482224464,59.08779831917581,1.0553332779047344,1.0185080345151853,0.1599727485024188,0.0,0.037896262690595185,0.011968634286548029,1.1063556312653344,0.16753007407375672,25.229612161503688,0.25820017581086546,0.0,1.4999031641100586,-0.23825100181859266,0.23194417438229073,0.0,0.0,0.0,0.6028540260483773,-0.24422986853859857,0.14654082875569632,Asset Management,Financial Services,ACV
2019Q2,2019,Q2,2019-07-31,2019-07-31,83493450.0,4725110.0,755890.0,8.08,1499720.0,0.3173936691,358710325.0,245734434.0,6454648.0,7525362.0,112975891.0,0.0,-6011594.0,242429375.1,317429375.1,23.78996837161752,0.8577192698504073,0.20908235635536837,0.30520753147684626,0.006944499888529048,23.78996837161752,0.3397710635864732,51.30660981437469,0.7258933937332809,0.9865502817566056,0.11886944424981839,0.0,0.040939015727389054,0.013172495104510861,0.8577192698504073,0.2327600968831884,31.834096055361503,0.31739366914209405,0.0,7.720079738422256,1.8533505991919492,0.020086376435859494,0.0,0.0,0.0,-0.13473132025917298,-0.15351896706486012,0.12074759255280706,Asset Management,Financial Services,ACV
2018Q4,2018,Q4,2019-01-31,2019-01-31,-14206850.0,4624880.0,548220.0,-1.37,1426440.0,0.3084274619,339200110.0,227320060.0,6322758.0,6471900.0,111880050.0,0.0,-24006642.0,220167341.5,293093241.5,21.98166196869848,0.9769554535762296,0.22110841886224625,0.3299312871904046,0.005895088851252505,21.98166196869848,-0.06249712409894666,47.604984669872515,-3.8743166412681203,0.9685345917117917,-1.2998363465511356,0.0,0.08387520090031154,0.013634665389701673,1.2974332112671705,-0.041883388540174704,11.644007629490046,0.3084274619017142,0.0,0.8850494679296971,-0.20184387773872672,0.0936312973514174,0.0,0.0,0.0,0.8850494679296971,-0.20184387773872672,0.0936312973514174,Asset Management,Financial Services,ACV
2018Q2,2018,Q2,2018-07-31,2018-07-31,15948340.0,5060390.0,1138270.0,1.55,1886970.0,0.3728902318,354199111.0,241310748.0,3919789.0,6395684.0,112888363.0,0.0,-3647321.0,247679407.8,322679407.8,23.470566128025116,0.6128803424309268,0.21174530841778424,0.3108025673187172,0.00944720639757153,23.470566128025116,0.06609046688629054,48.94472714553621,3.882526454163882,1.0263919442162601,0.08159093673698956,0.0,0.005253727031884481,0.01428685121685695,0.6128803424309268,0.04502648229402247,46.04947575089941,0.37289023178055447,0.0,2.2896045510799152,2.0700557023686916,0.006390777004950896,0.0,0.0,0.0,2.2896045510799152,2.0700557023686916,0.006390777004950896,Asset Management,Financial Services,ACV
2017Q4,2017,Q4,2018-01-31,2018-01-31,74103910.0,5219670.0,1240960.0,7.21,2158890.0,0.4136066073,365441027.0,245382023.0,10482775.0,12054859.0,120059004.0,0.0,-3068596.0,230159328.0,305159328.0,23.881531819557622,0.8695891839133083,0.20523147227254263,0.3056458622480262,0.011243553704818244,23.881531819557622,0.30199404623866843,44.09461287782561,0.7764749795253718,0.9379632834798171,0.13892114464675343,0.0,0.044728145886835394,0.014283207451690967,0.8695891839133083,0.2027793940060266,29.320556042477733,0.4136066073142555,0.0,1.603463474250389,-0.09337622919937046,0.18815359201469722,0.0,0.0,0.0,1.603463474250389,-0.09337622919937046,0.18815359201469722,Asset Management,Financial Services,ACV
2017Q2,2017,Q2,2017-07-31,2017-07-31,52310000.0,5460000.0,1740000.0,5.09,2490000.0,0.456043956,351010368.0,230148932.0,15245509.0,15622241.0,120861436.0,0.0,-8814517.0,222037400.0,297037400.0,22.409827848101266,0.9758848938510166,0.21366890222456336,0.3258759419313751,0.016036484535466956,22.409827848101266,0.22728760696573644,40.66619047619048,1.0611613458229785,0.9647552915865801,0.19690307780539093,0.0,0.046388581383136354,0.015555096081948211,0.9758848938510166,0.1490269370048921,21.557029126213592,0.45604395604395603,0.0,5.234561536597293,2.316175956360584,-0.03909245573466273,0.0,0.0,0.0,5.234561536597293,2.316175956360584,-0.03909245573466273,Asset Management,Financial Services,ACV
2016Q4,2016,Q4,2017-01-31,2017-01-31,38280000.0,5800000.0,2070000.0,3.73,2850000.0,0.4913793103,332900000.0,221800000.0,4800000.0,6100000.0,111100000.0,0.0,-1100000.0,200162299.99999997,305162300.0,21.596884128529698,0.7868852459016393,0.31541003304295584,0.4733994589720469,0.017147895065778653,21.596884128529698,0.17258791704238052,34.51074137931034,1.3072250522466038,0.9024449954914336,0.26880877742946707,0.0,0.051408282179011736,0.01742264944427756,0.7868852459016393,0.1149894863322319,19.452118561710396,0.49137931034482757,0.0,1.3118831509208004,0.00791095926011901,0.074487836354925,0.0,0.0,0.0,1.3118831509208004,0.00791095926011901,0.074487836354925,Asset Management,Financial Services,ACV
2016Q2,2016,Q2,2016-07-31,2016-07-31,95940000.0,5550000.0,1930000.0,9.34,2690000.0,0.4846846847,344800000.0,218000000.0,18900000.0,21800000.0,126800000.0,0.0,-700000.0,194821900.0,299821900.0,21.226874391431352,0.8669724770642202,0.30452436194895594,0.481651376146789,0.017230651550639714,21.226874391431352,0.4400917431192661,35.10304504504504,0.5076659891598916,0.8936784403669725,0.10923493850323118,0.0,0.053792720428247544,0.01609628770301624,0.8669724770642202,0.2782482598607889,11.22892795389049,0.4846846846846847,0.0,8.766465949553513,2.370838197399495,-0.08981613414637306,0.0,0.0,0.0,8.766465949553513,2.370838197399495,-0.08981613414637306,Asset Management,Financial Services,ACV
2015Q4,2015,Q4,2016-01-31,2016-01-31,-119870000.0,5620000.0,1100000.0,-11.95,2170000.0,0.3861209964,311400000.0,201600000.0,2200000.0,4800000.0,109800000.0,0.0,-1600000.0,167501000.0,272501000.0,20.099700897308075,0.4583333333333333,0.3371868978805395,0.5208333333333334,0.010965374043688853,20.099700897308075,-0.594593253968254,29.80444839857651,-0.3493388671060315,0.8308581349206349,-0.0765829648786185,0.0,0.05480564295138537,0.018047527296082208,0.4583333333333333,-0.3849389852280026,-1.9745490981963931,0.3861209964412811,0.0,-26.010971421449785,-0.8618831668019575,0.3715188857413646,0.0,0.0,0.0,0.0,0.0,0.0,Asset Management,Financial Services,ACV
2015Q2,2015,Q2,2015-07-31,2015-07-31,-13580000.0,1810000.0,940000.0,-1.2,980000.0,0.5414364641,388500000.0,263300000.0,17000000.0,22200000.0,125200000.0,0.0,5900000.0,236412600.0,339412600.0,23.3215234720992,0.7657657657657657,0.2651222651222651,0.39118875807064185,0.008935648935648936,23.3215234720992,-0.051576148879605016,130.6146961325967,-4.352220176730486,0.8978830231674897,-0.13917525773195877,0.0,0.00799449775519579,0.004658944658944659,0.7657657657657657,-0.03495495495495495,-0.8847776946107785,0.5414364640883977,0.0,0.0,0.0,0.0,0.0,0.0,0.0,0.0,0.0,0.0,Asset Management,Financial Services,ACV
2011Q1,2011,Q1,2011-05-04,2011-03-31,36365000.0,408221000.0,53480000.0,0.35,210079000.0,0.5146207569,2049919000.0,1521119000.0,976740000.0,253562000.0,528800000.0,174397000.0,969840000.0,2531175000.0,2219258000.0,15.023842681758472,3.8520756264739986,0.0733385075215167,0.09883381905031756,0.021812753274321854,15.023842681758472,0.023906742339028043,6.200501689036086,17.401175580915716,1.6640216840365547,0.24067097483844355,1.136154865049284,0.0034576826967712628,0.1991400635830001,1.8480884359643794,0.017739725325732383,44.14172857591294,0.5146207568939374,-0.2553191489361702,0.0,0.0,0.0,-0.02553981028364682,-0.23831765913327607,-0.24052430521038953,0.0,0.0,0.0,Asset Management,Financial Services,ACV
2010Q4,2010,Q4,2010-12-31,2010-12-31,47743000.0,405340000.0,70417000.0,0.47,215585000.0,0.5318621404,1978616000.0,1464261000.0,910206000.0,242109000.0,514355000.0,175774000.0,942089000.0,2497875000.0,2246626000.0,14.655066806785769,3.7594884948514924,0.076000092994295,0.10269685527375243,0.029521519592354682,14.655066806785769,0.03260552592741321,6.1624192036315195,13.07979703830928,1.7058946458315831,0.17684267850784408,1.0795396361236589,0.0033800730621027873,0.20486036704443913,1.6588561350466113,0.024129492534175404,269.34170800086264,0.531862140425322,0.14634146341463414,0.0,0.0,0.0,-0.04151643006717855,0.15564108149977005,0.3222608205802272,0.0,0.0,0.0,Asset Management,Financial Services,ACV
2010Q3,2010,Q3,2010-11-23,2010-09-30,41313000.0,431882000.0,53255000.0,0.41,224923000.0,0.5207973474,1878275000.0,1324612000.0,804104000.0,283424000.0,553663000.0,171306000.0,902902000.0,2449625000.0,2298069000.0,13.518518140531715,2.837106243649091,0.08008518454432924,0.1135592913245539,0.02802711407644387,13.518518140531715,0.031188755650711303,5.671977530899644,14.823572483237722,1.8493151202012361,0.2031321859947232,1.208124642452687,0.003425830484257795,0.2299354460875005,1.0654637574799593,0.021995181749211376,53.85093099430632,0.5207973474236018,-0.6238532110091745,0.0,0.0,0.0,-0.5967330592519715,-0.6185649347934665,-0.6634113563358769,0.0,0.0,0.0,Asset Management,Financial Services,ACV
2010Q2,2010,Q2,2010-08-05,2010-06-30,108309392.0,1022893658.0,158219836.0,1.09,557752142.0,0.5452689413,1799253000.0,1259077000.0,740764000.0,279736000.0,540176000.0,184015000.0,869945000.0,2447875000.0,2337803000.0,12.85887759791656,2.6480824777647496,0.08361414431433489,0.11948673512422195,0.07690841021771624,12.85887759791656,0.08602285007191776,2.3930884514292297,5.65019098251424,1.9441821270660968,0.20768322658481916,2.5277369562263945,0.009189212684471225,0.5685101861717057,0.9312887865701948,0.06019686614389416,46.0756973521384,0.5452689413389638,0.0,0.0,0.0,0.0,0.0,0.0,0.0,0.0,0.0,0.0,Asset Management,Financial Services,ACV
2022Q4,2022,Q4,2023-01-31,2023-01-31,,,,,,,332332000.0,219853000.0,4355000.0,6999000.0,112479000.0,0.0,-32459000.0,0.0,74899000.0,0.0,0.6222317473924847,0.22567793652131002,0.341137032471697,,0.0,,0.0,0.0,0.0,0.0,0.0,,,0.6222317473924847,,0.0,0.0,0.0,-1.0,-1.0,-1.0,0.0,0.0,0.0,-1.0,-1.0,-1.0,Asset Management,Financial Services,ACV
2022Q2,2022,Q2,2022-07-31,2022-07-31,,,,,,,347889000.0,234700000.0,3035000.0,7625000.0,113189000.0,0.0,-17613000.0,0.0,74841000.0,0.0,0.3980327868852459,0.21558600588118623,0.3195568811248402,,0.0,,0.0,0.0,0.0,0.0,0.0,,,0.41888524590163934,,0.0,0.0,0.0,-1.0,-1.0,-1.0,0.0,0.0,0.0,-1.0,-1.0,-1.0,Asset Management,Financial Services,ACV
2021Q4,2021,Q4,2022-01-31,2022-01-31,,,,,,,392984000.0,282348000.0,4424000.0,4850000.0,110636000.0,0.0,30051000.0,0.0,74900000.0,0.0,0.9121649484536083,0.19084746452781792,0.26562964851884907,,0.0,,0.0,0.0,0.0,0.0,0.0,,,0.9327835051546391,,0.0,0.0,0.0,-1.0,-1.0,-1.0,0.0,0.0,0.0,1.0,-1.0,-1.0,Asset Management,Financial Services,ACV
2021Q2,2021,Q2,2021-07-31,2021-07-31,,,,,,,489451000.0,375169000.0,4457000.0,8562000.0,114282000.0,0.0,122999000.0,0.0,74461000.0,0.0,0.5205559448726933,0.1532329078906775,0.19990990726845767,,0.0,,0.0,0.0,0.0,0.0,0.0,,,0.5835085260453166,,0.0,0.0,0.0,-1.0,-1.0,-1.0,0.0,0.0,0.0,-1.0,-1.0,-1.0,Asset Management,Financial Services,ACV
2020Q4,2020,Q4,2021-01-31,2021-01-31,,,,,,,478445066.0,363898904.0,4333808.0,9156704.0,114546162.0,0.0,111728562.0,0.0,74872329.0,0.0,0.4732934470744058,0.15675780842935896,0.2061011978205903,,0.0,,0.0,0.0,0.0,0.0,0.0,,,0.48723634617871237,,0.0,0.0,0.0,1.0,-1.0,-1.0,0.0,0.0,0.0,-1.0,-1.0,-1.0,Asset Management,Financial Services,ACV
2020Q2,2020,Q2,2020-07-31,2020-07-31,,,,,,,395386347.0,285529371.0,3350385.0,4595686.0,109856976.0,0.0,33203070.0,0.0,75000000.0,0.0,0.7290282669442604,0.18968788520155958,0.2626700004182757,,0.0,,0.0,0.0,0.0,0.0,0.0,,,0.7290282669442604,,0.0,0.0,0.0,1.0,-1.0,-1.0,0.0,0.0,0.0,-1.0,-1.0,-1.0,Asset Management,Financial Services,ACV
