Quarters,Year,Quarter,FillingDate,Date,NetIncome,Revenue,OperatingIncome,EPSDiluted,GrossProfit,GrossProfitRatio,TotalAssets,CommonStockEquity,CurrentAssets,CurrentLiability,TotalLiability,Inventory,RetainedEarnings,MarketCap,EnterpriseValue,bookValuePerShare,currentRatio,debtToAssets,debtToEquity,roic,shareholdersEquityPerShare,roe,priceToSalesRatio,peRatio,pbRatio,payoutRatio,inventoryTurnover,dividendYield,assetTurnover,quickRatio,returnOnAssets,priceToFreeCashFlowsRatio,grossProfitMargin,epsdilutedGrowth,fiveYNetIncomeGrowthPerShare,fiveYRevenueGrowthPerShare,fiveYShareholdersEquityGrowthPerShare,grossProfitGrowth,netIncomeGrowth,operatingIncomeGrowth,threeYNetIncomeGrowthPerShare,threeYRevenueGrowthPerShare,threeYShareholdersEquityGrowthPerShare,Industry,Sector,Symbol
2023Q1,2023,Q1,2023-05-22,2023-03-31,1753213.0,0.0,-311041.0,0.0688,-311041.0,0.0,230845062.0,219423940.0,350649.0,2455612.0,11421122.0,0.0,-11071237.0,25336851.259999998,26784253.259999998,86.08307090799885,0.14279495294859285,0.006417221954697909,0.00675124145523957,-0.0034234112631671585,86.08307090799885,0.007990071639402702,0.0,3.612916864636527,0.11546985830260818,0.0,0.0,0.0,0.0,0.013838505431639852,0.007594760679784435,-124.73096932044187,0.0,-0.8941538461538462,0.0,0.0,0.0,0.8136926813636377,0.05129239887412048,0.13725778445937326,0.0,0.0,0.0,Shell Companies,Financial Services,BWC
2022Q4,2022,Q4,2023-04-24,2022-12-31,1667674.0,0.0,-360526.0,0.65,-1669505.0,0.0,231606891.0,218702854.0,2198781.0,3992703.0,12904037.0,0.0,-10706020.0,224590539.68999997,225834809.68999997,9.533353201854982,0.5506998642273166,0.012872604900171126,0.013632122057264055,-0.004149713996066259,9.533353201854982,0.007625296010083161,0.0,33.66823187415526,1.026920936706203,0.0,0.0,0.0,0.0,0.43507218042514056,0.007200450698161653,-569.5786048794096,0.0,10.52482269503546,-0.49519534544057797,0.0,1450.4704007443981,-3.527151983860121,0.16046009964650543,0.022371303989413626,-0.49519534544057797,0.0,1450.4704007443981,Shell Companies,Financial Services,BWC
2022Q3,2022,Q3,2022-11-14,2022-09-30,1437080.0,0.0,-368776.0,0.0564,-368776.0,0.0,232198702.0,218049280.0,2790592.0,1723988.0,14149422.0,0.0,-11359594.0,24674116.72,25199076.72,85.54377262425466,1.6186841207711422,0.011440132856556623,0.012182493792228986,-0.0044953680764792964,85.54377262425466,0.006590620248780459,0.0,4.292404862638127,0.11315844161466618,0.0,0.0,0.0,0.0,1.2363334315552081,0.006189009618150234,-164.743423180413,0.0,-0.5299999999999999,0.32072037113340657,0.0,14.789321582856083,0.030164682863199087,-0.5289624443029918,0.030164682863199087,0.32072037113340657,0.0,14.789321582856083,Shell Companies,Financial Services,BWC
2022Q2,2022,Q2,2022-08-12,2022-06-30,3050882.0,0.0,-380246.0,0.12,-380246.0,0.0,232536740.0,217515128.0,3063630.0,1693250.0,15021612.0,0.0,-11893746.0,24648626.93,25023813.93,85.33421734741636,1.809319356267533,0.011423502367840885,0.012212410347844864,-0.003945883298283475,85.33421734741636,0.014026068108697248,0.0,2.019795171527447,0.11331913856584724,0.0,0.0,0.0,0.0,1.3472298833604015,0.013119999876148604,-196.0753076923077,0.0,-0.42857142857142855,0.0,0.0,107362.38635711052,0.0,-0.4412857627110574,0.32093714338779583,0.0,0.0,107362.38635711052,Shell Companies,Financial Services,BWC
2022Q1,2022,Q1,2022-05-23,2022-03-31,5460541.0,0.0,-559957.0,0.21,0.0,0.0,232864750.0,216179810.0,3196640.0,1641014.0,16684940.0,0.0,-13229064.0,24852545.25,25102022.25,84.81035347878503,1.9479663183860711,0.011407411383646517,0.012287845011983312,-0.0057023432433762076,84.81035347878503,0.025259255246824392,0.0,1.1378243131037749,0.11496237900292354,0.0,0.0,0.0,0.0,1.4667193576654434,0.02344941001160545,-156.06091874988226,0.0,8.722222222222221,0.0,0.0,0.0,0.0,14.90691299547601,0.13480201668415223,0.0,0.0,0.0,Shell Companies,Financial Services,BWC
2021Q4,2021,Q4,2022-04-11,2021-12-31,343281.0,0.0,-647201.0,0.0216,0.0,0.0,230881.088,-15678.592,867.978,1477.395,17151.57,0.0,-15679.356,23122908.5,23122842.344,-0.006577128582245612,0.587505711065761,0.0,0.0,-93.25080780941893,-0.006577128582245612,-21.89488698985215,0.0,16.839636114436857,-1474.807718703312,0.0,0.0,0.0,0.0,0.04477881676870438,1.4868303115411514,-75.40931311800465,0.0,-0.6619453791376476,0.0,0.0,0.0,0.0,-0.6626542609331423,-0.9164912156019674,0.0,0.0,0.0,Shell Companies,Financial Services,BWC
2021Q3,2021,Q3,2021-11-24,2021-09-30,1017594.0,0.0,-337701.0,0.063895,0.0,0.0,1836538.0,-14788231.0,1836538.0,1318753.0,16729769.0,0.0,-14788995.0,23099070.45,22726282.45,-6.203624457537424,1.3926322821635286,0.0,0.0,0.022835794220417573,-6.203624457537424,-0.06881107010027095,0.0,5.6749230169399585,-1.5619901021291862,0.0,0.0,0.0,0.0,0.28268220053338267,0.5540827361045619,-14.195489247866902,0.0,0.0,0.0,0.0,0.0,0.0,0.0,0.0,0.0,0.0,0.0,Shell Companies,Financial Services,BWC
2021Q2,2021,Q2,2021-09-27,2021-06-30,0.0,0.0,0.0,0.0,0.0,0.0,658965.0,20000.0,0.0,638965.0,638965.0,0.0,-5000.0,243829789.76999998,243829789.76999998,0.0007948167456601913,0.0,0.0,0.0,,0.0007948167456601913,0.0,0.0,0.0,12191.4894885,0.0,0.0,0.0,0.0,0.0,0.0,0.0,0.0,0.0,0.0,0.0,0.0,0.0,0.0,0.0,0.0,0.0,0.0,Shell Companies,Financial Services,BWC
2021Q1,2021,Q1,2021-02-28,2021-02-28,,,,,,,167000.0,20000.0,0.0,147000.0,147000.0,0.0,-5000.0,0.0,0.0,0.0,0.0,0.0,0.0,,0.0,,0.0,0.0,0.0,0.0,0.0,,,0.0,,0.0,0.0,0.0,0.0,0.0,0.0,0.0,0.0,0.0,0.0,0.0,0.0,Shell Companies,Financial Services,BWC
