Quarters,Year,Quarter,FillingDate,Date,NetIncome,Revenue,OperatingIncome,EPSDiluted,GrossProfit,GrossProfitRatio,TotalAssets,CommonStockEquity,CurrentAssets,CurrentLiability,TotalLiability,Inventory,RetainedEarnings,MarketCap,EnterpriseValue,bookValuePerShare,currentRatio,debtToAssets,debtToEquity,roic,shareholdersEquityPerShare,roe,priceToSalesRatio,peRatio,pbRatio,payoutRatio,inventoryTurnover,dividendYield,assetTurnover,quickRatio,returnOnAssets,priceToFreeCashFlowsRatio,grossProfitMargin,epsdilutedGrowth,fiveYNetIncomeGrowthPerShare,fiveYRevenueGrowthPerShare,fiveYShareholdersEquityGrowthPerShare,grossProfitGrowth,netIncomeGrowth,operatingIncomeGrowth,threeYNetIncomeGrowthPerShare,threeYRevenueGrowthPerShare,threeYShareholdersEquityGrowthPerShare,Industry,Sector,Symbol
2023Q1,2023,Q1,2023-02-22,2023-03-31,38391000.0,72642000.0,17192000.0,0.39,35413000.0,0.4875003442,1165631000.0,491971000.0,143057000.0,0.0,673660000.0,0.0,0.0,379559742.9,894638742.9,5.055032668481661,0.0,0.5411309410954238,1.2821060590969793,0.025882486660005175,5.055032668481661,0.07803508743401542,5.22507286280664,2.4716713741501914,0.7715083671598528,0.0,0.0,0.0,0.06231989368848289,0.0,0.032935809016747156,10.924154350266225,0.48750034415352,0.4444444444444444,26.03345729821127,0.5914806925475191,-0.16207619457113698,-0.13845367847411444,0.4948602133790203,-0.4858236631175978,1.3330622466788298,0.474954123595245,-0.04494678098179855,Marine Shipping,Industrials,DSX
2022Q4,2022,Q4,2022-12-31,2022-12-31,25682000.0,75705000.0,33436000.0,0.27,41104000.0,0.542949607,1182919000.0,487328000.0,161564000.0,131567000.0,695591000.0,4545000.0,-574993000.0,339600093.3,950609093.3,5.596521430637663,1.2279979022095207,0.638198388900677,1.549135284654278,0.026223656363742534,5.596521430637663,0.05269961914767877,4.48583440063404,3.3058182121719493,0.6968614430116882,0.0,7.612981298129813,0.0,0.06399846481458156,1.1421557077382627,0.021710700394532507,7.847126494442776,0.5429496070272769,-0.27027027027027023,1.0690941044421003,0.8191114729249339,-0.08276286252895568,-0.022566760992081422,-0.19063376508776905,-0.1152390780873753,2.620439531702346,0.519405884222578,-0.11626577128673737,Marine Shipping,Industrials,DSX
2022Q3,2022,Q3,2022-09-30,2022-09-30,31731000.0,73811000.0,37791000.0,0.37,42053000.0,0.5697389278,935714000.0,428342000.0,144760000.0,0.0,507372000.0,0.0,0.0,282991181.49,625102181.49,5.46417952622542,0.0,0.5041989325798267,1.1014236287826082,0.04245373774882883,5.46417952622542,0.07407865677425982,3.8339973918521633,2.229611275172544,0.6606664335741066,,0.0,,0.078882008818934,0.0,0.033911002720916864,0.0,0.5697389278020891,-0.1777777777777778,2.7349410798133267,1.1927280401500302,-0.4733388298772345,-0.09592604536171127,-0.10880494312596545,-0.06471811117160818,13.984086773072766,0.6420372206126078,-0.15529790861392706,Marine Shipping,Industrials,DSX
2022Q2,2022,Q2,2022-06-30,2022-06-30,35605000.0,74523000.0,40406000.0,0.45,46515000.0,0.6241697194,908917000.0,422105000.0,148139000.0,81829000.0,486812000.0,6434000.0,-570360000.0,365653200.15,704529200.15,5.52950979007041,1.8103484094880788,0.49698487320624435,1.0701555300221508,0.04619762842108181,5.52950979007041,0.08435105009417088,4.906581862646431,2.567428732972897,0.866261238672842,0.0,4.353124028598073,0.0,0.08199098487540667,1.450659301714551,0.03917299379371274,9.855881405660377,0.6241697194154825,0.3636363636363636,2.77506419974584,1.5003846710699884,-0.5073564984667469,0.22411116082002158,0.3565359850649598,0.30077584264237195,84.82624687721174,0.7074813416350515,-0.12100041121040658,Marine Shipping,Industrials,DSX
2022Q1,2022,Q1,2022-03-31,2022-03-31,26247000.0,65933000.0,31063000.0,0.33,37999000.0,0.576327484,898006000.0,402604000.0,134718000.0,0.0,495402000.0,0.0,0.0,412218639.0,759947639.0,5.274049725830083,0.0,0.5160444362287112,1.1510342669223357,0.03614847387584963,5.274049725830083,0.06519309296479915,6.252083766854231,3.9263405246313865,1.0238811313350091,,0.0,,0.07342155843056727,0.0,0.029228089790045948,0.0,0.5763274839609906,-0.5147058823529412,1.993690131289112,1.2430266173557056,-0.5842183528453907,-0.04383382401046778,-0.5370001234807458,-0.00022529771483746378,10.629061875505199,0.44170451827378215,-0.14518146162250087,Marine Shipping,Industrials,DSX
2021Q4,2021,Q4,2021-12-31,2021-12-31,56689000.0,68845000.0,31070000.0,0.68,39741000.0,0.5772532501,842159000.0,393404000.0,142354000.0,65131000.0,448755000.0,6089000.0,-590286000.0,305346343.56,643381343.56,5.011822123552924,2.1856565997758364,0.5519420916952736,1.1815411129525881,0.04988541489136307,5.011822123552924,0.14409868735447529,4.435272620524366,1.3465855084760714,0.7761648167278422,,4.779766792576778,,0.08174822094165116,2.0047596382674917,0.06731389203226469,0.0,0.5772532500544701,3.25,3.155004741355957,1.524638409779225,-0.6174289537932288,0.44449694678685664,2.8477567365777507,0.4601250058743362,48.23284498810734,0.4492470241728386,-0.1704571646656964,Marine Shipping,Industrials,DSX
2021Q3,2021,Q3,2021-09-30,2021-09-30,14733000.0,57284000.0,21279000.0,0.16,27512000.0,0.4802737239,878812000.0,415901000.0,160986000.0,0.0,462911000.0,0.0,0.0,450089754.4,738568754.4,5.285509605014906,0.0,0.49467690473047704,1.045267984448222,0.023546896448424254,5.285509605014906,0.03542429568575214,7.8571635081349065,7.637442381049345,1.0822040687567474,,0.0,,0.06518345220593255,0.0,0.016764677769534327,0.0,0.48027372390196216,7.000000000000001,1.1179881522730948,1.1616714635097285,-0.6056038261103514,0.7795601552393273,4.233747779751332,1.7478047520661157,-0.04089948635885112,0.23050930914786372,-0.140831925719325,Marine Shipping,Industrials,DSX
2021Q2,2021,Q2,2021-06-30,2021-06-30,2815000.0,47023000.0,7744000.0,0.02,15460000.0,0.3287752802,899634000.0,415733000.0,160092000.0,62303000.0,483901000.0,3640000.0,-593946000.0,427326039.13,752346039.13,5.068656556501287,2.569571288701989,0.5130030656911588,1.1101235648841925,0.008128296843310798,5.068656556501287,0.006771172844109079,9.087596264168598,37.950802764653645,1.02788578036865,,8.671153846153846,,0.05226903385154407,2.265428631045054,0.003129050258216119,0.0,0.32877528018203855,2.2121212121212124,1.0843582877279443,0.6299887664406489,-0.6471840773222304,0.44892221180880976,3.0428156748911466,1.2616822429906542,0.18419363389255802,0.11518445282583574,-0.1561231710169736,Marine Shipping,Industrials,DSX
2021Q1,2021,Q1,2021-03-31,2021-03-31,-1378000.0,41051000.0,3424000.0,-0.0165,10670000.0,0.2599205866,842704000.0,412097000.0,113418000.0,0.0,430607000.0,0.0,0.0,249880940.79000002,575290940.79,4.931028457410507,0.0,0.48824379616092956,0.9984178482250539,0.00442412564490127,4.931028457410507,-0.0033438729231224686,6.087085352122969,-45.33398780660377,0.6063643772946661,,0.0,,0.04871342725322296,0.0,-0.0016352123640091894,0.0,0.2599205865874157,0.835,0.9600530059965897,0.27683411708009903,-0.6676834761103941,0.541462005200809,0.8447498873366381,2.6112941176470588,-0.04639153701563103,0.04734777668507047,-0.18263117160972345,Marine Shipping,Industrials,DSX
2020Q4,2020,Q4,2020-12-31,2020-12-31,-8876000.0,42657000.0,-2125000.0,-0.1,6922000.0,0.1622711396,872410000.0,428570000.0,104661000.0,61589000.0,443840000.0,4717000.0,-592582000.0,167523849.46,504928849.46000004,4.937446833189551,1.6993456623747747,0.48178494056693527,0.9807359357864526,-0.002990467357528707,4.937446833189551,-0.02071073570245234,3.9272299847621728,-4.718450018589454,0.39089028504095014,0.0,7.575789696841213,0.0,0.04889558808358455,1.4505837081296984,-0.010174115381529326,28.26452665091952,0.16227113955505545,0.33333333333333326,0.6852919353306643,0.022824355482009843,-0.6770885836938783,-0.20253456221198157,0.3192207393772051,0.7467222884386174,0.9760440552385471,0.028274147368880828,-0.1907813351883748,Marine Shipping,Industrials,DSX
2020Q3,2020,Q3,2020-09-30,2020-09-30,-13038000.0,42341000.0,-8390000.0,-0.15,8680000.0,0.2050022437,888328000.0,436473000.0,125841000.0,0.0,451855000.0,0.0,0.0,120901276.25999999,461405276.26,5.09032616559411,0.0,0.48505732116965805,0.987208830786784,-0.009589882095807448,5.09032616559411,-0.029871263514581657,2.85541853664297,-2.3182481258628624,0.2769960026393385,0.0,0.0,0.0,0.047663700795201776,0.0,-0.014677011194063455,-281.165758744186,0.20500224368815095,-0.25,0.3621960522940916,0.011219644983182125,-0.6731677068267213,0.8849077090119435,-0.22457030149337842,-0.5872115020809686,0.34827275661734286,0.14994936998909233,-0.5093724278619672,Marine Shipping,Industrials,DSX
2020Q2,2020,Q2,2020-06-30,2020-06-30,-10647000.0,40975000.0,-5286000.0,-0.12,4605000.0,0.112385601,925163000.0,447054000.0,130225000.0,23834000.0,478109000.0,0.0,0.0,128328406.5,480913406.5,5.225507105474733,5.463833179491483,0.4910215821428224,1.01615241111812,-0.005784804076149498,5.225507105474733,-0.023815914855923444,3.131870811470409,-3.013252712031558,0.287053480116496,0.0,0.0,0.0,0.04428949277046315,4.266593941428212,-0.01150824233135134,28.857298515853383,0.11238560097620501,0.8983050847457628,0.22806602323958886,-0.011996277301975469,-0.6689544430718313,-0.3570231778832728,0.8960426491695714,0.9454348387096774,0.5263771445573497,0.22669835598496485,-0.5344411683019759,Marine Shipping,Industrials,DSX
2020Q1,2020,Q1,2020-03-31,2020-03-31,-102417000.0,43760000.0,-96875000.0,-1.18,7162000.0,0.1636654479,944228000.0,457699000.0,114244000.0,21088000.0,486529000.0,0.0,0.0,127980936.88,502721936.88,5.292932967314905,5.417488619119879,0.4929328509639621,1.0169150467883914,-0.10452638372704368,5.292932967314905,-0.22376496343666907,2.924610074954296,-0.3124015956335374,0.2796181264979823,0.0,0.0,0.0,0.04634473877072063,4.3010242792109254,-0.10846638735559631,17.55568407133059,0.1636654478976234,-5.555555555555555,-7.820175492072624,-0.04514984409204369,-0.6694868941471983,-0.3820001725774441,-5.25103759765625,-14.318627450980392,-2.422895585770969,0.3141931501917021,-0.5827296855676203,Marine Shipping,Industrials,DSX
2019Q4,2019,Q4,2019-12-31,2019-12-31,-16384000.0,51508000.0,-6324000.0,-0.18,11589000.0,0.2249941757,1071280000.0,570064000.0,137039000.0,65484000.0,501216000.0,5526000.0,-452616000.0,279954536.96,647617536.96,6.332810531494664,2.092709669537597,0.4433490777387798,0.8331538213253249,-0.00709171118847815,6.332810531494664,-0.028740632630722164,5.4351661287566975,-4.2717672265625,0.4910931701703668,0.0,7.2238508867173366,0.0,0.04808080053767456,1.7587960417811985,-0.015293854081099246,51.776315324579244,0.22499417566203309,-7.716417910447761,-1.527398905687275,-0.012780758854075286,-0.6068854914892061,-0.28130232558139534,-7.4964314036478985,-1.7689688715953307,0.45689303213588633,0.6470905270924345,-0.5165929893885254,Marine Shipping,Industrials,DSX
2019Q3,2019,Q3,2019-09-30,2019-09-30,2522000.0,53534000.0,8224000.0,0.0268,16125000.0,0.3012104457,1112105000.0,603919000.0,144201000.0,22659000.0,508186000.0,0.0,0.0,315554227.82,673809227.8199999,6.468765239185379,6.363961339864955,0.4365837758125357,0.8039604648967825,0.01075596075260187,6.468765239185379,0.004176056722838659,5.894463851384167,31.280157396907217,0.5225108463552232,0.0,0.0,0.0,0.04813754096960269,5.616840990334966,0.00226777147841256,27.384728614076195,0.30121044569806105,5.785714285714286,-0.8956941203444033,0.0382594140447971,-0.5945948161101903,-0.06510899814471242,5.679035250463822,0.43275261324041814,1.0170230779816656,0.7026753283221423,-0.5173112053936231,Marine Shipping,Industrials,DSX
2019Q2,2019,Q2,2019-06-30,2019-06-30,-539000.0,55385000.0,5740000.0,-0.0056,17248000.0,0.3114200596,1130244000.0,609382000.0,144778000.0,25841000.0,520862000.0,0.0,0.0,332265907.61,705867907.61,6.2906852979131616,5.602646956387137,0.4379771093675348,0.8123328224332192,0.0021565718341830117,6.2906852979131616,-0.0008845026600720074,5.999203892931299,-154.11220204545455,0.5452506106350369,0.0,0.0,0.0,0.04900269322376407,4.698695870902829,-0.00047688817635837925,22.404983655428186,0.3114200595829196,-1.28,0.9053665669103744,0.08801392026251392,-0.6045011161896287,-0.24084507042253522,-1.1811155913978495,-0.42502253831513576,0.9863237165368216,0.6255353186181334,-0.5621218536079465,Marine Shipping,Industrials,DSX
2019Q1,2019,Q1,2019-03-31,2019-03-31,2976000.0,60301000.0,9983000.0,0.02,22720000.0,0.3767765045,1155575000.0,621015000.0,140099000.0,28314000.0,534560000.0,0.0,0.0,291897113.3,686269113.3,6.169788661627028,4.948046902592357,0.4380901282911105,0.8151912594703832,0.010930111459241394,6.169788661627028,0.004792154778870076,4.8406678711795825,24.520926856518816,0.4700323072711609,0.0,0.0,0.0,0.05218267961837181,3.9511902239174965,0.002575341280314995,16.107334361549498,0.3767765045355798,0.3793103448275862,1.4712529958757532,0.19008138315312473,-0.6154378003119548,0.03673283139402236,0.952755905511811,-0.10249033534118493,1.0716304955290592,0.5572752944470452,-0.5841997792399459,Marine Shipping,Industrials,DSX
2018Q4,2018,Q4,2018-12-31,2018-12-31,1524000.0,62874000.0,11123000.0,0.0145,21915000.0,0.3485542514,1187796000.0,627684000.0,141972000.0,125156000.0,560112000.0,5835000.0,-436312000.0,330378172.26,734100172.26,6.0416676632897115,1.1343603183227333,0.4466650839032965,0.8452453782476532,0.005032888597220518,6.0416676632897115,0.0024279733114114747,5.254607186754461,54.1958943996063,0.5263447407612748,0.0,7.019537275064267,0.0,0.05293333198630068,1.0368899613282623,0.0012830486043057898,11.816523203977251,0.34855425135986257,-0.9236842105263158,1.1257522064234389,0.24954746081868207,-0.6072312667682317,-0.0753554702333235,-0.9249076127124908,-0.3223467771414646,1.0451451036382386,0.2595544638461537,-0.6048720061369255,Marine Shipping,Industrials,DSX
2018Q3,2018,Q3,2018-09-30,2018-09-30,20295000.0,61505000.0,16414000.0,0.19,23701000.0,0.3853507845,1266860000.0,639549000.0,193936000.0,0.0,627311000.0,0.0,0.0,433512019.89,862094019.89,6.151892468118204,0.0,0.47764235985033865,0.946144861457058,0.01812434088158256,6.151892468118204,0.03173329955953336,7.04840289228518,5.3401332827051,0.6778401965916607,0.0,0.0,0.0,0.0485491688110762,0.0,0.016019923274868574,17.92853680272953,0.38535078448906596,5.551724137931035,6.560929711593999,0.14813249763598704,-0.6029197350068157,0.572622918187247,5.735811483571191,0.9907822922983627,1.8188643537067686,0.21155042470006427,-0.6050081945042072,Marine Shipping,Industrials,DSX
2018Q2,2018,Q2,2018-06-30,2018-06-30,3013000.0,53445000.0,8245000.0,0.029,15071000.0,0.2819908317,1218993000.0,624423000.0,133404000.0,22700000.0,594570000.0,0.0,0.0,500046238.77,989617238.77,6.006393803476783,5.8768281938325995,0.4691708648039816,0.9159111691913975,0.010616141059291812,6.006393803476783,0.004825254675116067,9.356277271400504,41.49072674825755,0.800813292863972,0.0,0.0,0.0,0.043843565959771715,5.123259911894273,0.002471712306797496,27.801970353052372,0.2819908316961362,2.8354430379746836,1.411707615073292,0.04583072627384436,-0.6126527152207435,0.45178691840863117,2.8541538461538463,2.3407617504051865,1.1797705256645288,0.06050605869809286,-0.6194838239299973,Marine Shipping,Industrials,DSX
2018Q1,2018,Q1,2018-03-31,2018-03-31,-1625000.0,48365000.0,2468000.0,-0.0158,10381000.0,0.214638685,1228941000.0,622128000.0,132109000.0,19600000.0,606813000.0,0.0,0.0,358871982.84,881797982.8399999,6.032807083090822,6.740255102040816,0.4778170799086368,0.943871679139984,0.0010865923696104138,6.032807083090822,-0.002612002674690739,7.420076146800372,-55.21107428307692,0.576845894799784,0.0,0.0,0.0,0.03935502192538128,3.279744897959184,-0.0013222766593351512,36.600916148903615,0.2146386849994831,0.9962997658079626,0.7957939241982893,-0.11687776099357271,-0.6134771372770539,433.5416666666667,0.9962821366389143,1.0057171846803543,0.8826503494704597,-0.11506298413359399,-0.6232860271694235,Marine Shipping,Industrials,DSX
2017Q4,2017,Q4,2017-12-31,2017-12-31,-437079000.0,48937000.0,-431681000.0,-4.27,-24000.0,-0.0004904265,1246722000.0,624758000.0,138761000.0,80441000.0,621964000.0,5770000.0,-447123000.0,430055568.6,991212568.6,6.101498949408093,1.725003418654666,0.48237217278591377,0.9625871137304364,-0.3521828902120717,6.101498949408093,-0.6995972840683913,8.787943041052783,-0.24598274488136015,0.6883554409867501,0.0,8.485441941074523,0.0,0.03925253585001307,1.5890404147138897,-0.35058256772560364,35.13238857936443,-0.000490426466681652,-17.565217391304344,-69.75055357455797,-0.22819663353043207,-0.6107698441103863,0.9933665008291874,-17.316179860034364,-22.558229644182493,-58.274190355689015,-0.17542891332379407,-0.6212443513433876,Marine Shipping,Industrials,DSX
2017Q3,2017,Q3,2017-09-30,2017-09-30,-23863000.0,43920000.0,-18324000.0,-0.23,-3618000.0,-0.0823770492,1702258000.0,1061171000.0,65133000.0,19000000.0,641087000.0,0.0,0.0,371277249.42,956132249.4200001,10.375132696704624,3.4280526315789475,0.36542991720409007,0.5861977004648639,-0.01060622053043941,10.375132696704624,-0.022487421914093017,8.453489285519126,-3.8896749090642415,0.349875043155156,0.0,0.0,0.0,0.025801024286565256,1.9579473684210527,-0.014018439038030663,44.997848675312085,-0.08237704918032787,0.11538461538461538,-2.537003383443363,-0.3885245130089269,-0.33377983759304053,0.5628851032982964,0.06077065375683867,-0.1788471435923829,-1.9008538502467827,-0.22249336383898122,-0.3497781379807193,Marine Shipping,Industrials,DSX
2017Q2,2017,Q2,2017-06-30,2017-06-30,-25407000.0,37752000.0,-15544000.0,-0.26,-8277000.0,-0.2192466624,1739209000.0,1085286000.0,60568000.0,20300000.0,653923000.0,0.0,0.0,392569325.11999995,983898325.1199999,11.224160620937718,2.9836453201970445,0.36430469253551473,0.5838110875842866,-0.009645951436365444,11.224160620937718,-0.023410419004760034,10.398636499258316,-3.862806757192899,0.3617196988812165,0.0,0.0,0.0,0.02170641941250304,2.082413793103448,-0.014608365067108093,111.74760179903215,-0.21924666242848062,0.25714285714285706,-2.2307666668564163,-0.4539823810216862,-0.2669827164762371,0.3194375925012333,0.09631869109016539,0.15691272983674134,-3.469002037303718,-0.25700893555212145,-0.29433077843493305,Marine Shipping,Industrials,DSX
2017Q1,2017,Q1,2017-03-31,2017-03-31,-28115000.0,31288000.0,-18437000.0,-0.35,-12162000.0,-0.388711327,1691308000.0,1030676000.0,101077000.0,15200000.0,660632000.0,0.0,0.0,375392191.02,936554191.02,12.684662158425951,6.649802631578948,0.3815768624047187,0.6261560373968152,-0.01168395896521409,12.684662158425951,-0.027278213521999155,11.997960592559448,-3.338006322425752,0.3642193968036512,0.0,0.0,0.0,0.018499291672480708,5.5396052631578945,-0.016623228885572588,-634.108430777027,-0.388711327026336,-0.029411764705882214,-2.408016921350924,-0.4623021671471609,-0.16239322630680197,0.18200161420500405,-0.040179066928114245,-0.13325957342184522,-4.515029359249892,-0.235075636673426,-0.20936650354282826,Marine Shipping,Industrials,DSX
2016Q4,2016,Q4,2016-12-31,2016-12-31,-27029000.0,28019000.0,-16269000.0,-0.34,-14868000.0,-0.5306399229,1668663000.0,1056589000.0,115316000.0,78225000.0,612074000.0,5860000.0,70360000.0,243573186.46,743612186.46,13.100369652240087,1.4741578779162672,0.3584792135979524,0.5661435051850814,-0.01142663039300845,13.100369652240087,-0.025581375539590133,8.69314345479853,-2.2528875139664803,0.2305278461729206,0.0,7.318600682593857,0.0,0.016791287395957123,1.3313774368807927,-0.016197998037950145,-101.8282552090301,-0.5306399229094543,0.7861635220125786,-2.3448406198912872,-0.5112421022868776,-0.11976949411627513,0.1173118024222275,0.7885054773082942,0.2965060970336418,-1.8729119555728215,-0.28270799804849606,-0.14834514575458435,Marine Shipping,Industrials,DSX
2016Q3,2016,Q3,2016-09-30,2016-09-30,-127800000.0,27122000.0,-23126000.0,-1.59,-16844000.0,-0.6210456456,1701764000.0,1079283000.0,121858000.0,13500000.0,622481000.0,0.0,0.0,210999999.62,711592999.62,13.40152353124445,9.026518518518518,0.3578492669958937,0.5642403336288999,-0.02235446308202054,13.40152353124445,-0.11841194570840086,7.7796622527837185,-0.41275430285602505,0.19550016040278592,0.0,0.0,0.0,0.015937580063980668,8.028296296296297,-0.07509854480409739,-42.360971616141335,-0.6210456456013568,-2.8780487804878057,-5.866349526156815,-0.5772609532275293,-0.08512213526263693,0.036274173246366864,-2.900503586143751,0.045050997233348475,-44.203611040261556,-0.3464373516859762,-0.13498479651957843,Marine Shipping,Industrials,DSX
2016Q2,2016,Q2,2016-06-30,2016-06-30,-32765000.0,28326000.0,-24217000.0,-0.41,-17478000.0,-0.6170302902,1790701000.0,1156980000.0,145224000.0,15000000.0,633721000.0,0.0,0.0,195698472.93,688749472.9300001,14.366291969000905,9.6816,0.34550100770592074,0.5347447665473907,-0.014283881022944842,14.366291969000905,-0.028319417794603192,6.908793085151451,-1.4931975654661989,0.16914594282528653,0.0,0.0,0.0,0.01581838620741263,8.375866666666667,-0.018297303681630826,-46.683796023377866,-0.6170302901927558,0.0,-2.1920376932275434,-0.5604949754933295,0.004874972843838645,0.024120603015075376,0.008263212058841334,0.019911773038164233,-4.779414802339309,-0.28447717540106704,-0.0735299135202551,Marine Shipping,Industrials,DSX
2016Q1,2016,Q1,2016-03-31,2016-03-31,-33038000.0,30792000.0,-24709000.0,-0.41,-17910000.0,-0.581644583,1819738000.0,1187671000.0,170780000.0,16000000.0,632067000.0,0.0,0.0,213708522.15,681233522.15,14.83834869146794,10.67375,0.3385410427215346,0.5187093058599561,-0.014419896444349685,14.83834869146794,-0.027817467968823017,6.9403910804754485,-1.6171417924057145,0.17993916004516403,0.0,0.0,0.0,0.01692111721577502,9.2831875,-0.018155360826668455,-22.655414200148417,-0.5816445830085737,-0.2812499999999999,-2.0085618893418515,-0.5522045278403735,0.06359458615634804,-1.1045828437132785,-0.27604186783052026,-0.5574535140245824,-4.3490760658446534,-0.27560197429585176,-0.04930475393735973,Marine Shipping,Industrials,DSX
2015Q4,2015,Q4,2015-12-31,2015-12-31,-25891000.0,38285000.0,-15865000.0,-0.32,-8510000.0,-0.2222802664,1836965000.0,1218366000.0,215013000.0,58889000.0,618599000.0,6251000.0,240366000.0,346615512.45,753468512.45,15.290406544526828,3.6511572619674304,0.3266643621408138,0.49252113076037907,-0.010040747213097348,15.290406544526828,-0.021250593007355753,9.053559160245527,-3.346872585550963,0.28449210865207986,0.0,7.486002239641658,0.0,0.020841442270266446,3.444327463533088,-0.014094443824460455,232.16042361018083,-0.222280266422881,-0.3333333333333334,-1.8139631859420613,-0.46692376217340503,0.0941010007275476,-0.6858161648177497,-0.36498312948123157,-0.43795885072056556,-6.233372285778304,-0.22408432656169217,-0.024586028402233617,Marine Shipping,Industrials,DSX
2015Q3,2015,Q3,2015-09-30,2015-09-30,-18968000.0,38852000.0,-11033000.0,-0.24,-5048000.0,-0.1299289612,1827478000.0,1239168000.0,262349000.0,54179000.0,588310000.0,0.0,0.0,515566328.40000004,860044328.4000001,15.574734418594742,4.842263607670869,0.3212066027607446,0.4737033235202975,-0.00658757400970485,15.574734418594742,-0.015307044726784423,13.270007423041285,-6.795212046604808,0.4160584589014565,0.0,0.0,0.0,0.021259900255981193,4.476273094741505,-0.010379331515892393,62.981471829953584,-0.12992896118603933,-0.4999999999999999,-1.5689512732646873,-0.4499008389484017,0.1060907482447452,0.11578209844105798,-0.4787557495907071,0.07580834310604792,-2.5705562528491086,-0.3046358874477241,0.00010307310066180053,Marine Shipping,Industrials,DSX
2015Q2,2015,Q2,2015-06-30,2015-06-30,-12827000.0,38569000.0,-11938000.0,-0.16,-5709000.0,-0.1480204309,1882582000.0,1255886000.0,291371000.0,82409000.0,626696000.0,0.0,0.0,560917070.25,911595070.25,15.784857993453087,3.5356696477326506,0.33221872938336816,0.4979982259536295,-0.005789907322020405,15.784857993453087,-0.010213506639933879,14.54321009748762,-10.93235110021829,0.4466305622086718,0.0,0.0,0.0,0.020487288203116783,3.3339926464342486,-0.006813514630438409,96.16270705468884,-0.14802043091602063,-0.23076923076923075,-1.384176941912702,-0.4306498070304856,0.15729596713538876,-0.8100824350031706,-0.2052052992577281,-0.43124325620429205,-1.755141295356005,-0.3220684293471623,0.030863163663696527,Marine Shipping,Industrials,DSX
2015Q1,2015,Q1,2015-03-31,2015-03-31,-10643000.0,42006000.0,-8341000.0,-0.13,-3154000.0,-0.0750845117,1827496000.0,1269289000.0,248589000.0,73741000.0,558207000.0,0.0,0.0,485069792.40000004,811059792.4000001,16.014290730341507,3.371109694742409,0.3047962895678021,0.4388393817326078,-0.0045162295761026735,16.014290730341507,-0.00838500924533341,11.547631109841452,-11.39410392746406,0.3821586670963036,0.0,0.0,0.0,0.022985549626374013,3.1329111349181593,-0.005823815756641875,57.52043073639275,-0.07508451173641861,-0.8055555555555558,-1.3758624435848636,-0.31280419378529284,0.2543389204174719,-2.539287457296242,-0.8567690160502442,-0.6089891975308642,-1.5464171216450922,-0.2599479568224095,0.05747226249270095,Marine Shipping,Industrials,DSX
2014Q4,2014,Q4,2014-12-31,2014-12-31,-5732000.0,46134000.0,-5184000.0,-0.072,2049000.0,0.0444140981,1787122000.0,1282226000.0,238234000.0,98092000.0,504896000.0,7313000.0,310848000.0,534084134.21,799439134.21,16.10932792962736,2.4286791991191943,0.27096974912736793,0.37766821137615364,-0.0026978978393953144,16.10932792962736,-0.004470350780595621,11.576800932284215,-23.293969566032796,0.4165288601307414,0.0,6.028305756871325,0.0,0.025814689763765428,2.29724136524895,-0.003207391549094018,42.7267307368,0.04441409806216673,-1.276923076923077,-1.2104668498244189,-0.20303246975547534,0.29978435408887594,-0.20704334365325078,-1.2707477209390203,-0.4858125537403267,-1.2889897236586152,-0.18454941940713,0.08240624114893005,Marine Shipping,Industrials,DSX
2014Q3,2014,Q3,2014-09-30,2014-09-30,21171000.0,45147000.0,-3489000.0,0.26,2584000.0,0.0572352537,1772089000.0,1304351000.0,218375000.0,93025000.0,467738000.0,0.0,0.0,730802293.62,996626293.62,15.956296308592858,2.347487234614351,0.26353078203182795,0.35803246212100887,-0.005386225700062268,15.956296308592858,0.01623106050441944,16.187172871287128,8.62975643120306,0.5602803950930386,0.0,0.0,0.0,0.025476711384134768,2.16260145122279,0.011946916887357238,62.945933989664084,0.05723525372671495,5.421768707482994,-0.2733174072864041,-0.2371943718588084,0.3216992623844582,0.5804281345565749,5.385045567522784,0.2357064622124863,-0.20579503530064455,-0.3067365096611108,0.08928378642085202,Marine Shipping,Industrials,DSX
2014Q2,2014,Q2,2014-06-30,2014-06-30,-4828000.0,43150000.0,-4565000.0,-0.0588,1635000.0,0.0378910776,1777964000.0,1306073000.0,323395000.0,92646000.0,471891000.0,0.0,0.0,894216407.0400001,1056232407.0400001,15.905696717286661,3.4906525915851736,0.26497836851589796,0.3607164377488854,-0.0021575268101864833,15.905696717286661,-0.0036965774501119004,20.72343932885284,-46.30366647887325,0.6846603574532205,0.0,0.0,0.0,0.024269332787390522,3.3364203527405394,-0.0027154655549831157,80.10538448804085,0.03789107763615295,0.06220095693779916,-1.1501078079223608,-0.3169575357133412,0.31334322226255895,0.34346754313886607,0.05850234009360374,0.08074909383809907,-1.1722715203191796,-0.3433623166573598,0.11255128263673397,Marine Shipping,Industrials,DSX
2014Q1,2014,Q1,2014-03-31,2014-03-31,-5128000.0,41145000.0,-4966000.0,-0.0627,1217000.0,0.0295783206,1772233000.0,1311308000.0,320334000.0,90978000.0,460925000.0,0.0,0.0,979986739.27,1132756739.27,16.043669051799494,3.5210050781507616,0.2596588597548968,0.3509289960863504,-0.0023851533472510947,16.043669051799494,-0.003910599187986347,23.817881620366993,-47.7762645899961,0.7473352860426384,0.0,0.0,0.0,0.023216473228971586,3.378904790169052,-0.002893524722765009,101.69002171526408,0.029578320573581236,0.4774999999999999,-1.1340904042531252,-0.4026185657720156,0.4713392098280529,0.4470868014268728,0.46049447659126774,0.3968909400048579,-1.1533014931205408,-0.41403937946510094,0.1499904672943748,Marine Shipping,Industrials,DSX
2013Q4,2013,Q4,2013-12-31,2013-12-31,-9505000.0,39464000.0,-8234000.0,-0.12,841000.0,0.0213105615,1701981000.0,1253392000.0,251868000.0,62752000.0,448589000.0,5959000.0,326196000.0,1082909030.1299999,1273833030.1299999,15.382252078921447,4.013704742478327,0.2535615850000676,0.34431127691895275,-0.004840452741696897,15.382252078921447,-0.0075834216270727756,27.440427481502127,-28.48261520594424,0.8639827205933978,0.0,6.481456620238295,0.0,0.023187097858319218,3.8472080571137175,-0.005584668689015917,-19.09151705035083,0.021310561524427327,-2.418803418803419,-1.1602364054921288,-0.5727713353917846,0.47572789105693725,-0.7771004505698383,-2.326916345817291,-4.702216066481994,-1.292213182036192,-0.4626546201895473,0.10067298367652144,Marine Shipping,Industrials,DSX
2013Q3,2013,Q3,2013-09-30,2013-09-30,-2857000.0,41936000.0,-1444000.0,-0.0351,3773000.0,0.0899704311,1726987000.0,1260852000.0,330730000.0,61475000.0,466135000.0,5508000.0,335792000.0,982292773.7900001,1116871773.79,15.492818481482072,5.379910532736885,0.26075413422336124,0.3571545272561728,-0.0007583915653959249,15.492818481482072,-0.0022659281184468916,23.4236163150992,-85.95491545239763,0.7790706393692519,0.0,6.928649237472767,0.0,0.02428275372078655,5.1895892639284265,-0.001654326291975562,57.25317793262226,0.08997043113315528,0.5014204545454546,-1.0453365971973798,-0.5615408676821553,0.45530486393942377,0.5565181518151815,0.5013091289928434,0.47260774287801316,-1.0837798607130726,-0.419515714805142,0.10027321982089304,Marine Shipping,Industrials,DSX
2013Q2,2013,Q2,2013-06-30,2013-06-30,-5729000.0,40005000.0,-2738000.0,-0.0704,2424000.0,0.0605924259,1732544000.0,1261964000.0,391501000.0,61694000.0,470580000.0,0.0,0.0,807319330.24,901714330.24,15.506482269263197,6.345852108795021,0.2711278905470799,0.37223011116006477,-0.0017266728842953863,15.506482269263197,-0.00453974915290769,20.1804606984127,-35.229504723337406,0.6397324569005138,0.0,0.0,0.0,0.023090322670015883,6.083995202126625,-0.0033066981271471316,49.06523217697824,0.06059242594675666,0.08808290155440415,-1.092286116874542,-0.578645159626754,0.4384895586804328,-0.6698896908620455,0.08409272581934453,-2.4019457245263696,-1.1677493645181738,-0.42266055682227377,0.13688633766092823,Marine Shipping,Industrials,DSX
2013Q1,2013,Q1,2013-03-31,2013-03-31,-6255000.0,43048000.0,1953000.0,-0.0772,7343000.0,0.1705770303,1736704000.0,1265165000.0,431103000.0,60512000.0,471539000.0,0.0,0.0,814646095.6500001,873013095.6500001,15.607891964245983,7.1242563458487576,0.2710289145415684,0.3720439626451886,0.0022109438980179447,15.607891964245983,-0.004944019159556263,18.924133424317045,-32.55979598920864,0.6439050208075627,0.0,0.0,0.0,0.024787183077830188,6.814020359598096,-0.0036016500221108493,46.834891091755786,0.17057703029176732,-2.2866666666666666,-1.1078492942834546,-0.49923708275730966,0.43651051527455936,1.219968845485591,-2.2470095693779903,-0.7119893820970359,-1.2159941922819775,-0.3113920370166037,0.22250723969511363,Marine Shipping,Industrials,DSX
2012Q4,2012,Q4,2012-12-31,2012-12-31,5016000.0,50027000.0,6781000.0,0.06,-33382000.0,-0.667279669,1742802000.0,1266424000.0,466986000.0,61477000.0,476378000.0,5275000.0,347401000.0,589755407.6,602243407.6,15.675812516280182,7.596109113977585,0.26343325288816516,0.362526294511159,0.0036884903050516155,15.675812516280182,0.003960758798001301,11.788742231195155,29.393710506379588,0.46568558997618487,0.0,15.8121327014218,0.0,0.028704924598434017,7.382061584007027,0.0028781238488365286,26.40617030536402,-0.6672796689787515,-0.6,-0.8730430991322305,-0.21792538849357648,0.4583195399704537,-1.860493890807857,-0.5916971916971917,-0.5991606076727553,-0.818543248433254,-0.14854429118988396,0.2648060760386341,Marine Shipping,Industrials,DSX
2012Q3,2012,Q3,2012-09-30,2012-09-30,12285000.0,56834000.0,16917000.0,0.15,38794000.0,0.6825843685,1734185000.0,1260354000.0,469444000.0,58032000.0,473831000.0,0.0,0.0,537384004.64,498592004.64,15.573129247876157,8.089398952302178,0.23853395110671582,0.3282109629516787,0.010156639363648138,15.573129247876157,0.009747261483678394,9.455326118872506,10.93577543019943,0.42637545057975773,0.0,0.0,0.0,0.0327727433924293,7.796629445822994,0.007084019294365942,18.20468188759782,0.6825843685118063,-0.2857142857142857,-0.8645476452053384,-0.08173929269225416,0.23994785128172338,-0.027914202666132103,-0.2930310180123151,-0.08034792063060614,-0.5740836886859852,-0.03007323989520893,0.28996059247479,Marine Shipping,Industrials,DSX
2012Q2,2012,Q2,2012-06-30,2012-06-30,17377000.0,58201000.0,18395000.0,0.21,39908000.0,0.6856926857,1723620000.0,1246313000.0,464968000.0,58086000.0,477307000.0,0.0,0.0,633238139.0600001,599016139.0600001,15.312272811605341,8.004820438659918,0.24208004084426962,0.3347906986447225,0.01127328186938243,15.312272811605341,0.01394272546302574,10.88019345131527,9.110291463716408,0.5080891710669792,0.0,0.0,0.0,0.03376672352374653,7.7725441586612956,0.010081688539237186,20.045525136435582,0.6856926856926857,-0.16000000000000003,-0.5230164500934009,-0.05530155718048953,0.7313799019260356,-0.03449944355736198,-0.12945243224287362,-0.12496432309009609,-0.4549477837796481,-0.07055298224066486,0.264343843089932,Marine Shipping,Industrials,DSX
2012Q1,2012,Q1,2012-03-31,2012-03-31,19961000.0,58169000.0,21022000.0,0.25,41334000.0,0.7105846757,1673628000.0,1230082000.0,455211000.0,48251000.0,443546000.0,0.0,0.0,726973156.4499999,678216156.4499999,15.143934548781646,9.43422934239705,0.23497754578675786,0.319706328521188,0.013593065431388104,15.143934548781646,0.016227373459655536,12.497604504976877,9.104919047768147,0.5909956868322599,0.0,0.0,0.0,0.03475623017779339,9.160887857246482,0.01192678420772119,19.94822480174519,0.7105846756863622,0.0,-0.388957359656404,-0.008309485389283696,1.242285933520798,0.009747160131916453,-0.013833308630996492,0.014967168791039012,-0.47478435448052325,-0.1501702530294216,0.3888259986385691,Marine Shipping,Industrials,DSX
2011Q4,2011,Q4,2011-12-31,2011-12-31,20241000.0,57734000.0,20712000.0,0.25,40935000.0,0.7090276094,1604471000.0,1208878000.0,432691000.0,48095000.0,395593000.0,4808000.0,292762000.0,607570861.48,564234861.48,14.882885295014527,8.996590082129119,0.23268603795269593,0.3088301714482355,0.01390163425942743,14.882885295014527,0.016743625080446498,10.5236231939585,7.504210037547552,0.5025907175744782,0.0,3.4939683860232944,0.0,0.035983199447045165,8.784800914856014,0.012615372917304208,18.02506486723826,0.709027609380954,-0.24242424242424246,-0.14047601546108676,0.07726353781197363,1.1856879683083028,-0.13693864642631245,-0.23454222289452786,-0.2432866902926455,-0.6576954337581177,-0.3730071563820241,0.42782011480298604,Marine Shipping,Industrials,DSX
2011Q3,2011,Q3,2011-09-30,2011-09-30,26443000.0,64600000.0,27371000.0,0.33,47430000.0,0.7342105263,1583851000.0,1187833000.0,407906000.0,30877000.0,396018000.0,0.0,0.0,601683689.32,568491689.32,14.648429093966186,13.210674612170871,0.2286042058249166,0.3048197852728456,0.017783508260495406,14.648429093966186,0.022261546867278482,9.31398899876161,5.688496854744167,0.506538957345014,0.0,0.0,0.0,0.04078666490724191,12.80134080383457,0.01669538359353247,15.248712284454358,0.7342105263157894,-0.029411764705882377,0.03434555738888268,0.3813480385710357,1.129628098281733,-0.015239598040029898,-0.04455123572770631,-0.042938564285464526,-0.5788675074439503,-0.32213379889330646,0.3759878575354898,Marine Shipping,Industrials,DSX
2011Q2,2011,Q2,2011-06-30,2011-06-30,27676000.0,64894000.0,28599000.0,0.34,48164000.0,0.7421949641,1544116000.0,1159303000.0,387325000.0,31038000.0,384813000.0,0.0,0.0,888740262.4000001,862684262.4000001,14.296596449550028,12.47905792899027,0.22638001290058518,0.3015234153625066,0.019069089095577123,14.296596449550028,0.02387296504882675,13.69526092396832,8.028077236594886,0.7666160291140452,0.0,0.0,0.0,0.04202663530460147,12.10171402796572,0.017923523880330233,22.84620607182335,0.7421949640952938,-0.17073170731707307,0.21254226146996655,0.4353817511630933,0.8265194379236948,-0.11275674679929999,-0.1647754707870594,-0.16460244201670854,-0.5525646940987022,-0.31402603216946473,0.32625210284541534,Marine Shipping,Industrials,DSX
2011Q1,2011,Q1,2011-03-31,2011-03-31,33136000.0,69558000.0,34234000.0,0.41,54285000.0,0.7804278444,1517214000.0,1129559000.0,383073000.0,25807000.0,387655000.0,0.0,0.0,958630336.0,942000336.0,13.951132212031313,14.84376332002945,0.23509867428062226,0.3157825310585813,0.02313678460885307,13.951132212031313,0.029335342376980753,13.781740935622071,7.232544181554804,0.8486766392902008,0.0,0.0,0.0,0.04584587276415852,14.466036346727632,0.021840030476913606,22.71635867298578,0.7804278443888554,0.024999999999999883,0.5719320416004482,0.5989018277345717,0.9745272827218403,-0.0045842119739616756,0.025215803966461434,0.029965701907455324,-0.4280032937330976,-0.1899166223209513,0.2840265788921215,Marine Shipping,Industrials,DSX
2010Q4,2010,Q4,2010-12-31,2010-12-31,32321000.0,72976000.0,33238000.0,0.4,54535000.0,0.7473004824,1585389000.0,1131517000.0,354649000.0,32510000.0,415459000.0,4068000.0,222246000.0,973204108.0,1011413108.0,13.975315381632154,10.908920332205476,0.24197405179422843,0.3390342345718182,,13.975315381632154,0.028564307915833347,13.335947544398158,7.527645400822993,0.8600879244412589,0.0,4.533185840707965,0.0,0.046030343341602595,10.639218701937866,0.020386794660490263,19.32839681436317,0.7473004823503617,-0.04761904761904753,0.2946871733464525,0.6896291463707346,0.9400699417365819,-0.011241047955761037,-0.04378568681399959,-0.07306598248647443,-0.18373123261009328,0.13834364731786097,0.30012243238540764,Marine Shipping,Industrials,DSX
2010Q3,2010,Q3,2010-09-30,2010-09-30,33801000.0,71607000.0,35858000.0,0.42,55155000.0,0.7702459257,1511063000.0,1135854000.0,329229000.0,29574000.0,375209000.0,0.0,0.0,1024463153.0,1050537153.0,14.080883004681379,11.132379793061473,0.223199826876841,0.29692988711577367,,14.080883004681379,0.02975822596918266,14.30674589076487,7.577166008402118,0.9019320731361601,0.0,0.0,0.0,0.04738849406014177,10.522587407858254,0.022369021013683744,23.11045033725101,0.7702459256776573,0.0,0.019270489659285198,0.37616173507784706,1.119338200584193,0.03058783960536642,-0.0014770612389589672,0.04490485765072705,-0.626091806482481,0.16074625638046255,0.1211337392698468,Marine Shipping,Industrials,DSX
2010Q2,2010,Q2,2010-06-30,2010-06-30,33851000.0,68681000.0,34317000.0,0.42,53518000.0,0.7792256956,1460644000.0,1100230000.0,314549000.0,31416000.0,360414000.0,0.0,0.0,908292302.66,930353302.66,13.639430570664437,10.01238222561752,0.21925328827558255,0.29107641129581996,0.02445527931131908,13.639430570664437,0.03076720322114467,13.224797289789024,6.708016769519364,0.8255476606345946,0.0,0.0,0.0,0.047021040034395785,9.49166030048383,0.023175393867362615,19.5773747744369,0.7792256956072277,0.16666666666666666,-0.1655455713097516,0.15876400250567463,1.0141068038990892,0.13234454012652602,0.17513712421023397,0.13538461538461538,-0.06243728749909687,0.12486288235650582,0.5422293120238733,Marine Shipping,Industrials,DSX
2010Q1,2010,Q1,2010-03-31,2010-03-31,28806000.0,62184000.0,30225000.0,0.36,47263000.0,0.7600508169,1393129000.0,1029422000.0,313998000.0,31259000.0,363707000.0,0.0,0.0,1219136758.56,1243164758.56,12.767116183408863,10.045043027608049,0.23093625931266953,0.3125287782852902,0.021848882315866337,12.767116183408863,0.02798269320065046,19.60531259745272,10.580580074984377,1.1842925044928125,0.0,0.0,0.0,0.044636211004149655,9.523529223583608,0.0206771950049134,32.75752367359002,0.7600508169304001,0.058823529411764594,-0.2746834336191093,-0.04670220190019806,0.48630882688633653,0.06366746185353558,0.04411178368190221,0.0760056959772161,-0.11168522836578831,0.06796721531242371,0.8903624376788236,Marine Shipping,Industrials,DSX
2009Q4,2009,Q4,2009-12-31,2009-12-31,27589000.0,58640000.0,28090000.0,0.34,44434000.0,0.7577421555,1320425000.0,999325000.0,297156000.0,32386000.0,321100000.0,2831000.0,93467000.0,1167533086.24,1166576086.24,12.393846624596193,9.175446180448342,0.21317454607418065,0.2816711280114077,0.021766219337215252,12.393846624596193,0.027607635153728768,19.910182234652115,10.579697399688282,1.1683217033897881,0.0,5.018014835747086,0.0,0.04440994376810497,8.964089421354906,0.02089403033114338,28.847208910631778,0.7577421555252387,-0.055555555555555455,-0.8166417240605165,0.08881016703303282,4.797941018161448,-0.01553118422510247,-0.037369155617585484,-0.0518783542039356,0.1802029582191857,0.10224713557750148,0.8201498507492144,Marine Shipping,Industrials,DSX
2009Q3,2009,Q3,2009-09-30,2009-09-30,28660000.0,58223000.0,29627000.0,0.36,45135000.0,0.7752091098,1278278000.0,970826000.0,255746000.0,77838000.0,307452000.0,0.0,0.0,1045406765.0,1007817765.0,12.07256201369617,3.285618849405175,0.16745105524776302,0.2204813220906733,0.02436279242832892,12.07256201369617,0.029521253036074436,17.95521984439139,9.119040169225402,1.0768219691273204,0.0,0.0,0.0,0.04554799503707331,3.2328425704668673,0.022420787966310928,24.917928326262096,0.7752091098019683,-0.07692307692307698,0.10523927814893239,0.3140495021357455,4.458339208320077,-0.027535388791933294,-0.05844475836919741,-0.052239283429302626,0.13045555945598356,0.25541570127912133,0.7551416003512803,Marine Shipping,Industrials,DSX
2009Q2,2009,Q2,2009-06-30,2009-06-30,30439000.0,59786000.0,31260000.0,0.39,46413000.0,0.7763188706,1242343000.0,941143000.0,223390000.0,69281000.0,301200000.0,0.0,0.0,1035107323.2,1100688323.2,12.110845396441883,3.224404959512709,0.22805135135787782,0.3010360805956162,0.02549927823404085,12.110845396441883,0.032342587683274485,17.313540347238483,8.501489234206117,1.0998406439829016,0.0,0.0,0.0,0.048123585837405614,3.142809716949813,0.024501285071836038,38.129713161675326,0.776318870638611,-0.17021276595744672,0.10380538473953906,0.4090710658993435,3.8621145774844794,-0.07222244432894895,-0.12556736569951163,-0.11592522412964168,0.39157650575197467,0.3798933405705169,0.5472699816595874,Marine Shipping,Industrials,DSX
2009Q1,2009,Q1,2009-03-31,2009-03-31,34810000.0,62693000.0,35359000.0,0.47,50026000.0,0.7979519245,1088940000.0,811233000.0,110778000.0,43033000.0,277707000.0,2775000.0,6779000.0,877139215.1999999,1010942215.1999999,10.904126624664904,2.5742569655845515,0.21865851194739838,0.2935112353664114,,10.904126624664904,0.04290999010148749,13.991023163670585,6.299477270899167,1.0812420293553147,0.0,4.564684684684685,0.0,0.057572501698899846,2.44984081983594,0.0319668668613514,20.75774363877319,0.7979519244572759,-0.35616438356164387,0.3180168278379308,0.5427915650528975,0.0,0.26312334301224594,-0.35727474150664695,-0.3634399697553423,0.7971422370124767,0.5683338206928243,0.5432794405092648,Marine Shipping,Industrials,DSX
2008Q4,2008,Q4,2008-12-31,2008-12-31,54160000.0,84339000.0,55547000.0,0.73,39605000.0,0.4695929523,1057206000.0,775476000.0,68554000.0,20012000.0,281730000.0,3146000.0,-28031000.0,949304188.8,1125365188.8,10.423501630713545,3.425644613232061,0.22521060228564727,0.30702948898482996,,10.423501630713545,0.06984097509142771,11.255815089104685,4.381943264401773,1.2241567615245348,0.0,14.219326128417038,0.0,0.07977537017383557,3.1820407755346793,0.05122937251585784,15.062582330540746,0.4695929522522202,-0.05194805194805199,-0.6098881655445512,0.6971982108099156,3.876197801064514,-0.5278373867429661,-0.059575280859856576,-0.05723111390213683,1.3610405981279596,1.1251252329428434,0.44700292259364116,Marine Shipping,Industrials,DSX
2008Q3,2008,Q3,2008-09-30,2008-09-30,57591000.0,87408000.0,58919000.0,0.77,83880000.0,0.9596375618,1008973000.0,791778000.0,8975000.0,19789000.0,217195000.0,0.0,0.0,1464443750.0,1632277750.0,10.64575462184874,0.45353479205619285,0.1710600779208165,0.21798408139655306,,10.64575462184874,0.07273629729545403,16.754115755994874,6.357085959611746,1.8495635771643062,0.0,0.0,0.0,0.0866306630603594,0.24058820556875032,0.057078831643661426,21.770935539499895,0.9596375617792422,0.013157894736842117,1.4013182372185513,1.1329629177733773,3.8132401215805465,0.15120157006985713,0.015123473110887842,0.013485851896447923,0.8835630579159416,0.8219263831414282,0.6023110508502016,Marine Shipping,Industrials,DSX
2008Q2,2008,Q2,2008-06-30,2008-06-30,56733000.0,86768000.0,58135000.0,0.76,72863000.0,0.8397450673,1037028000.0,801740000.0,26673000.0,20275000.0,235288000.0,0.0,0.0,2284056250.0,2451078250.0,10.779697478991597,1.315561035758323,0.18295263001577586,0.23664404919300522,,10.779697478991597,0.07076234190635368,26.32371669278997,10.064936853330513,2.8488740115249334,0.0,0.0,0.0,0.08366987198031298,1.1198520345252774,0.05470729816359828,33.12002450589446,0.8397450673059192,0.07042253521126768,1.1495722883665351,1.1367177806612931,3.3277015383976583,0.08638864453025988,0.06610917974255379,0.09202419415433166,0.5167958613152956,0.5877357986166805,0.5918158697260902,Marine Shipping,Industrials,DSX
2008Q1,2008,Q1,2008-03-31,2008-03-31,53215000.0,78876000.0,53236000.0,0.71,67069000.0,0.8503093463,1050091000.0,808095000.0,29049000.0,19696000.0,241996000.0,0.0,0.0,1957550000.0,2129961000.0,10.865142857142857,1.4748679935012186,0.18759326572649418,0.2437708437745562,,10.865142857142857,0.0658524059671202,24.818068867589634,9.196420182279432,2.422425581150731,0.0,0.0,0.0,0.07511349016418577,1.2479183590576768,0.05067656041238331,31.625416006979226,0.8503093463157361,0.44897959183673464,1.0154811580059955,0.9416047503734241,0.0,0.40564614159366225,0.4630357682896654,-0.49395918289750096,0.4526211501433277,0.3108966983430199,0.26488687828645047,Marine Shipping,Industrials,DSX
2007Q4,2007,Q4,2007-12-31,2007-12-31,36373000.0,58889000.0,105201000.0,0.49,47714000.0,0.8102362071,944342000.0,799474000.0,21514000.0,20964000.0,144868000.0,2102000.0,-2729000.0,2339837500.0,2421930500.0,10.74923025210084,1.0262354512497616,0.10464323306598669,0.1236050203008478,,10.74923025210084,0.04549616372765093,39.73301465468933,16.082241635278915,2.926721194185177,3.6015725950567727,5.316365366317792,0.05598679395470839,0.06235982303021575,0.8847548177828659,0.03851676617157767,-5.729278893241919,0.810236207101496,-0.5625,-0.7379299833452032,0.18540305348239441,4.028576266922132,0.21283139727002365,-0.494320788555381,133.32830188679245,-0.7379299833452032,0.18540305348239441,4.028576266922132,Marine Shipping,Industrials,DSX
2007Q3,2007,Q3,2007-09-30,2007-09-30,71929000.0,49086000.0,-795000.0,1.12,39341000.0,0.8014708878,844096000.0,806129000.0,194503000.0,9311000.0,37967000.0,0.0,0.0,1961486968.48,1795144968.48,12.559503395064839,20.889592954569864,0.028527560846159677,0.02987114965470787,-0.0033194460381706465,12.559503395064839,0.08922765463095857,39.96021204579717,6.817441395264774,2.4332172251339426,0.0,0.0,0.0,0.05815215330957616,20.451294168188163,0.08521424103419516,51.89118964232803,0.8014708878295237,1.4888888888888892,2.4753137897246096,0.3879846606533398,4.678498875428251,0.12130540116859057,1.7646923165622477,-1.0431081227632577,2.4753137897246096,0.3879846606533398,4.678498875428251,Marine Shipping,Industrials,DSX
2007Q2,2007,Q2,2007-06-30,2007-06-30,26017000.0,43997000.0,18442000.0,0.45,35085000.0,0.7974407346,728880000.0,514068000.0,73772000.0,9464000.0,214812000.0,1616000.0,-14282000.0,1302030934.3999999,1492830934.3999999,8.843970520029451,7.795012679628064,0.2777178685105916,0.393766972462787,0.03628481579791742,8.843970520029451,0.05061003602636227,29.59362989294724,12.511347718799245,2.532799035147101,2.1447515086289735,5.514851485148514,0.04285612463248708,0.060362473932608934,1.3867286559594252,0.03569449017670947,-7.406319308304891,0.7974407345955407,0.12499999999999997,0.26132561876830546,0.38632270431436405,2.5505694755967676,0.15750057734815742,0.21313997948335353,0.22213386348575215,0.26132561876830546,0.38632270431436405,2.5505694755967676,Marine Shipping,Industrials,DSX
2007Q1,2007,Q1,2007-03-31,2007-03-31,21446000.0,38508000.0,15090000.0,0.4,30311000.0,0.7871351407,531982000.0,360146000.0,14092000.0,9585000.0,171836000.0,0.0,0.0,939053250.0,1090154250.0,6.753792780121894,1.4702138758476786,0.3010740964919866,0.44472519478211614,0.04116117197958067,6.753792780121894,0.059548072170730756,24.38592630102836,10.946717919425533,2.6074237947943333,0.0,0.0,0.0,0.07238590779387273,0.9457485654668754,0.04031339406220511,33.41826512455516,0.787135140749974,0.37931034482758635,0.1328883016235594,0.32209610361345137,0.0,0.1133108058473518,0.3871927554980595,-0.6659361094507538,0.1328883016235594,0.32209610361345137,0.0,Marine Shipping,Industrials,DSX
