Quarters,Year,Quarter,FillingDate,Date,NetIncome,Revenue,OperatingIncome,EPSDiluted,GrossProfit,GrossProfitRatio,TotalAssets,CommonStockEquity,CurrentAssets,CurrentLiability,TotalLiability,Inventory,RetainedEarnings,MarketCap,EnterpriseValue,bookValuePerShare,currentRatio,debtToAssets,debtToEquity,roic,shareholdersEquityPerShare,roe,priceToSalesRatio,peRatio,pbRatio,payoutRatio,inventoryTurnover,dividendYield,assetTurnover,quickRatio,returnOnAssets,priceToFreeCashFlowsRatio,grossProfitMargin,epsdilutedGrowth,fiveYNetIncomeGrowthPerShare,fiveYRevenueGrowthPerShare,fiveYShareholdersEquityGrowthPerShare,grossProfitGrowth,netIncomeGrowth,operatingIncomeGrowth,threeYNetIncomeGrowthPerShare,threeYRevenueGrowthPerShare,threeYShareholdersEquityGrowthPerShare,Industry,Sector,Symbol
2023Q1,2023,Q1,2023-05-04,2023-03-31,1940000.0,68918000.0,3432000.0,0.04,22925000.0,0.3326416901,303469000.0,155661000.0,105238000.0,67690000.0,145997000.0,9204000.0,44231000.0,134889840.0,183935840.0,3.6581359278059784,1.5547052740434333,0.3257301404756334,0.6350273992843423,0.0070160143116100564,3.6581359278059784,0.012462980451108498,1.9572512260947792,17.382711340206185,0.8665615664810068,1.0938144329896908,4.997066492829204,0.01573135530444695,0.22710062642312723,1.3181563007829813,0.0063927452227410374,85.97185468451242,0.3326416901244958,-0.20000000000000004,2.2480880643001955,-0.2583683570777432,0.24419335856633642,-0.011384708266850662,-0.0861987753179463,-0.1443530291697831,1.915438645459233,-0.20001751739181584,0.13413743137833212,Specialty Business Services,Industrials,ARC
2022Q4,2022,Q4,2023-02-23,2022-12-31,2123000.0,68822000.0,4011000.0,0.05,23189000.0,0.3369416756,307315000.0,154355000.0,107477000.0,72571000.0,151025000.0,8610000.0,44416000.0,123722180.0,170898180.0,3.655449249277696,1.4809910294745836,0.3245432211249044,0.6461533478021444,0.007927470354374348,3.655449249277696,0.013754008616500923,1.7977126500247014,14.569262835609985,0.8015430663081857,0.9967027790861988,5.3,0.017102834754447422,0.2239461139221971,1.2582023122183792,0.006908221206254169,13.4014493067591,0.33694167562697974,-0.4444444444444444,1.1878163471698553,-0.23779262362765136,0.27466520425606616,-0.06575077555295919,-0.4318972437784319,-0.29902132121635794,1.7255791076128038,-0.21134634590128867,0.13894954219375796,Specialty Business Services,Industrials,ARC
2022Q3,2022,Q3,2022-11-03,2022-09-30,3737000.0,73136000.0,5722000.0,0.09,24821000.0,0.3393814264,310122000.0,153511000.0,109117000.0,72959000.0,154731000.0,9495000.0,44413000.0,95559579.99999999,148071580.0,3.6305607454532556,1.495593415479927,0.33264328232115103,0.6720039606282286,0.013264892478949866,3.6305607454532556,0.02434353238530138,1.306601126668125,6.392800374632057,0.622493371810489,0.5656944072785657,5.088467614533966,0.022122324103977856,0.23582977021946203,1.2577612083498952,0.01205009641366946,7.211499509470983,0.3393814263837235,0.12499999999999993,1.2741870698605915,-0.17810768740669256,0.15174607525733516,-0.028075808598950584,0.14561618638871857,0.028396836808051763,2.697847361823901,-0.1732818603729823,0.14313268702613613,Specialty Business Services,Industrials,ARC
2022Q2,2022,Q2,2022-08-04,2022-06-30,3262000.0,74564000.0,5564000.0,0.08,25538000.0,0.3424977201,311655000.0,152293000.0,106773000.0,72560000.0,157311000.0,9882000.0,42773000.0,111117500.0,173359500.0,3.604568047337278,1.471513230429989,0.34280534565465015,0.7015227226464775,0.011087435139508056,3.604568047337278,0.021419237916384865,1.4902298696421865,8.516056100551808,0.7296297269079997,0.6468424279583078,4.961141469338191,0.018988908137782076,0.23925173669602606,1.2259922822491731,0.010466701962105533,15.488918316141623,0.3424977200793949,0.8867924528301887,-0.02764918858749768,-0.20986485919844117,0.04520193528240931,0.13760078399928727,0.7575431034482759,0.8188950637463224,5.663532679886174,-0.19275874609811156,0.15320984119036216,Specialty Business Services,Industrials,ARC
2022Q1,2022,Q1,2022-05-05,2022-03-31,1856000.0,69488000.0,3059000.0,0.0424,22449000.0,0.3230629749,315288000.0,152771000.0,108228000.0,70610000.0,156036000.0,9704000.0,41624000.0,164049600.0,221855600.0,3.631870483073412,1.5327573998017279,0.34311486640785566,0.708118687447225,0.006961267410353554,3.631870483073412,0.01214890260586106,2.3608335252129864,22.097198275862066,1.0738268388633967,1.1357758620689655,4.847382522671063,0.012849772263998206,0.22039532110324528,1.2898597932304205,0.005886681383370125,97.12824156305506,0.32306297490214136,-0.3026315789473684,0.12877835525451722,-0.23637202967583318,0.08194422345146211,0.007494838883403644,-0.29295238095238096,-0.28694638694638697,2.3627573941381472,-0.2325829107628542,0.16309566281226673,Specialty Business Services,Industrials,ARC
2021Q4,2021,Q4,2022-02-24,2021-12-31,2625000.0,69247000.0,4290000.0,0.0608,22282000.0,0.3217756726,323999000.0,152427000.0,112544000.0,75462000.0,165007000.0,8842000.0,41768000.0,147059500.0,204608500.0,3.627745912368803,1.4913996448543638,0.3502418217340177,0.7444744041409986,0.009270127255639488,3.627745912368803,0.017221358420752227,2.123694889309284,14.005666666666666,0.9647864223529952,0.31885714285714284,5.3115810902510745,0.005691573818760434,0.21372596829002558,1.2638149002146777,0.008101876857644623,19.771376714170476,0.3217756725923145,-0.1314285714285715,0.08490290769357585,-0.23803595733476476,0.10265413957755841,-0.06334860649880197,-0.17400881057268722,-0.12858013406459476,0.744369938057094,-0.24625782682705583,0.16405774454660296,Specialty Business Services,Industrials,ARC
2021Q3,2021,Q3,2021-11-04,2021-09-30,3178000.0,72432000.0,4923000.0,0.07,23789000.0,0.3284321846697592,330719000.0,151526000.0,112940000.0,77225000.0,172741000.0,9144000.0,41319000.0,124115350.00000001,188249350.0,3.6015021510232215,1.4624797669148593,0.35993396206447165,0.7855879519026437,0.010765399428710885,3.6015021510232215,0.020973298311840874,1.7135430472719242,9.763636721208309,0.819102662249383,0.26526117054751414,5.319663167104112,0.006792068829520281,0.21901372464237012,1.2301845257364843,0.009609366259573838,13.136679720575785,0.3284321846697592,0.16666666666666682,0.21236809091802203,-0.21843943213294476,0.11136230592687153,0.04374341874341874,0.23465423465423466,0.1757821829472176,0.32778739853218686,-0.22922779895403442,0.17477644781498416,Specialty Business Services,Industrials,ARC
2021Q2,2021,Q2,2021-08-04,2021-06-30,2574000.0,68799000.0,4187000.0,0.06,22792000.0,0.33128388494018807,330250000.0,149339000.0,107837000.0,75058000.0,174455000.0,9287000.0,38982000.0,90953600.0,162960600.0,3.5301389939485626,1.4367156065975646,0.3766207418622256,0.8328634850909675,0.00864394323741602,3.5301389939485626,0.017235953099993973,1.3220192153955725,8.833877233877233,0.60904117477685,0.32905982905982906,4.953914073435985,0.00931244062906801,0.20832399697199092,1.206986597031629,0.007794095382286147,8.639209726443768,0.33128388494018807,1.9999999999999996,1.050016925932082,-0.2797858560830809,0.1224022905498021,0.21317932612977059,2.2623574144486693,1.438555620267909,-0.32887951490467204,-0.2985946645682077,0.1767042692407228,Specialty Business Services,Industrials,ARC
2021Q1,2021,Q1,2021-05-05,2021-03-31,789000.0,61730000.0,1717000.0,0.02,18787000.0,0.30434148712133485,332311000.0,147886000.0,103267000.0,72898000.0,177934000.0,9751000.0,37250000.0,89177040.0,171102040.0,3.4991008896460345,1.416595791379736,0.3953675924059089,0.8884208106243999,0.0027986020295678693,3.4991008896460345,0.0053351906198017395,1.4446304876073222,28.25634980988593,0.6030120498221603,0.5348542458808618,4.403958568351964,0.00473215975771342,0.18575972507681057,1.1839419462811052,0.0023742819226567884,18.551495735385895,0.30434148712133485,-0.3333333333333333,-0.6619675989352309,-0.34259039750416154,-0.19613315326714023,-0.09127406404179163,-0.37031125299281725,-0.26214009454232917,0.3300024730809435,-0.33119233422510336,0.19010287582787191,Specialty Business Services,Industrials,ARC
2020Q4,2020,Q4,2021-02-24,2020-12-31,1253000.0,64344000.0,2327000.0,0.03,20674000.0,0.3213042397115504,345438000.0,147668000.0,108747000.0,76247000.0,191102000.0,9474000.0,37308000.0,63119040.0,117563040.0,3.462483586569124,1.4262462785421066,0.3166820095067711,0.740810466722648,0.006390406642243212,3.462483586569124,0.008485250697510632,0.9809623274897427,12.593583399840382,0.4274388493106157,0.0,4.6094574625290266,0.0,0.1862678686189707,1.1964929767728567,0.0036272789907306085,4.4841602728047745,0.3213042397115504,-0.5714285714285715,-0.5515536464795638,-0.3257010710415845,-0.19958954782111776,-0.1454552969867317,-0.551056968828377,-0.5072003388394748,1.1097528332769138,-0.2944379917835926,0.20737754709069,Specialty Business Services,Industrials,ARC
2020Q3,2020,Q3,2020-11-05,2020-09-30,2791000.0,72379000.0,4722000.0,0.07,24193000.0,0.33425441080976526,352700000.0,146579000.0,110880000.0,77809000.0,199765000.0,10502000.0,36477000.0,38472300.0,106031300.0,3.428989168830561,1.4250279530645555,0.33428125886022114,0.8043512372167909,0.009763953629225348,3.428989168830561,0.019040926735753416,0.5315395349479821,3.446103547115729,0.2624680206578023,0.0,4.588268901161683,0.0,0.20521406294301106,1.178064234214551,0.007913240714488234,3.739531493001555,0.33425441080976526,1.3333333333333337,-0.9620236995152325,-0.25699775574648603,-0.19401356906836625,0.18332110540474444,0.9103353867214237,0.7606263982102909,1.2025554164795103,-0.19544369068731401,0.08780023092753929,Specialty Business Services,Industrials,ARC
2020Q2,2020,Q2,2020-08-05,2020-06-30,1461000.0,64319000.0,2682000.0,0.03,20445000.0,0.3178687479593899,370403000.0,143123000.0,122595000.0,78469000.0,220968000.0,11931000.0,33686000.0,42672000.0,118807000.0,3.3540260592425946,1.5623367189590793,0.3632961936053434,0.9402122649748818,0.007091559510586386,3.3540260592425946,0.010208002906590834,0.6634431505464948,7.301848049281314,0.2981491444421931,0.2922655715263518,3.6773112061017517,0.010006561679790027,0.17364600178724254,1.2846601842765932,0.003944352502544526,1.9377866581899097,0.3178687479593899,0.4999999999999999,-0.8276047187347234,-0.38039661670282027,0.3154819731017365,-0.25915860419610826,1.1390922401171304,0.007513148009015778,-0.568805755716179,-0.32516876190241567,-0.027446705938141015,Specialty Business Services,Industrials,ARC
2020Q1,2020,Q1,2020-05-06,2020-03-31,683000.0,88425000.0,2662000.0,0.02,27597000.0,0.3120949957591179,368709000.0,140876000.0,114533000.0,78751000.0,221515000.0,12819000.0,32225000.0,35377560.0,129767560.0,3.225478523674329,1.4543688334116391,0.3596332066751829,0.9412533007751498,0.002307113157493666,3.225478523674329,0.0048482353275220765,0.4000854961832061,12.949326500732067,0.25112552883386813,0.6486090775988287,4.745143926983384,0.012522062007668137,0.23982327526586006,1.1551980292313748,0.0018524093526331063,21.40203266787659,0.3120949957591179,0.0,-0.8362781760617635,-0.0986591356250019,0.3791662361785619,-0.08752149186615527,-0.17111650485436894,-0.06760070052539405,-0.5999455401720866,-0.06413157420454271,-0.03912106094625558,Specialty Business Services,Industrials,ARC
2019Q4,2019,Q4,2020-03-12,2019-12-31,824000.0,92316000.0,2855000.0,0.02,30244000.0,0.3276138480870055,363157000.0,143368000.0,106383000.0,86375000.0,213117000.0,13936000.0,31969000.0,62091299.99999999,149883300.0,3.2094918289679875,1.2316410998552823,0.3227722445113271,0.81759527928129,0.0057380589687450224,3.2094918289679875,0.005747447129066458,0.6725952164305212,18.83837985436893,0.4330903688410245,0.0,4.454075774971297,0.0,0.2542041045608373,0.9361157742402315,0.0022689910975142984,3.3548357467041274,0.3276138480870055,0.0,1.3677624068167757,-0.10890208075571214,0.44877600993735667,-0.0051970265114137226,-0.23348837209302326,-0.1472520908004779,-0.6796698144113744,-0.04452444409567985,-0.024474277791668147,Specialty Business Services,Industrials,ARC
2019Q3,2019,Q3,2019-11-08,2019-09-30,1075000.0,94104000.0,3348000.0,0.02,30402000.0,0.3230680948737567,364179000.0,142849000.0,106870000.0,88892000.0,214834000.0,15384000.0,31588000.0,61170080.00000001,162679080.0,3.1759749210725245,1.2022454214102507,0.3358568176638411,0.8562328052699004,0.005390346437775908,3.1759749210725245,0.007525428949450119,0.6500263538213041,14.225600000000002,0.42821496825319044,0.0,4.140795631825273,0.0,0.2584004020001153,0.882700355487558,0.002951845109135892,7.276954556269333,0.3230680948737567,1.0,-0.6974857197173662,-0.09229336002569422,0.40669399629763553,-0.10180808319546207,1.0515267175572518,-0.41895175286358904,-0.6163878014029746,-0.050175020669816106,-0.01994815945167085,Specialty Business Services,Industrials,ARC
2019Q2,2019,Q2,2019-08-07,2019-06-30,524000.0,98873000.0,5762000.0,0.01,33848000.0,0.34233815096133424,372462000.0,141359000.0,111648000.0,91689000.0,224709000.0,16498000.0,30513000.0,90450000.0,197067000.0,3.125682697622996,1.2176815103229395,0.34462039080496804,0.9080284948252322,0.0020938321588506656,3.125682697622996,0.0037068739875069858,0.9148099076593206,43.15362595419847,0.6398602140648986,0.0,3.9413868347678505,0.0,0.26545795275759676,0.8880236451482729,0.0014068549274825351,6.693554355065492,0.34233815096133424,0.0,-0.8820852539648658,-0.07211605866235667,0.4425795998388951,0.10343928280358598,-0.11486486486486487,1.6887540830611292,1.0095245090454361,-0.03181112096089111,-0.006193969881103741,Specialty Business Services,Industrials,ARC
2019Q1,2019,Q1,2019-05-08,2019-03-31,592000.0,97122000.0,2143000.0,0.01,30675000.0,0.31583987150182247,374905000.0,140885000.0,107789000.0,87851000.0,227338000.0,16278000.0,29989000.0,103320220.0,217624220.0,3.122589653796711,1.2269524535861858,0.3549539216601539,0.944557617915321,0.0040230666218330725,3.122589653796711,0.004202008730524896,1.063818908177344,43.63184966216216,0.7333656528374205,0.0,4.0820125322521195,0.0,0.25905762793240955,0.897861151267487,0.001579066696896547,-194.57668549905839,0.31583987150182247,-0.75,-0.5677352135266823,-0.013688079506704365,0.5173962466384626,-0.04611605199328316,-0.6327543424317618,-0.44910025706940876,-0.7624123885039706,-0.031101817479992213,-0.28263105929130894,Specialty Business Services,Industrials,ARC
2018Q4,2018,Q4,2019-03-06,2018-12-31,1612000.0,98413000.0,3890000.0,0.04,32158000.0,0.3267657728145672,339716000.0,140269000.0,115375000.0,80950000.0,192414000.0,16768000.0,29397000.0,92268449.99999999,190027450.0,3.116465595769735,1.4252625077208154,0.37440685749272923,0.9067719881085629,0.00977481994340527,3.116465595769735,0.011492204264662898,0.9375636348856349,14.309623138957814,0.6577964482529995,0.0,3.9512762404580153,0.0,0.2896919780051572,1.0805188387893763,0.004745140058166233,4.515216540249571,0.3267657728145672,-0.3333333333333333,1.102742913142682,-0.008516460744425544,0.5610538977261685,-0.015732125367286975,-0.3700664322000782,-0.18105263157894738,-0.45333185350297905,-0.022771350735002575,-0.2795773396916911,Specialty Business Services,Industrials,ARC
2018Q3,2018,Q3,2018-11-08,2018-09-30,2559000.0,100473000.0,4750000.0,0.06,32672000.0,0.3251818896618992,335364000.0,137904000.0,110763000.0,75087000.0,190450000.0,18301000.0,27785000.0,121004270.0,234823270.0,3.065691483449303,1.4751288505333813,0.39426712467647096,0.9588046757164405,0.01406636969327323,3.065691483449303,0.018556387051862164,1.204346142744817,11.821440992575225,0.8774529382759021,0.0,3.7047702311349107,0.0,0.29959387411886784,1.0771771411828945,0.0076305149032096465,36.10989853774993,0.3251818896618992,-0.3333333333333333,6.812199868098318,0.01421149299997739,0.3221912500991083,-0.08826566206222966,-0.37187039764359353,-0.3532135076252723,-0.9669112523909692,-0.019868962238802586,-0.27940695772874113,Specialty Business Services,Industrials,ARC
2018Q2,2018,Q2,2018-08-03,2018-06-30,4074000.0,104190000.0,7344000.0,0.09,35835000.0,0.34393895767348115,338964000.0,134809000.0,114132000.0,77049000.0,196943000.0,18481000.0,25226000.0,79536720.0,190977720.0,3.000022253872174,1.4812911264260407,0.4017506283853153,1.0101625262408296,0.01857389377234931,3.000022253872174,0.03022053423732837,0.7633815145407429,4.880751104565538,0.5899956234376043,0.0,3.698663492235269,0.0,0.30737777463093424,1.1087359991693597,0.012018975466421214,3.7661215019650554,0.34393895767348115,8.0,4.763835312469023,0.017257162535809185,0.2991558231519095,0.18717906244823587,5.487261146496815,2.9147121535181237,-0.5434958073868297,-0.04687662094658229,0.17663820261553903,Specialty Business Services,Industrials,ARC
2018Q1,2018,Q1,2018-05-02,2018-03-31,628000.0,97708000.0,1876000.0,0.01,30185000.0,0.3089306914479879,325803000.0,131546000.0,102971000.0,65512000.0,186679000.0,19577000.0,21152000.0,98430200.00000001,222548200.0,2.940166737444402,1.5717883746489192,0.42383280694161807,1.0497164489988293,0.0064307425698081995,2.940166737444402,0.004773995408450276,1.007391411143407,39.183996815286626,0.7482568835236344,0.0,3.449098431833274,0.0,0.29989901873217867,1.1274423006472096,0.001927545173003318,-20.207390679531926,0.3089306914479879,1.037037037037037,0.5477857968608075,-0.0009824540320667564,0.28496987115654554,0.024192453854505972,1.0516574812865016,-0.3934691238279987,-0.8530455692193657,-0.02774253331784548,0.2571711959189662,Specialty Business Services,Industrials,ARC
2017Q4,2017,Q4,2018-03-05,2017-12-31,-12157000.0,97110000.0,3093000.0,-0.27,29472000.0,0.3034908866234167,339425000.0,130237000.0,114481000.0,74898000.0,201814000.0,19937000.0,20524000.0,115805699.99999999,232163700.0,2.8677720526709827,1.5284920825656225,0.4254754363997938,1.1088784293249998,-0.0841189224005882,2.8677720526709827,-0.09334520911876042,1.1925208526413345,-2.3814612980176033,0.889192011486751,0.0,3.3925866479410143,0.0,0.28610149517566474,1.1358113701300436,-0.03581645429770936,8.41978333575687,0.3034908866234167,0.15624999999999997,-1.0771161943617886,0.00965352483708605,0.26277916029149123,0.008382659869298936,0.1771355083254366,1.202077616620933,-4.336945093915048,-0.0779836932089011,0.29452248931709935,Specialty Business Services,Industrials,ARC
2017Q3,2017,Q3,2017-11-03,2017-09-30,-14774000.0,96458000.0,-15306000.0,-0.32,29227000.0,0.3030023429886583,355243000.0,144479000.0,114506000.0,71244000.0,203490000.0,19095000.0,32681000.0,187461060.0,310283060.0,3.1522232403892305,1.6072371006681265,0.4199519765343723,1.0325722077256902,-0.045432248526938654,3.1522232403892305,-0.10225707542272579,1.9434475108337308,-3.172144645999729,1.2974969372711604,0.0,3.5208693375229116,0.0,0.27152681403996703,1.1982623098085452,-0.041588433832615984,20.849856523189857,0.3030023429886583,-5.0,0.26730488172721395,-0.032349002206206484,0.321573684063334,-0.15249666531346054,-5.063256325632564,-2.9488158899923604,-5.079884707276547,-0.08696366515600407,0.39617396781835357,Specialty Business Services,Industrials,ARC
2017Q2,2017,Q2,2017-08-02,2017-06-30,3636000.0,102280000.0,7854000.0,0.08,34486000.0,0.3371724677356277,371382000.0,157922000.0,115780000.0,66891000.0,206335000.0,18733000.0,47455000.0,190494720.0,315857720.0,3.4486809923130677,1.7308756035939066,0.40919322961263604,0.9622915109991008,0.015104415083690977,3.4486809923130677,0.02302402451843315,1.862482596793117,13.097821782178219,1.2062582794037564,0.0,3.6189611914802753,0.0,0.2754037621640252,1.2882002063057811,0.00979045834208443,12.219816537301943,0.3371724677356277,1.0,4.44356570326172,-0.03979362540660219,0.23216901542812216,0.11829560931318503,1.0381165919282511,0.7163461538461539,-0.1919287211740042,-0.05202773854486464,0.5916512733830437,Specialty Business Services,Industrials,ARC
2017Q1,2017,Q1,2017-05-05,2017-03-31,1784000.0,98731000.0,4576000.0,0.04,30838000.0,0.3123436408017745,365314000.0,153201000.0,107982000.0,63316000.0,205190000.0,19755000.0,43819000.0,157454550.0,292125550.0,3.3568001051732073,1.7054457009286752,0.42248586147807093,1.0074346773193386,0.008745476109060221,3.3568001051732073,0.011644832605531296,1.5947833000779896,22.064819226457402,1.0277645054536197,0.0,3.4367501898253607,0.0,0.27026338985092274,1.2528902647040243,0.004883470110644541,31.938042596348886,0.3123436408017745,-0.3333333333333333,1.3627815857385637,-0.048796536982461,0.19453673805786265,0.014942074776198,-0.3201219512195122,-0.2102174663444943,0.2877653085498245,-0.008794003729921007,0.631208850676935,Specialty Business Services,Industrials,ARC
2016Q4,2016,Q4,2017-03-01,2016-12-31,2624000.0,98558000.0,5794000.0,0.06,30384000.0,0.3082854765721707,399577000.0,149916000.0,111804000.0,66912000.0,242756000.0,18184000.0,41822000.0,231480360.0,363414360.0,3.290012509052604,1.6709110473457676,0.39334846600279794,1.048407107980469,0.012196503151428088,3.290012509052604,0.017503135088983164,2.348671442196473,22.054150152439025,1.5440670775634355,0.0,3.7491201055873296,0.0,0.24665583854926584,1.2699366331898614,0.006566944543855127,15.87765690376569,0.3082854765721707,0.0,1.8578680981785574,-0.032836204151534557,0.14657100847712032,-0.07167736021998167,-0.07638155579021472,-0.13224502021866108,1.1651960260808203,-0.01921492918527249,0.6479844532202856,Specialty Business Services,Industrials,ARC
2016Q3,2016,Q3,2016-11-07,2016-09-30,2841000.0,100443000.0,6677000.0,0.06,32730000.0,0.3258564559003614,395565000.0,147769000.0,109168000.0,62449000.0,240754000.0,19981000.0,39198000.0,170540260.0,309804260.0,3.2406193118270137,1.7481144614005029,0.401714004019567,1.0753540999803748,0.012476981917265062,3.2406193118270137,0.019225954022832937,1.6978809872265863,15.007062653995073,1.1541003864139299,0.0,3.388869425954657,0.0,0.2539228698191195,1.2972665695207288,0.007182131887300444,17.521859652727834,0.3258564559003614,1.0491803278688525,1.0677634496823352,-0.04534795078238075,0.1087369985832341,-0.10062651132116948,1.0508192615912995,1.1038930727578267,7.365530238236219,0.0002117006991586058,0.39763525525373605,Specialty Business Services,Industrials,ARC
2016Q2,2016,Q2,2016-08-04,2016-06-30,-55904000.0,103770000.0,-64268000.0,-1.22,36392000.0,0.35069866049918086,400481000.0,144536000.0,110068000.0,66845000.0,248939000.0,19570000.0,36357000.0,178764950.0,323234950.0,3.145163747143945,1.6466153040616351,0.41180979871704276,1.141044445674434,-0.17608074107540286,3.145163747143945,-0.38678253168760723,1.7227035752144164,-0.7994282609473383,1.2368195466873306,0.0,3.442922841083291,0.0,0.2591134161171192,1.2175181389782332,-0.13959214045110754,12.82848582705418,0.35069866049918086,-25.4,0.3479831521450076,-0.06536688329491204,-0.1786722649945346,0.07869697957731867,-22.718725718725718,-11.594790636333663,-78.33837853542742,-0.00930909600252178,0.36200916229684615,Specialty Business Services,Industrials,ARC
2016Q1,2016,Q1,2016-05-04,2016-03-31,2574000.0,103550000.0,6066000.0,0.05,33737000.0,0.3258039594398841,465961000.0,202877000.0,104742000.0,64250000.0,255962000.0,18529000.0,92261000.0,209736000.0,359947000.0,4.352836422931685,1.6302256809338522,0.3584076778957896,0.8231785761816273,0.009375430959014466,4.352836422931685,0.012687490449878498,2.025456301303718,20.37062937062937,1.0338086623914984,0.0,3.7677694424955477,0.0,0.2222288989851082,1.2166536964980545,0.00552406746487367,74.95925661186561,0.3258039594398841,-0.1666666666666666,1.6870666239699572,-0.054560669740393815,-0.22822472274620426,-0.04430469391801932,-0.15909833387781772,-0.14418735891647855,5.089827280284888,0.01633835351714151,0.9023627423258724,Specialty Business Services,Industrials,ARC
2015Q4,2015,Q4,2016-03-01,2015-12-31,3061000.0,104539000.0,7088000.0,0.06,35301000.0,0.3376825873597413,476124000.0,202114000.0,109706000.0,69675000.0,266990000.0,16972000.0,89687000.0,206511240.0,355526240.0,4.32588502204529,1.5745389307499102,0.3633045173106166,0.855843731755346,0.010903784766577523,4.32588502204529,0.01514491821447302,1.9754468667195975,16.866321463573993,1.021756236579356,0.0,4.079542776337497,0.0,0.21956255093211013,1.206286329386437,0.0064289974880493315,14.608887945670627,0.3376825873597413,-0.9644970414201183,1.6245866181292308,-0.03393620931236979,-0.23565858517711616,-0.017861614222518987,-0.96187380116085,-0.18975765889346136,1.50835375421595,0.056464926745807435,0.904836700869619,Specialty Business Services,Industrials,ARC
2015Q3,2015,Q3,2015-11-06,2015-09-30,80286000.0,106418000.0,8748000.0,1.69,35943000.0,0.33775301170854555,481772000.0,198672000.0,115381000.0,74534000.0,276067000.0,17839000.0,86626000.0,277853100.0,437448100.0,4.254400616728768,1.5480317707355034,0.37449042285562467,0.9081249496657808,0.2649119602567538,4.254400616728768,0.40411331239429815,2.610959612095698,0.8651978551677753,1.3985518845131675,0.0,3.950613823644823,0.0,0.2208887191451558,1.1461078165669358,0.16664729374060758,16.262985074626865,0.33775301170854555,7.894736842105263,4.092286242314549,-0.058135022475336876,-0.2543171382100387,-0.12031620940306909,7.673004213027979,-0.2872739123350171,4.907999540233692,0.04781610218404205,0.7836629793508223,Specialty Business Services,Industrials,ARC
2015Q2,2015,Q2,2015-08-05,2015-06-30,9257000.0,113389000.0,12274000.0,0.19,40859000.0,0.36034359593964144,411146000.0,118842000.0,112767000.0,79256000.0,285034000.0,19135000.0,6340000.0,354709710.0,528303710.0,2.5496556606809553,1.4228197234278792,0.4597636849197122,1.5905992830817388,0.03671837517750561,2.5496556606809553,0.07789333737230945,3.128255033557047,9.579499567894567,2.9847167667996164,0.0,3.7904363731382285,0.0,0.27578767639719226,1.0570808519228827,0.022515116284726105,27.86845615964802,0.36034359593964144,1.1111111111111112,4.346064605934876,-0.044665377417385486,-0.5904632256471288,0.13431054107326282,1.086789900811542,0.7526774239611596,9.613029893636046,0.04579360614186121,-0.08904108205297315,Specialty Business Services,Industrials,ARC
2015Q1,2015,Q1,2015-05-06,2015-03-31,4436000.0,104319000.0,7003000.0,0.09,36021000.0,0.34529663819630174,410105000.0,108617000.0,110398000.0,85045000.0,294449000.0,17354000.0,-2917000.0,428668890.0,611300890.0,2.338716275865039,1.2981127638309131,0.48815059557918095,1.8431092738705728,0.019340660990560452,2.338716275865039,0.04084075236841379,4.10921203232393,24.158526262398556,3.9466095546737616,0.0,3.9355768122623025,0.0,0.25437144146011387,0.9830913046034452,0.010816742053864254,239.88186345831002,0.34529663819630174,2.8000000000000003,5.014707568020799,-0.09580171749267014,-0.6201962806844479,0.03170647877642207,2.9063171465406104,0.08388794304287261,1.886457210328329,-0.012358894697746474,-0.16775428268448972,Specialty Business Services,Industrials,ARC
2014Q4,2014,Q4,2015-03-13,2014-12-31,-2327000.0,107594000.0,6461000.0,-0.05,34914000.0,0.324497648567764,414068000.0,102775000.0,112057000.0,91393000.0,304230000.0,16251000.0,-7353000.0,474136460.0,655385460.0,2.21531265492639,1.2261004672130251,0.49239496894229934,1.9837995621503284,0.026283154970123106,2.21531265492639,-0.022641693018730237,4.406718404371991,-50.93859690588741,4.613344295791778,0.0,4.472340163682235,0.0,0.25984620883526377,0.9265589268324708,-0.0056198498797299,48.774453245550866,0.324497648567764,-1.625,-2.9385692159705505,-0.06223807683604998,-0.6376090593139346,-0.03613726085636198,-1.6356186834198307,-0.22936545801526717,0.2527755909618892,0.037036834596748086,-0.22796242936398348,Specialty Business Services,Industrials,ARC
2014Q3,2014,Q3,2014-11-07,2014-09-30,3661000.0,106807000.0,8384000.0,0.08,36223000.0,0.3391444380986265,416791000.0,104620000.0,114079000.0,74923000.0,305330000.0,16167000.0,-5026000.0,375337800.0,556134800.0,2.2577582114031682,1.5226165529944076,0.4933695785177703,1.965513286178551,0.022861407444806223,2.2577582114031682,0.03499330911871535,3.514168547005346,25.630824911226437,3.5876295163448666,0.0,4.365930599369086,0.0,0.25626033191695596,1.1864314029069845,0.008783778920370161,31.591431697668547,0.3391444380986265,-0.20000000000000004,1.1266236159515655,-0.12826072782631792,-0.6287369868616448,-0.07610885811207183,-0.1944994499449945,-0.08371584699453552,1.0859294506456785,-0.001051305583365452,-0.22753652250918102,Specialty Business Services,Industrials,ARC
2014Q2,2014,Q2,2014-08-06,2014-06-30,4545000.0,108982000.0,9150000.0,0.1,39207000.0,0.3597566570626342,414927000.0,100220000.0,111778000.0,74446000.0,307337000.0,16013000.0,-8687000.0,271048440.0,457678440.0,2.1667315259220823,1.5014641485103297,0.5081279357573741,2.1037317900618637,0.026001225060876036,2.1667315259220823,0.04535022949511076,2.4870936484924115,14.909155115511552,2.7045344242666136,0.0,4.357397114844189,0.0,0.26265343060345553,1.1797544528920292,0.010953734030323407,24.658700873362445,0.3597566570626342,2.3333333333333335,-0.2970963562343854,-0.18887230369003224,-0.6746920625178471,0.15538987446219132,2.255730659025788,0.5649050795279631,1.052666359161909,-0.02476877844117422,-0.4341799538524718,Specialty Business Services,Industrials,ARC
2014Q1,2014,Q1,2014-05-07,2014-03-31,1396000.0,100373000.0,5847000.0,0.03,33934000.0,0.33807896545883853,410776000.0,94641000.0,108650000.0,76129000.0,308851000.0,16066000.0,-13232000.0,342165600.0,534557600.0,2.057860404435747,1.4271828081283084,0.5267712816717627,2.2863769402267518,0.012430406434949921,2.057860404435747,0.014750478122589575,3.4089406513703886,61.27607449856734,3.615405585317146,0.0,4.135379061371841,0.0,0.24434971858141663,1.0966386002705932,0.003398445868307788,82.46941431670282,0.33807896545883853,1.0857142857142859,-0.8186465132369152,-0.29447815267493965,-0.6807002693848434,0.013954044282427466,1.0871955028107432,-0.16650035637918745,1.3776354753748576,-0.07125278551503374,-0.6351331339225167,Specialty Business Services,Industrials,ARC
2013Q4,2013,Q4,2014-03-14,2013-12-31,-16010000.0,101285000.0,7015000.0,-0.35,33467000.0,0.3304240509453522,409922000.0,91690000.0,106430000.0,77725000.0,310783000.0,14047000.0,-14628000.0,377528160.0,569894160.0,1.9963856470998085,1.3693148922483114,0.5360239265030908,2.396422728759952,0.024112439031880893,1.9963856470998085,-0.1746100992474643,3.7273847065212027,-5.895193004372268,4.117440942305595,0.0,4.827934790346693,0.0,0.24708359151253165,1.0767449340623996,-0.03905621069374174,109.3333796698523,0.3304240509453522,-33.99999999999999,-0.001361033664434046,-0.3541622601836415,-0.6804932835904849,0.01785279805352798,-34.577777777777776,0.06384592053381863,-2.323261901143287,-0.04782563108781515,-0.6472582553026555,Specialty Business Services,Industrials,ARC
2013Q3,2013,Q3,2013-11-07,2013-09-30,-450000.0,101252000.0,6594000.0,-0.01,32880000.0,0.32473432623553117,423606000.0,106602000.0,118044000.0,73851000.0,309791000.0,13750000.0,1382000.0,211029840.0,387360840.0,2.318644510179224,1.5984076045009545,0.5037346024371704,2.001697904354515,-0.01463013980397499,2.318644510179224,-0.0042213091686835146,2.084204163868368,-117.2388,1.979604885461811,0.0,4.9725090909090905,0.0,0.23902399871578778,1.295811837348174,-0.0010623078993215393,13.878976652416968,0.32473432623553117,-1.5,-1.0294279652960312,-0.4273568898240847,-0.6564410549538617,-0.07668978686360955,-1.6232686980609419,-0.21359570661896243,0.9823956709457925,-0.0897844244285294,-0.5936035109092656,Specialty Business Services,Industrials,ARC
2013Q2,2013,Q2,2013-08-07,2013-06-30,722000.0,104622000.0,8385000.0,0.02,35611000.0,0.34037774081933053,424366000.0,105995000.0,116902000.0,68677000.0,310855000.0,13717000.0,1832000.0,186358059.99999997,374764060.0,2.3092089496960853,1.7022001543457053,0.520265525513354,2.082956743242606,0.00960046442275775,2.3092089496960853,0.006811642058587669,1.781251170881841,64.52841412742382,1.758177838577291,0.0,5.03105635343005,0.0,0.246537187239317,1.3903927078934724,0.0017013615605397227,50.64077717391304,0.34037774081933053,1.0,-0.9622158985135827,-0.44034574186274267,-0.6397316621436349,0.09981778313104173,0.7397590361445783,0.31282292155941754,-0.5765838587874706,-0.10489520532561493,-0.629084821472426,Specialty Business Services,Industrials,ARC
2013Q1,2013,Q1,2013-05-08,2013-03-31,415000.0,100036000.0,6387000.0,0.01,32379000.0,0.3236734775480827,421102000.0,104709000.0,111638000.0,68860000.0,309143000.0,13907000.0,1110000.0,134997900.0,324166900.0,2.2881211485511996,1.6212314841707813,0.5209854144601546,2.095216266032528,0.03618259149217274,2.2881211485511996,0.003963365135757194,1.3494931824543164,81.32403614457832,1.2892673982179184,0.0,4.86496009203998,0.0,0.2375576463659636,1.3211879175137962,0.0009855094490171027,21.534200031903016,0.3236734775480827,1.076923076923077,-0.9777450191767748,-0.47041266873005455,-0.6085881682583856,0.13055167597765363,1.0703867028493894,2.544395116537181,-0.4289339463101705,-0.12002193046852688,-0.6284128470680432,Specialty Business Services,Industrials,ARC
2012Q4,2012,Q4,2013-03-13,2012-12-31,-5896000.0,96891000.0,1802000.0,-0.13,28640000.0,0.2955898896698352,415839000.0,103896000.0,104223000.0,63573000.0,305002000.0,14251000.0,695000.0,117117440.0,311621440.0,2.271000459026427,1.6394223963003163,0.53512296826416,2.141805266805267,0.006631197887249562,2.271000459026427,-0.056749056749056746,1.208754579888741,-4.965970149253732,1.1272564872564872,0.0,4.78920777489299,0.0,0.2330012336505234,1.2564453462948106,-0.014178564300125769,225.65980732177263,0.2955898896698352,0.7045454545454546,-1.3526757497268027,-0.4440710869359342,-0.5876649941298859,-0.020787746170678335,0.7068416865552903,1.1362983132894637,-9.119764946841316,-0.14363515426298618,-0.6284993945143968,Specialty Business Services,Industrials,ARC
2012Q3,2012,Q3,2012-11-08,2012-09-30,-20112000.0,99426000.0,-13221000.0,-0.44,29248000.0,0.29416852734697163,428769000.0,109042000.0,115461000.0,71668000.0,313134000.0,14450000.0,6591000.0,197493120.0,391191120.0,2.3852043048385685,1.6110537478372495,0.5229669122534512,2.0563819445718163,-0.03950491679936513,2.3852043048385685,-0.18444269180682674,1.9863327499849135,-2.45491646778043,1.8111656059133179,0.0,4.8566089965397925,0.0,0.2318871000468784,1.231121281464531,-0.046906376160589965,21.709697702539298,0.29416852734697163,-21.0,-2.2699967147458384,-0.43344963312456936,-0.548532463537772,-0.13346961751548012,-18.099715099715098,-2.895483870967742,0.29491852556807346,-0.17746208930728147,-0.6077799063281484,Specialty Business Services,Industrials,ARC
2012Q2,2012,Q2,2012-08-08,2012-06-30,-1053000.0,106228000.0,6975000.0,-0.02,33753000.0,0.3177410852129382,441919000.0,127816000.0,109237000.0,64343000.0,307502000.0,13492000.0,26703000.0,229705010.0,430798010.0,2.798870081240283,1.6977293567287817,0.5078102548204535,1.7557348062840332,0.06768456714348985,2.798870081240283,-0.00823840520748576,2.162377245170765,-54.535852326685664,1.7971537992113664,0.0,5.371701749184702,0.0,0.2403788929645478,1.3021152262095332,-0.0023827896062400575,-229.24651696606787,0.3177410852129382,0.8181818181818181,-1.053998600337939,-0.3994938613053073,-0.4295375811326421,0.058817993600602296,0.785408599959242,0.8221003134796239,-1.1649442163310928,-0.19920698617996724,-0.5797842776015785,Specialty Business Services,Industrials,ARC
2012Q1,2012,Q1,2012-05-09,2012-03-31,-4907000.0,103573000.0,3828000.0,-0.11,31878000.0,0.3077829163971305,448452000.0,127976000.0,114403000.0,71525000.0,314029000.0,12542000.0,27756000.0,245465990.0,442115990.0,2.8101271381831756,1.5994826983572177,0.5049905006555886,1.76958179658686,0.014752140287078082,2.8101271381831756,-0.038343126836281806,2.369980496847634,-12.505909415121256,1.9180626836281802,0.0,5.716392919789508,0.0,0.23095671331602935,1.258720727018525,-0.010942085217592963,28.57578463329453,0.3077829163971305,-0.6386116490391779,-1.293744464694817,-0.3498000087229844,-0.3666150446417842,0.018694276675294795,-0.6051684658161597,0.07800619543790481,-1.6437502288397565,-0.26480767495350416,-0.5639777915537202,Specialty Business Services,Industrials,ARC
2011Q4,2011,Q4,2012-03-08,2011-12-31,-3057000.0,101846000.0,3551000.0,-0.06713,31293000.0,0.307258017006068,441357000.0,130677000.0,103797000.0,63392000.0,304292000.0,12107000.0,32663000.0,209033190.0,409860190.0,2.8694363320963525,1.637383266027259,0.5126552881227668,1.7314753170029922,0.00756576418213259,2.8694363320963525,-0.02339355816249225,2.0524437876794375,-17.09463444553484,1.599617300672651,0.0,5.827455191211696,0.0,0.2307565077703537,1.2643551236749118,-0.006926365731142817,13.013334370914524,0.307258017006068,0.9270326086956522,-1.2401863842471619,-0.3032298174314631,-0.28653537453847483,-0.07755571276972055,0.9267907177239745,1.0976300450896295,0.8071721471112263,-0.3450664550311023,-0.5407679965310663,Specialty Business Services,Industrials,ARC
2011Q3,2011,Q3,2011-11-07,2011-09-30,-41757000.0,104792000.0,-36372000.0,-0.92,33924000.0,0.32372700206122607,464439000.0,132742000.0,121988000.0,84321000.0,325418000.0,10880000.0,35720000.0,152597760.0,365245760.0,2.922802536550995,1.4467095978463254,0.513742385975338,1.7974868541983697,-0.09263279480232793,2.922802536550995,-0.3145726296123307,1.4561966562333002,-0.9136058624901213,1.1495815943710355,0.0,6.513602941176471,0.0,0.225631353094809,1.0307040950652862,-0.08990847021890927,11.47265318397113,0.32372700206122607,0.5080213903743316,-3.6593746306994914,-0.30854232060918807,-0.21381944720199833,-0.049614791987673344,0.5065934065934066,-0.897834594312549,-3.764390004047936,-0.4000281677579655,-0.5669215562682273,Specialty Business Services,Industrials,ARC
2011Q2,2011,Q2,2011-08-09,2011-06-30,-84630000.0,109590000.0,-19165000.0,-1.87,35695000.0,0.32571402500228125,508993000.0,173700000.0,119300000.0,83069000.0,329141000.0,11350000.0,77477000.0,320695200.0,544441200.0,3.8293650793650795,1.4361554851990515,0.48262549779662983,1.414237190558434,-0.14435216221533279,3.8293650793650795,-0.48721934369602765,2.926318094716671,-0.9473449131513648,1.846259067357513,0.0,6.51057268722467,0.0,0.21530747967064381,0.9985915323405843,-0.16626947718337973,84.43791469194313,0.32571402500228125,-22.375,-11.106095679012345,-0.2744010512162327,0.20080021441151694,0.06916072605283652,-22.23085369201208,-24.660493827160494,-5.481726435430138,-0.4067785818732275,-0.40256641029836904,Specialty Business Services,Industrials,ARC
2011Q1,2011,Q1,2011-05-09,2011-03-31,-3643000.0,106504000.0,810000.0,-0.08,33386000.0,0.31347179448659207,569594000.0,255618000.0,123330000.0,90147000.0,307807000.0,11824000.0,169816000.0,469083652.2,694252652.2,5.640030914724766,1.368098772005724,0.43511869858179686,0.9695756949823565,0.0008080560285364482,5.640030914724766,-0.014251735010836483,4.404375912641779,-32.19075296458962,1.8350963242025211,0.0,6.183863328822733,0.0,0.18698230669564636,0.9258544377516723,-0.006395783663451511,1035.5047509933775,0.31347179448659207,0.23729621508246732,-1.2523045984334136,-0.24561724676225125,0.9670478190243781,0.07668988648090816,0.23369793857803955,-0.31239388794567063,-1.1972574196027606,-0.4306986190656579,-0.03520194601166412,Specialty Business Services,Industrials,ARC
2010Q4,2010,Q4,2011-03-09,2010-12-31,-4754000.0,104969000.0,1178000.0,-0.10489,31008000.0,0.29540149949032574,569085000.0,256506000.0,107702000.0,85315000.0,306403000.0,10689000.0,173459000.0,343994678.28,557325678.28,5.65962400852988,1.262404032116275,0.4210689088624722,0.9341847754048638,0.0014046723854205451,5.65962400852988,-0.018533679524065715,3.277107320065924,-18.089749594026085,1.341078486585109,0.0,6.919356347647114,0.0,0.18445223472767688,0.9249487194514446,-0.008353760861734187,26.5059853814147,0.29540149949032574,0.8126964285714287,-2.587390685025454,-0.15678075264638366,1.261856778056836,-0.11451253640984636,0.8109290486796055,1.036444636945828,-1.2870443205003954,-0.3920490509244124,0.02759164556939013,Specialty Business Services,Industrials,ARC
2010Q3,2010,Q3,2010-11-05,2010-09-30,-25144000.0,109421000.0,-32323000.0,-0.56,35018000.0,0.3200299759643944,581592000.0,258022000.0,117943000.0,124552000.0,317421000.0,11034000.0,178213000.0,355011296.65,573502296.65,5.705375347525578,0.9469378251653928,0.4268387460625318,0.962111757912116,-0.04249690592993099,5.705375347525578,-0.09744905473176706,3.2444530451193097,-3.529781425489182,1.3758954532946803,0.0,6.743066884176183,0.0,0.18814048336290734,0.7080335923951442,-0.04323305685085077,48.346901355032,0.3200299759643944,-15.000000000000002,-3.38278614788412,-0.14605383503331507,1.392748281814082,-0.11245722975541757,-15.975580702799284,-4.702944208958644,-2.605008782631379,-0.3697179412376993,0.07990403485123324,Specialty Business Services,Industrials,ARC
2010Q2,2010,Q2,2010-08-06,2010-06-30,1679000.0,115088000.0,8729000.0,0.04,39455000.0,0.3428246211594606,617047000.0,281379000.0,119513000.0,124570000.0,329605000.0,11840000.0,203357000.0,394563856.14000005,617619856.1400001,6.22570626217826,0.9594043509673276,0.41606068905610105,0.9123957367109841,0.009342678835225155,6.22570626217826,0.005967040895020595,3.428366607639372,58.74982968135796,1.4022505451366307,0.0,6.3879222972972975,0.0,0.18651415532366253,0.7469615477241711,0.0027210244924616763,23.601139857638476,0.3428246211594606,1.0,-0.8536849061737302,-0.08970178967819831,2.012222103144438,0.07066293994735556,1.3417015341701535,0.23221343873517786,-0.9130030044139654,-0.3426329733574172,0.2689161520159066,Specialty Business Services,Industrials,ARC
2010Q1,2010,Q1,2010-05-07,2010-03-31,717000.0,112161000.0,7084000.0,0.02,36851000.0,0.3285544886368702,615762000.0,278023000.0,110920000.0,115564000.0,331730000.0,10398000.0,201678000.0,404999832.51000005,642774832.51,6.157697139142454,0.9598144750960507,0.4286688688161985,0.9494106602691145,0.00747944579998984,6.157697139142454,0.002578923326487377,3.6108792941396746,141.21333072175733,1.456713410437266,0.0,7.242738988266974,0.0,0.18214992156060297,0.7380412585234156,0.0011644109250002436,49.084939099503096,0.3285544886368702,2.5772870662460567,-0.9813095060032764,-0.10655552044907853,2.161856741790059,0.025804476116245405,2.2469565217391305,0.0821875954781546,-0.9567074715141237,-0.28979710482126286,0.387906146519313,Specialty Business Services,Industrials,ARC
2009Q4,2009,Q4,2010-02-26,2009-12-31,-575000.0,111662000.0,6546000.0,-0.01268,35924000.0,0.3217209077394279,620954000.0,276007000.0,106480000.0,110219000.0,338930000.0,10605000.0,200961000.0,316504885.83,561358885.8299999,6.113046454010249,0.9660766292562988,0.4416285264286888,0.9935653805881735,0.006667135645916228,6.113046454010249,-0.0020832804965091466,2.834490568232702,-137.61081992608695,1.1467277490425967,0.0,7.141725601131542,0.0,0.17982330414169165,0.7557317703844165,-0.0009259945181124528,15.509623454206888,0.3217209077394279,0.9795483870967742,-1.192725882171995,-0.09960639635622277,1.4430661004583214,-0.12659551190099924,0.9795838659281352,1.2412026972253951,-1.0455681033356832,-0.22946717421160967,0.5199648620720378,Specialty Business Services,Industrials,ARC
2009Q3,2009,Q3,2009-11-09,2009-09-30,-28164000.0,119350000.0,-27139000.0,-0.62,41131000.0,0.34462505236698787,666500000.0,274500000.0,150400000.0,137000000.0,392000000.0,11700000.0,201500000.0,429718005.91999996,688118005.92,6.08129043698137,1.0978102189781023,0.35783945986496624,0.8688524590163934,-0.044485719791069606,6.08129043698137,-0.10260109289617486,3.6004860152492664,-3.814426270416134,1.5654572164663023,0.0,6.685384615384615,0.0,0.17906976744186046,0.897080291970803,-0.042256564141035256,24.363193441433268,0.34462505236698787,-5.428571428571428,-3.674058764514337,-0.06679265361140906,1.550401394819773,-0.16323873461499339,-5.465514507689869,-2.6750401185038886,-2.804707592337841,-0.20764066949803675,0.6357561681580262,Specialty Business Services,Industrials,ARC
2009Q2,2009,Q2,2009-08-07,2009-06-30,6307000.0,131054000.0,16202000.0,0.14,49155000.0,0.3750743968135272,707900000.0,300500000.0,149800000.0,132900000.0,407500000.0,10200000.0,229700000.0,375368098.56,647968098.56,6.660555357770678,1.127163280662152,0.36445825681593447,0.8585690515806988,0.0175888235259698,6.660555357770678,0.020988352745424294,2.8642246597585728,14.879027214206438,1.2491450867221299,0.0,8.029313725490196,0.0,0.18513066817347082,0.9488337095560572,0.008909450487356972,11.887389510086456,0.3750743968135272,-0.1764705882352941,-0.4494075060275158,0.03841977122502305,2.22261784012827,-0.05432963312106812,-0.16430369683317875,-0.10138657792567943,-0.2427820377995346,-0.12760129828709763,1.0885959254208535,Specialty Business Services,Industrials,ARC
2009Q1,2009,Q1,2009-05-08,2009-03-31,7547000.0,139483000.0,18030000.0,0.17,51979000.0,0.3726547321178925,720400000.0,290600000.0,153800000.0,128500000.0,429800000.0,10400000.0,223400000.0,159617870.76,459717870.76,6.444917446285073,1.196887159533074,0.3926985008328706,0.9735030970406057,0.019270264667461602,6.444917446285073,0.025970406056434962,1.1443535825871252,5.287460936796078,0.5492700301445286,0.0,8.413846153846153,0.0,0.1936188228761799,1.0038910505836576,0.01047612437534703,7.864111482485096,0.3726547321178925,1.48833735493508,-0.803002768060072,0.11257968579767123,2.309338737737066,-0.08001769911504425,1.4807006369426752,1.9745945945945946,-0.4746218081092931,-0.0069324098446353205,1.2477644179944853,Specialty Business Services,Industrials,ARC
2008Q4,2008,Q4,2009-02-27,2008-12-31,-15700000.0,154000000.0,-18500000.0,-0.34812,56500000.0,0.36688311688311687,725900000.0,281800000.0,152700000.0,122900000.0,444200000.0,11100000.0,215800000.0,311190000.0,625690000.0,6.248337028824833,1.242473555736371,0.41575974652155945,1.07097232079489,-0.020350485280802848,6.248337028824833,-0.05571327182398864,2.020714285714286,-4.9552547770700635,1.104293825408091,0.0,8.783783783783784,0.0,0.21215043394406943,1.0065093572009765,-0.021628323460531753,10.58469387755102,0.36688311688311687,-2.0466626578472638,-6.268144863266815,0.24317875095350783,1.497134692857812,-0.19285714285714287,-2.0397350993377485,-1.6560283687943262,-6.268144863266815,0.24317875095350783,1.497134692857812,Specialty Business Services,Industrials,ARC
2008Q3,2008,Q3,2008-11-07,2008-09-30,15100000.0,174600000.0,28200000.0,0.3326,70000000.0,0.4009163802978236,751200000.0,306400000.0,168100000.0,127400000.0,444900000.0,12400000.0,231500000.0,783150000.0,1112550000.0,6.748898678414097,1.3194662480376766,0.40907880724174656,1.0029373368146215,0.03139624132828323,6.748898678414097,0.04928198433420366,4.4853951890034365,12.966059602649008,2.555972584856397,0.0,8.435483870967742,0.0,0.23242811501597443,1.0345368916797488,0.020101171458998934,24.70504731861199,0.4009163802978236,-0.20105693009848666,0.4254247954688482,0.35734646281420046,1.8303862118232466,-0.11392405063291139,-0.20105820105820105,-0.23369565217391305,0.4254247954688482,0.35734646281420046,1.8303862118232466,Specialty Business Services,Industrials,ARC
2008Q2,2008,Q2,2008-08-08,2008-06-30,18900000.0,184900000.0,36800000.0,0.4163,79000000.0,0.4272579772850189,731900000.0,291000000.0,160600000.0,127100000.0,440900000.0,11000000.0,216500000.0,755909999.9999999,1102210000.0,6.409691629955947,1.2635719905586154,0.4242382839185681,1.0670103092783505,0.03816202069084714,6.409691629955947,0.06494845360824743,4.088209843158463,9.998809523809523,2.597628865979381,0.0,9.627272727272727,0.0,0.2526301407296079,0.9331235247836349,0.02582319989069545,19.283418367346936,0.4272579772850189,0.02162016245797439,0.6396359842337122,0.4559208311119839,2.101240885614461,-0.007537688442211055,0.021621621621621623,-0.0027100271002710027,0.6396359842337122,0.4559208311119839,2.101240885614461,Specialty Business Services,Industrials,ARC
2008Q1,2008,Q1,2008-05-09,2008-03-31,18500000.0,187400000.0,36900000.0,0.40749,79600000.0,0.4247598719316969,728300000.0,265400000.0,151000000.0,135900000.0,462900000.0,11100000.0,197600000.0,673736000.0,1035936000.0,5.845814977973569,1.1111111111111112,0.4351228889194013,1.1940467219291635,0.039077794951056156,5.845814977973569,0.06970610399397137,3.5951760939167556,9.10454054054054,2.5385681989449886,0.0,9.711711711711711,0.0,0.25731154743924206,0.9102281089036056,0.025401620211451325,37.42977777777778,0.4247598719316969,0.11509728265331266,-0.5203991981388902,0.4845739350740202,2.00171136736633,0.1101813110181311,0.10778443113772455,0.11818181818181818,-0.5203991981388902,0.4845739350740202,2.00171136736633,Specialty Business Services,Industrials,ARC
2007Q4,2007,Q4,2008-02-27,2007-12-31,16700000.0,174100000.0,33000000.0,0.36543,71700000.0,0.4118322802986789,722600000.0,251700000.0,150900000.0,146200000.0,471000000.0,11200000.0,179100000.0,753136000.0,1118636000.0,5.50765864332604,1.0321477428180574,0.44422917243288124,1.2753277711561382,0.035459564008542534,5.50765864332604,0.06634882796980532,4.325881677197013,11.274491017964072,2.992197059992054,0.0,9.142857142857142,0.0,0.24093551065596458,0.8392612859097127,0.023110988098533077,25.88096219931271,0.4118322802986789,0.0549060361998787,4.530123997082421,0.3869856583590552,1.2011241409067097,-0.013755158184319119,0.050314465408805034,-0.0030211480362537764,4.530123997082421,0.3869856583590552,1.2011241409067097,Specialty Business Services,Industrials,ARC
2007Q3,2007,Q3,2007-11-08,2007-09-30,15900000.0,176200000.0,33100000.0,0.34641,72700000.0,0.4125993189557321,681400000.0,242500000.0,161700000.0,192300000.0,438900000.0,10600000.0,162400000.0,844559999.9999999,1176260000.0,5.283224400871459,0.8408736349453978,0.3585265629586146,1.0074226804123712,0.041523706774887564,5.283224400871459,0.06556701030927835,4.7931895573212255,13.279245283018867,3.482721649484536,0.0,9.764150943396226,0.0,0.25858526562958617,0.6443057722308893,0.02333431171118286,35.48571428571429,0.4125993189557321,-0.18877335956161306,0.48459383753501395,0.3548635140330641,1.2157045483617488,-0.02807486631016043,-0.18877551020408162,-0.1266490765171504,0.48459383753501395,0.3548635140330641,1.2157045483617488,Specialty Business Services,Industrials,ARC
2007Q2,2007,Q2,2007-08-09,2007-06-30,19600000.0,177800000.0,37900000.0,0.42702,74800000.0,0.42069741282339707,670100000.0,225200000.0,158900000.0,133600000.0,444800000.0,10400000.0,146400000.0,542538000.0,875238000.0,4.906318082788671,1.18937125748503,0.46082674227727205,1.3712255772646536,0.04458609430519543,4.906318082788671,0.08703374777975133,3.051394825646794,6.920127551020408,2.409138543516874,0.0,9.903846153846153,0.0,0.2653335323086107,0.8899700598802395,0.029249365766303537,17.557864077669905,0.42069741282339707,0.16414492516561702,0.6818407674960825,0.38476402592176284,1.3738543310044322,0.10324483775811209,0.16666666666666666,0.1918238993710692,0.6818407674960825,0.38476402592176284,1.3738543310044322,Specialty Business Services,Industrials,ARC
2007Q1,2007,Q1,2007-05-10,2007-03-31,16800000.0,160200000.0,31800000.0,0.36681,67800000.0,0.4232209737827715,576600000.0,203200000.0,142800000.0,118600000.0,373300000.0,9000000.0,126800000.0,555554000.0,836454000.0,4.436681222707423,1.2040472175379426,0.4375650364203954,1.2416338582677164,0.04409266855393148,4.436681222707423,0.08267716535433071,3.467877652933833,8.267172619047619,2.7340255905511817,0.0,10.266666666666667,0.0,0.2778355879292404,0.903035413153457,0.029136316337148804,59.736989247311826,0.4232209737827715,0.3124731644482611,-0.5682743731907168,0.2580130067282644,1.278148814110797,0.10784313725490197,0.3125,0.19101123595505617,-0.5682743731907168,0.2580130067282644,1.278148814110797,Specialty Business Services,Industrials,ARC
