Quarters,Year,Quarter,FillingDate,Date,NetIncome,Revenue,OperatingIncome,EPSDiluted,GrossProfit,GrossProfitRatio,TotalAssets,CommonStockEquity,CurrentAssets,CurrentLiability,TotalLiability,Inventory,RetainedEarnings,MarketCap,EnterpriseValue,bookValuePerShare,currentRatio,debtToAssets,debtToEquity,roic,shareholdersEquityPerShare,roe,priceToSalesRatio,peRatio,pbRatio,payoutRatio,inventoryTurnover,dividendYield,assetTurnover,quickRatio,returnOnAssets,priceToFreeCashFlowsRatio,grossProfitMargin,epsdilutedGrowth,fiveYNetIncomeGrowthPerShare,fiveYRevenueGrowthPerShare,fiveYShareholdersEquityGrowthPerShare,grossProfitGrowth,netIncomeGrowth,operatingIncomeGrowth,threeYNetIncomeGrowthPerShare,threeYRevenueGrowthPerShare,threeYShareholdersEquityGrowthPerShare,Industry,Sector,Symbol
2023Q1,2023,Q1,2023-04-25,2023-03-25,1932000000.0,17846000000.0,2629000000.0,1.4,9858000000.0,0.552392693,93042000000.0,17042000000.0,22427000000.0,25837000000.0,75867000000.0,5697000000.0,68142000000.0,246786020000.0,283783020000.0,12.367198838896952,0.8680187328250184,0.44890479568366976,2.45082736767985,0.03490146885557841,12.367198838896952,0.11336697570707663,13.82864619522582,31.934008799171842,14.481047999061143,0.8322981366459627,1.4021414779708619,0.006515766168602257,0.19180585112099913,0.6066106746139258,0.020764815889598245,-253.63414182939363,0.5523926930404572,2.7837837837837833,0.4813725310079572,0.46290214758311116,0.6125199993011831,-0.3236827661909989,2.72972972972973,1.0815518606492478,0.4565204657429042,0.2968379682620541,0.276673329823005,Beverages—Non-Alcoholic,Consumer Defensive,PEP
2022Q4,2022,Q4,2023-02-09,2022-12-31,518000000.0,27996000000.0,1263000000.0,0.37,14576000000.0,0.5206458065,92187000000.0,17149000000.0,21539000000.0,26785000000.0,74914000000.0,5222000000.0,67800000000.0,248768820000.0,282885820000.0,12.453885257806826,0.8041441105096135,0.4238233156518815,2.278325266779404,0.02355052423141758,12.453885257806826,0.030205842906291913,8.885870124303471,120.06217181467181,14.506316403288821,3.0617760617760617,2.5698965913443126,0.006375397045337112,0.30368707084513,0.5790927758073549,0.005619013526853027,134.1795145631068,0.520645806543792,-0.8102564102564103,-0.7040577593507907,0.4785537053885139,0.6240717298269532,0.24976421160936293,-0.8082901554404145,-0.6233223978526693,-0.7036995914929876,0.37018586073533627,0.17160519367031626,Beverages—Non-Alcoholic,Consumer Defensive,PEP
2022Q3,2022,Q3,2022-10-12,2022-09-03,2702000000.0,21971000000.0,3353000000.0,1.95,11663000000.0,0.5308361021,94461000000.0,18977000000.0,23543000000.0,25653000000.0,75326000000.0,5019000000.0,68872000000.0,235510800000.0,268340800000.0,13.751449275362319,0.9177484114918333,0.41546246599125564,2.0680297201875955,0.04903873929463525,13.751449275362319,0.14238288454444853,10.719166173592463,21.79041450777202,12.41032829214312,0.5880829015544041,2.0537955768081293,0.006747036653945382,0.23259334540180604,0.6814407671617355,0.02860439758207091,69.92600950118765,0.5308361021346321,0.8932038834951456,0.30135666774821535,0.3970102002570143,0.473923671860948,0.07890841813135985,0.8908327501749476,-0.019877228880444315,0.3025169082125603,0.29402241368261633,0.35966980236967644,Beverages—Non-Alcoholic,Consumer Defensive,PEP
2022Q2,2022,Q2,2022-07-12,2022-06-11,1429000000.0,20225000000.0,3421000000.0,1.03,10810000000.0,0.534487021,93103000000.0,18553000000.0,22633000000.0,27223000000.0,74429000000.0,5287000000.0,67763000000.0,224602640000.0,258476640000.0,13.424746743849493,0.8313925724571135,0.42188758686615896,2.117123915269768,0.046512686688584604,13.424746743849493,0.07702258394868754,11.105198516687269,39.29367389783066,12.106001185792056,1.0440867739678097,1.7807830527709476,0.006642842666497597,0.21723252741587273,0.5947177019432098,0.015348592419148684,208.35124304267163,0.534487021013597,-0.6644951140065147,-0.29854422830350186,0.33024767838933045,0.5455126048224023,0.23303296452606365,-0.6655745377954598,0.6455026455026455,-0.2891507874141738,0.24468283715864647,0.3461310704304358,Beverages—Non-Alcoholic,Consumer Defensive,PEP
2022Q1,2022,Q1,2022-04-26,2022-03-19,4273000000.0,16200000000.0,2079000000.0,3.07,8767000000.0,0.5411728395,92962000000.0,18202000000.0,22342000000.0,25824000000.0,74642000000.0,4762000000.0,67934000000.0,225138570000.0,258626570000.0,13.161243673174258,0.8651641883519207,0.43081043867386676,2.2002527194813757,0.02954950007203291,13.161243673174258,0.23475442259092408,13.897442592592592,13.172160659957875,12.368891880013186,0.35221156096419376,1.5608987820243596,0.006684771960664048,0.17426475334007444,0.6322800495662949,0.04596501796432951,-323.4749568965517,0.5411728395061728,2.1979166666666665,2.3475225395738626,0.3882575290449033,0.624535911945098,-0.3316816587894496,2.186428038777032,-0.1885245901639344,2.074353987019613,0.2782842530815601,0.30296497707949643,Beverages—Non-Alcoholic,Consumer Defensive,PEP
2021Q4,2021,Q4,2022-02-10,2021-12-25,1341000000.0,25248000000.0,2562000000.0,0.96,13118000000.0,0.5195659062,92377000000.0,16043000000.0,21783000000.0,26220000000.0,76226000000.0,4347000000.0,65165000000.0,234805740000.0,269989740000.0,11.600144613159797,0.8307780320366133,0.4414518765493575,2.541918593779218,0.03777789936775022,11.600144613159797,0.08358785763261235,9.299973859315589,43.77437360178971,14.636024434332732,1.1088739746457867,2.7904301817345294,0.0063328945876706426,0.27331478614806715,0.5594202898550724,0.014516600452493585,89.17802506646412,0.5195659062103929,-0.4000000000000001,-0.01168208019991915,0.33587078853076463,0.49301545809753855,0.21519221861973137,-0.3970323741007194,-0.1889838556505223,-0.8005281524096953,0.3184240454264866,0.12661550520425074,Beverages—Non-Alcoholic,Consumer Defensive,PEP
2021Q3,2021,Q3,2021-10-05,2021-09-04,2224000000.0,20189000000.0,3159000000.0,1.6,10795000000.0,0.5346971123,93254000000.0,15872000000.0,23710000000.0,25077000000.0,77264000000.0,4364000000.0,65336000000.0,217098380000.0,251849380000.0,11.48480463096961,0.9454878972763887,0.4424153387522251,2.5993573588709675,0.04073192921697305,11.48480463096961,0.14012096774193547,10.753300312051117,24.404044514388488,13.678073336693549,0.6681654676258992,2.1526122823098075,0.00684482307053604,0.21649473481030304,0.6537863380787176,0.023848842945074743,65.33204333433645,0.5346971122888702,-0.05882352941176463,0.16170615893385412,0.31073052646235455,0.310518097074615,0.04430685885653478,-0.056827820186598814,0.009587727708533078,-0.08907270534227674,0.25304660158974496,0.5787977589141577,Beverages—Non-Alcoholic,Consumer Defensive,PEP
2021Q2,2021,Q2,2021-07-13,2021-06-12,2358000000.0,19217000000.0,3129000000.0,1.7,10337000000.0,0.5379091429,92385000000.0,15299000000.0,21597000000.0,23623000000.0,76987000000.0,5006000000.0,64605000000.0,204107580000.0,240956580000.0,11.070188133140377,0.9142361258095923,0.4578448882394328,2.7647558663964964,0.04275403776594342,11.070188133140377,0.15412772076606315,10.621198938439923,21.63990458015267,13.341236682136087,0.5992366412213741,1.7738713543747504,0.006922819818842593,0.20800995832656816,0.6560978707192143,0.02552362396492937,91.73374382022472,0.5379091429463496,0.3709677419354838,0.22796987271329644,0.3033593894309475,0.304235914118351,0.2684992023561173,0.3757292882147025,0.35337370242214533,0.32841637378540417,0.22459181755303695,0.5514248427118894,Beverages—Non-Alcoholic,Consumer Defensive,PEP
2021Q1,2021,Q1,2021-04-15,2021-03-20,1714000000.0,14820000000.0,2312000000.0,1.24,8149000000.0,0.5498650472,91224000000.0,13947000000.0,21196000000.0,22693000000.0,77171000000.0,4556000000.0,63740000000.0,185610000000.0,223614000000.0,10.106521739130434,0.934032521041731,0.47865693238621415,3.1307808130780814,0.03180538195399213,10.106521739130434,0.12289381228938123,12.524291497975709,27.072637106184363,13.308238330823833,0.8337222870478413,1.4642230026338894,0.007698938634771833,0.1624572480926072,0.6834706737760543,0.018788915197754975,-155.9747899159664,0.5498650472334683,-0.06766917293233088,0.9290804651380001,0.30912009852433436,0.31527589188935357,-0.3225538282483997,-0.07100271002710028,-0.1818825194621373,0.3123150636148791,0.21308916469961178,0.31775745178958803,Beverages—Non-Alcoholic,Consumer Defensive,PEP
2020Q4,2020,Q4,2021-02-11,2020-12-26,1845000000.0,22455000000.0,2826000000.0,1.33,12029000000.0,0.5356936094,92918000000.0,13454000000.0,23001000000.0,23372000000.0,79366000000.0,4172000000.0,63443000000.0,200182800000.0,236607800000.0,9.74927536231884,0.9841263049803183,0.48010073398049896,3.315742530102572,0.038085351057308044,9.74927536231884,0.13713393786234576,8.914843019372077,27.125040650406504,14.879054556265794,0.7669376693766937,2.4990412272291467,0.007068539355029502,0.2416646936008093,0.7682269382166695,0.019856217309886137,86.13717728055077,0.5356936094411044,-0.19393939393939386,0.12684111960317848,0.2677685370389865,0.18400995761449976,0.21077000503271262,-0.19467481449148843,-0.061441381600797075,0.05178851017704442,0.18333860315565859,0.27137211998280414,Beverages—Non-Alcoholic,Consumer Defensive,PEP
2020Q3,2020,Q3,2020-10-01,2020-09-05,2291000000.0,18091000000.0,3011000000.0,1.65,9935000000.0,0.5491680946,92041000000.0,13483000000.0,24060000000.0,26009000000.0,78446000000.0,4135000000.0,63013000000.0,191905080000.0,227382080000.0,9.749096167751265,0.9250644007843439,0.48425158353342534,3.3057183119483793,0.042235693240847576,9.749096167751265,0.16991767410813619,10.607765187109612,20.94119161938018,14.233114292071496,0.618507202095155,1.9724304715840386,0.007383858728492232,0.19655370975978095,0.7305163597216349,0.02489108114861855,50.835782781456956,0.5491680946326903,0.3983050847457627,3.559380252571089,0.17505373847510114,0.0624711446468394,0.12171164051033082,0.39185905224787365,0.29840448469167746,0.10101438307378502,0.1478079619161599,0.04493885212828526,Beverages—Non-Alcoholic,Consumer Defensive,PEP
2020Q2,2020,Q2,2020-07-13,2020-06-13,1646000000.0,15945000000.0,2319000000.0,1.18,8857000000.0,0.5554719348,89525000000.0,12491000000.0,23189000000.0,23827000000.0,76938000000.0,4314000000.0,62145000000.0,178923000000.0,214974000000.0,9.005767844268204,0.9732236538380828,0.5024071488411058,3.6008325994716195,0.03085974668582754,9.005767844268204,0.13177487791209672,11.221260583254939,27.175425273390037,14.324153390441118,0.8068043742405833,1.6430227167362077,0.007422187197844882,0.17810667411337616,0.7513744911235153,0.018385925719072885,118.72793629727936,0.5554719347757918,0.22916666666666666,-0.115343776627122,0.06563757332342146,-0.1861062124577596,0.1419546157813306,0.23019431988041852,0.2053014553014553,-0.19493772337980605,0.044961006931234324,0.0367813996787324,Beverages—Non-Alcoholic,Consumer Defensive,PEP
2020Q1,2020,Q1,2020-04-28,2020-03-21,1338000000.0,13881000000.0,1924000000.0,0.96,7756000000.0,0.5587493696,85062000000.0,13465000000.0,24268000000.0,22078000000.0,71503000000.0,3600000000.0,61920000000.0,144462700000.0,174616700000.0,9.68705035971223,1.0991937675514087,0.48485810350097575,3.062978091347939,0.02776895706046323,9.68705035971223,0.0993687337541775,10.407225704199986,26.99228325859492,10.728756034162643,1.008221225710015,1.7013888888888888,0.009338050583299356,0.1631868519432884,0.8933780233716823,0.01572970304013543,-117.16358475263584,0.5587493696419567,-0.23809523809523814,0.16598730843335155,0.20895338080031187,-0.0971612904395747,-0.3141745512423733,-0.24235560588901472,-0.287143386439422,0.04292747895765323,0.18354059055021738,0.19570472069055794,Beverages—Non-Alcoholic,Consumer Defensive,PEP
2019Q4,2019,Q4,2020-02-13,2019-12-28,1766000000.0,20640000000.0,2699000000.0,1.26,11309000000.0,0.5479166667,78547000000.0,14786000000.0,17645000000.0,20461000000.0,63679000000.0,3338000000.0,61946000000.0,191318140000.0,218319140000.0,10.629762760603882,0.8623723180685205,0.41389231924834813,2.198701474367645,0.04606496639871861,10.629762760603882,0.11943730555931287,9.269289728682171,27.083541902604754,12.939141079399432,0.7548131370328426,2.7953864589574597,0.0069674522238194455,0.2627726074834176,0.6627242070280045,0.022483353915490088,82.71428447903156,0.5479166666666667,-0.15436241610738255,0.4409994291514427,0.10684328499245417,-0.09295291961356944,0.18992003367003368,-0.15904761904761905,-0.05464098073555167,0.29405770038962636,0.08578094271342458,0.36812088527646175,Beverages—Non-Alcoholic,Consumer Defensive,PEP
2019Q3,2019,Q3,2019-10-03,2019-09-07,2100000000.0,17188000000.0,2855000000.0,1.49,9504000000.0,0.5529439144,77444000000.0,14129000000.0,19198000000.0,20131000000.0,63220000000.0,3667000000.0,61514000000.0,191905890000.0,218965890000.0,10.113815318539729,0.9536535691222493,0.4203553535457879,2.3040554887111613,0.04834830316481241,10.113815318539729,0.14863047632528842,11.165108796835002,22.845939285714287,13.582411352537335,0.6361904761904762,2.095445868557404,0.0069617456764875735,0.22194101544341718,0.7210769460036759,0.02711636795620061,66.56465140478669,0.552943914358855,0.03472222222222225,0.12816450732503062,0.07686060092761386,-0.33936458389149277,0.03902918989832732,0.03194103194103194,0.04617075851960425,0.08515666100335494,0.10391488164724186,0.15407605364705043,Beverages—Non-Alcoholic,Consumer Defensive,PEP
2019Q2,2019,Q2,2019-07-09,2019-06-15,2035000000.0,16449000000.0,2729000000.0,1.44,9147000000.0,0.5560824366,75084000000.0,13952000000.0,17212000000.0,19928000000.0,61047000000.0,3988000000.0,60752000000.0,185689270000.0,213581270000.0,9.972837741243746,0.8637093536732237,0.4153348249960045,2.2351634174311927,0.048118639872296684,9.972837741243746,0.1458572247706422,11.288787768253389,22.811949631449632,13.309150659403668,0.6402948402948403,1.8309929789368105,0.0070170990493958,0.2190746364072239,0.6064833400240867,0.027102977997975602,184.21554563492063,0.5560824366222871,0.43999999999999995,0.11412275560110467,0.05439157990795393,-0.3562758647699597,0.26724854530340814,0.44019815994338285,0.35906374501992033,0.04688421904495369,0.10206808045741393,0.17495140925985664,Beverages—Non-Alcoholic,Consumer Defensive,PEP
2019Q1,2019,Q1,2019-04-17,2019-03-23,1413000000.0,12884000000.0,2008000000.0,1.0,7218000000.0,0.5602297423,75466000000.0,14202000000.0,17917000000.0,19090000000.0,61170000000.0,3554000000.0,60060000000.0,169732320000.0,196409320000.0,10.10099573257468,0.9385542168674699,0.4207060133040045,2.2355302070130967,0.032586895350819885,10.10099573257468,0.09949302915082382,13.173883886991618,30.030488322717623,11.951297000422477,0.9426751592356688,1.594259988745076,0.007847650936486344,0.17072588980468026,0.679151388161341,0.018723663636604562,-215.6700381194409,0.5602297423160509,-0.7929606625258799,0.2553968658755708,0.10270815685743317,-0.326245443385547,-0.3184779529789444,-0.793843011380216,-0.21439749608763695,0.5609013388989643,0.11705811713798304,0.31455673020457076,Beverages—Non-Alcoholic,Consumer Defensive,PEP
2018Q4,2018,Q4,2019-02-15,2018-12-29,6854000000.0,19524000000.0,2556000000.0,4.83,10591000000.0,0.5424605614,77648000000.0,14518000000.0,21893000000.0,22138000000.0,63046000000.0,3128000000.0,59947000000.0,155607600000.0,179207600000.0,10.29645390070922,0.9889330562833137,0.4162502575726355,2.2262708362033337,0.16878599974082423,10.29645390070922,0.47210359553657527,7.970067609096497,5.675795156113218,10.718253202920511,0.1909833673767143,2.8558184143222505,0.008412185523072137,0.25144240675870594,0.7288372933417653,0.08827014218009478,52.23484390735146,0.542460561360377,1.76,3.2666235109232886,0.05237947175494369,-0.3515681035386796,0.1822951551685644,1.743795036028823,-0.10126582278481013,3.097041752326224,0.07883662757085041,0.2504625721904681,Beverages—Non-Alcoholic,Consumer Defensive,PEP
2018Q3,2018,Q3,2018-10-02,2018-09-08,2498000000.0,16485000000.0,2844000000.0,1.75,8958000000.0,0.5434030937,73632000000.0,10286000000.0,25842000000.0,19704000000.0,63243000000.0,3142000000.0,54404000000.0,159414360000.0,182540360000.0,7.274398868458275,1.311510353227771,0.47692579313342026,3.4140579428349214,0.06003778251166411,7.274398868458275,0.24285436515652342,9.670267515923566,15.954199359487589,15.498187828115885,0.5268214571657326,2.395607893061744,0.008255216154931088,0.2238836375488918,1.1100791717417784,0.03392546718817905,52.926414342629485,0.543403093721565,-0.043715846994535554,0.419390591138869,0.059730625614456946,-0.4983060638598058,0.014840829273818964,0.37252747252747254,-0.0607661822985469,3.862346781448448,0.04726569344216287,-0.2072250843155569,Beverages—Non-Alcoholic,Consumer Defensive,PEP
2018Q2,2018,Q2,2018-07-10,2018-06-16,1820000000.0,16090000000.0,3028000000.0,1.83,8827000000.0,0.5486016159,78731000000.0,10111000000.0,30370000000.0,24558000000.0,68510000000.0,3491000000.0,53223000000.0,152483370000.0,179218370000.0,7.135497529992943,1.2366642234709666,0.5155910632406548,4.014736425675007,0.05368546044112686,7.135497529992943,0.18000197804371476,9.476903045369795,20.945517857142857,15.080938581742656,0.6291208791208791,2.080492695502721,0.007509015573304813,0.20436676785510155,1.0574965388060917,0.023116688470869163,84.57202995008319,0.5486016159105034,0.9468085106382981,-0.010817472271669187,0.04584409854767385,-0.5125226101580355,0.2779788620240336,0.35517498138495907,0.6757055893746541,-0.04253544620517098,0.0525619256858529,-0.3551313767897634,Beverages—Non-Alcoholic,Consumer Defensive,PEP
2018Q1,2018,Q1,2018-04-26,2018-03-24,1343000000.0,12562000000.0,1807000000.0,0.94,6907000000.0,0.5498328292,81887000000.0,10883000000.0,33047000000.0,25885000000.0,70902000000.0,3335000000.0,52726000000.0,150626850000.0,180714850000.0,7.669485553206483,1.2766853389994206,0.5315984222159805,3.9999081135716255,0.02713586413947616,7.669485553206483,0.12340347330699256,11.990674255691768,28.039249813849594,13.840563263805937,0.8637379002233805,1.6956521739130435,0.007701150226536636,0.15340652362401846,1.0732470542785397,0.016400649675772712,-90.68443708609271,0.54983282916733,-0.2598425196850394,0.3602340331383058,0.08715061286583853,-0.4698512290410265,-0.3388532593088925,-0.2559556786703601,-0.2974339035769829,0.14642626481949944,0.07171668909696932,-0.28519950008240036,Beverages—Non-Alcoholic,Consumer Defensive,PEP
2017Q4,2017,Q4,2018-02-13,2017-12-30,1805000000.0,19526000000.0,2572000000.0,1.27,10447000000.0,0.5350302161,79804000000.0,10889000000.0,31027000000.0,20502000000.0,68823000000.0,2947000000.0,52839000000.0,170286400000.0,198957400000.0,7.668309859154929,1.5133645498000194,0.4922184351661571,3.6074019652860687,0.039697375555458075,7.668309859154929,0.1657636146569933,8.721007886920004,23.58537396121884,15.638387363394251,0.6360110803324099,3.0807600950118763,0.00674158359093856,0.24467445240840058,1.294215198517218,0.02261791388902812,69.87542059909725,0.5350302161220937,-0.14765100671140938,0.181589234382817,0.06400156980774085,-0.4689212154599798,0.17752479711451757,-0.15811567164179105,-0.14066154360173738,0.4427434170238823,0.025719264453776987,-0.3456563212282065,Beverages—Non-Alcoholic,Consumer Defensive,PEP
2017Q3,2017,Q3,2017-10-04,2017-09-09,2144000000.0,16240000000.0,2993000000.0,1.49,8872000000.0,0.5463054187,78463000000.0,13295000000.0,30197000000.0,22358000000.0,65052000000.0,3251000000.0,54698000000.0,163932000000.0,192858000000.0,9.329824561403509,1.3506127560604706,0.4992034462103157,2.946145167356149,0.04430723128492994,9.329824561403509,0.16126363294471605,10.094334975369458,19.115205223880597,12.330349755547198,0.5359141791044776,2.2663795755152263,0.007009003733255251,0.20697653671157107,1.1718847839699436,0.027324981201330565,50.83162790697674,0.5463054187192118,0.02054794520547947,0.23086095891674518,0.06491354497220718,-0.32285988070600957,0.025190663277097295,0.01852731591448931,0.001003344481605351,0.12917033619906343,-0.0025257125855642085,-0.3905749376258035,Beverages—Non-Alcoholic,Consumer Defensive,PEP
2017Q2,2017,Q2,2017-07-11,2017-06-17,2105000000.0,15710000000.0,2990000000.0,1.46,8654000000.0,0.5508593253,76943000000.0,12404000000.0,29248000000.0,22113000000.0,64413000000.0,3612000000.0,53706000000.0,166876080000.0,196078080000.0,8.686274509803921,1.3226608782164337,0.513159091795225,3.1831667204127703,0.04399707005783184,8.686274509803921,0.1697033215091906,10.622283895607893,19.81901187648456,13.453408577878104,0.5116389548693586,1.9534883720930232,0.006453890815268431,0.20417711812640527,1.1171256726812282,0.02735791430019625,88.81111229377328,0.5508593252705283,0.6043956043956042,0.5483885086292583,0.044792142157628674,-0.33633245056344874,0.28036691818316317,0.5971168437025797,0.5468184169684428,0.1290423651766067,-0.013429510551705034,-0.4393206134228222,Beverages—Non-Alcoholic,Consumer Defensive,PEP
2017Q1,2017,Q1,2017-04-26,2017-03-25,1318000000.0,12049000000.0,1933000000.0,0.91,6759000000.0,0.5609594157,74622000000.0,11569000000.0,27150000000.0,21644000000.0,62939000000.0,3282000000.0,52756000000.0,160107360000.0,189237360000.0,8.1015406162465,1.2543892071705784,0.5180509769236954,3.3415161206673005,0.029719310240861514,8.1015406162465,0.11392514478347307,13.288020582620964,30.36937784522003,13.839343072002766,0.8330804248861912,1.611822059719683,0.006857898350207011,0.16146712765672322,1.0551192016263167,0.017662351585323362,-310.28558139534886,0.5609594157191469,-0.06185567010309272,0.2841310437218366,0.06455379061827492,-0.43892868308491184,-0.3606092138870495,-0.05924339757316203,-0.1881562368752625,0.15295246388028905,0.015355179543099699,-0.45961269063898336,Beverages—Non-Alcoholic,Consumer Defensive,PEP
2016Q4,2016,Q4,2017-02-15,2016-12-31,1401000000.0,19515000000.0,2381000000.0,0.97,10571000000.0,0.5416858827,74129000000.0,11095000000.0,27089000000.0,21135000000.0,62930000000.0,2723000000.0,52518000000.0,149411640000.0,177198640000.0,7.769607843137255,1.2817127986751833,0.4983879453385315,3.3298783235691753,0.0383564056168376,7.769607843137255,0.12627309598918432,7.656245964642583,26.661605995717345,13.466574132492113,0.7730192719486081,3.284612559676827,0.007248431246722143,0.2632572947159681,1.0796782588123965,0.018899486031107932,63.987854389721626,0.5416858826543685,-0.2919708029197081,0.09272203581079068,0.06843749504961236,-0.4052408217998682,0.20908155095504977,-0.29668674698795183,-0.15597305919886564,-0.13886892299973952,0.038635182674322394,-0.5106993536736743,Beverages—Non-Alcoholic,Consumer Defensive,PEP
2016Q3,2016,Q3,2016-09-29,2016-09-03,1992000000.0,16027000000.0,2821000000.0,1.37,8743000000.0,0.5455169402,73897000000.0,12602000000.0,27099000000.0,20589000000.0,61179000000.0,3120000000.0,52200000000.0,155117060000.0,180467060000.0,8.76356050069541,1.3161882558647822,0.48183282135945976,2.8254245357879704,0.045034019249917026,8.76356050069541,0.15807014759561974,9.678483808573032,19.467502510040163,12.308923980320584,0.5441767068273092,2.3346153846153848,0.006988270664748287,0.21688295871280294,1.094030793141969,0.026956439368309944,51.24448629005616,0.5455169401634742,-0.007246376811594049,0.09296801112656455,0.0003041579539321558,-0.4134580960216585,0.02078225335668418,-0.006483790523690773,-0.04824561403508772,0.11298508775692558,0.013092952531389689,-0.39560295748143026,Beverages—Non-Alcoholic,Consumer Defensive,PEP
2016Q2,2016,Q2,2016-07-07,2016-06-11,2005000000.0,15395000000.0,2964000000.0,1.38,8565000000.0,0.5563494641,72711000000.0,12248000000.0,25878000000.0,18459000000.0,60335000000.0,3487000000.0,51295000000.0,149076330000.0,175051330000.0,8.487872487872488,1.4019177636925078,0.48989836475911486,2.908311561071195,0.045640029771535875,8.487872487872488,0.16370019595035923,9.68342513803183,18.588071072319202,12.17148350751143,0.5097256857855361,1.9587037568110124,0.006855548429452214,0.2117286242796826,1.130830489192264,0.027574919888325014,65.9629778761062,0.5563494641117246,1.1562499999999998,0.16685692017257003,0.003662232936613358,-0.439032141436951,0.27626285203397405,1.1535982814178303,0.8307597282273008,0.07009650293232375,-0.017360724982549328,-0.4201321059523098,Beverages—Non-Alcoholic,Consumer Defensive,PEP
2016Q1,2016,Q1,2016-04-18,2016-03-19,931000000.0,11862000000.0,1619000000.0,0.64,6711000000.0,0.5657561963,70019000000.0,11111000000.0,23966000000.0,16842000000.0,58788000000.0,3219000000.0,50383000000.0,146465340000.0,173427340000.0,7.683955739972338,1.422990143688398,0.5010925605906968,3.1577715777157773,0.023877476290022112,7.683955739972338,0.08379083790837909,12.347440566514921,39.33011278195489,13.182012420124202,1.1149301825993556,1.6001863932898415,0.0070870009245873455,0.16941115982804666,1.1192851205320034,0.013296390979591254,-567.6951162790698,0.565756196256955,-0.45299145299145294,-0.10830553165639904,0.08786586008077665,-0.4467272260006272,-0.31923311016433353,-0.4580908032596042,-0.27723214285714287,-0.0746598475344976,0.0074023234007941936,-0.4688509857161979,Beverages—Non-Alcoholic,Consumer Defensive,PEP
2015Q4,2015,Q4,2016-02-11,2015-12-26,1718000000.0,18585000000.0,2240000000.0,1.17,9858000000.0,0.5304277643,69667000000.0,11923000000.0,23031000000.0,17578000000.0,57637000000.0,2720000000.0,50472000000.0,145581920000.0,169769920000.0,8.234116022099448,1.3102173171009217,0.4777584796244994,2.791579300511616,0.04401326878873271,8.234116022099448,0.1440912522016271,7.833302125369922,21.184796274738066,12.210175291453494,0.6006984866123399,3.208455882352941,0.007088792344543882,0.2667690585212511,1.0493799067015588,0.024660169090100048,58.000764940239044,0.5304277643260694,2.25,0.39681156780604315,0.13609232803467988,-0.37477676963174195,0.11503223617237869,2.223264540337711,0.5819209039548022,0.1028901580290114,-0.006858038682339618,-0.4297355728841147,Beverages—Non-Alcoholic,Consumer Defensive,PEP
2015Q3,2015,Q3,2015-10-06,2015-09-05,533000000.0,16331000000.0,1416000000.0,0.36,8841000000.0,0.5413630519,69902000000.0,13461000000.0,22814000000.0,19071000000.0,56323000000.0,3124000000.0,49767000000.0,133379640000.0,156524640000.0,9.175869120654397,1.1962665827696501,0.4555377528539956,2.3655746229849193,0.014226107648077795,9.175869120654397,0.03959586954906768,8.16726716061478,62.56080675422139,9.908598172498328,1.9418386491557222,2.3975672215108834,0.007759805019716653,0.2336270779090727,0.9619317288028945,0.007624960659208606,39.42643807271652,0.541363051864552,-0.7293233082706767,-0.6988662117043213,0.1430748083464686,-0.2668693194301106,0.0194880073800738,-0.7308080808080808,-0.5117241379310344,-0.7027675815003329,0.04022157085146994,-0.33403366053742045,Beverages—Non-Alcoholic,Consumer Defensive,PEP
2015Q2,2015,Q2,2015-07-09,2015-06-13,1980000000.0,15923000000.0,2900000000.0,1.33,8672000000.0,0.5446209885,72262000000.0,16332000000.0,23069000000.0,21546000000.0,55798000000.0,3931000000.0,50268000000.0,138360240000.0,162256240000.0,11.065040650406504,1.070685974194746,0.4353325399241648,1.926157237325496,0.04486474202773334,11.065040650406504,0.12123438648052902,8.689332412233876,17.46972727272727,8.471726671565026,0.5025252525252525,1.8445688120071229,0.007191372319099765,0.22035094517173617,0.8078065534205885,0.02740029337687858,71.72640746500778,0.5446209885071909,0.6419753086419753,0.3456476423778587,0.17201595365727332,-0.09341764160533686,0.2916294310396187,0.6216216216216216,0.6138007790762382,0.40907749803304494,0.024520039677247016,-0.15458481025637358,Beverages—Non-Alcoholic,Consumer Defensive,PEP
2015Q1,2015,Q1,2015-04-23,2015-03-21,1221000000.0,12217000000.0,1797000000.0,0.81,6714000000.0,0.5495620856,69625000000.0,15869000000.0,20922000000.0,20127000000.0,53636000000.0,3462000000.0,49335000000.0,141007860000.0,164962860000.0,10.729546991210277,1.0394991802056939,0.4361220825852783,1.9134791102148843,0.029885004767724634,10.729546991210277,0.07694246644401033,11.5419382827208,28.871388206388207,8.885743273048082,0.800982800982801,1.5895436164067014,0.006935783579723853,0.1754685816876122,0.7680230536095791,0.017536804308797126,0.0,0.5495620856184006,-0.06896551724137924,-0.08669059135590573,0.3949415067419824,-0.21346817385224695,-0.3436950146627566,-0.06864988558352403,-0.11521418020679468,0.1486021695034836,0.0421763502466567,-0.2569263865457482,Beverages—Non-Alcoholic,Consumer Defensive,PEP
2014Q4,2014,Q4,2015-02-12,2014-12-27,1311000000.0,19948000000.0,2031000000.0,0.87,10230000000.0,0.5128333668,70509000000.0,17438000000.0,20663000000.0,18092000000.0,52961000000.0,3143000000.0,49092000000.0,144410400000.0,167173400000.0,11.719086021505376,1.1421070086225957,0.40983420556241046,1.6571281110219063,0.032634755300772936,11.719086021505376,0.07518063998164927,7.23934228995388,27.538215102974824,8.281362541575868,0.7513348588863463,3.0919503658924596,0.0068208383883709214,0.28291423789870795,0.8499336723413663,0.018593371059013743,57.903127506014435,0.5128333667535593,-0.34090909090909094,-0.023719744005038866,0.6020152900524899,0.10816637039824104,0.10918356283205032,-0.3471115537848606,-0.28661749209694415,-0.018705117975606936,0.04810598422995975,-0.10291045415327021,Beverages—Non-Alcoholic,Consumer Defensive,PEP
2014Q3,2014,Q3,2014-10-09,2014-09-06,2008000000.0,17218000000.0,2847000000.0,1.32,9223000000.0,0.5356603554,80466000000.0,23071000000.0,26590000000.0,22844000000.0,57279000000.0,3784000000.0,48764000000.0,138267250000.0,163727250000.0,15.309223623092237,1.1639817895289792,0.4069047796584893,1.4191842572927051,0.0387711548076046,15.309223623092237,0.08703567248927224,8.030389708444652,17.214548057768923,5.993119067227255,0.4945219123505976,2.1128435517970403,0.007181744050019075,0.21397857480177965,0.9316231833304149,0.024954639226505603,40.64293062904174,0.5356603554419793,0.023255813953488393,0.20905933444353444,0.6065607190511666,0.5595508307033937,0.011737604212373848,0.015166835187057633,-0.01691988950276243,0.05130192435301916,0.025435088987145717,0.02464074637314113,Beverages—Non-Alcoholic,Consumer Defensive,PEP
2014Q2,2014,Q2,2014-07-23,2014-06-14,1978000000.0,16894000000.0,2896000000.0,1.29,9116000000.0,0.5395998579,80433000000.0,23471000000.0,25795000000.0,20228000000.0,56833000000.0,4194000000.0,47748000000.0,132092850000.0,157333850000.0,15.492409240924092,1.2752125766264584,0.40838959133688907,1.3995142942354395,0.03777236870810417,15.492409240924092,0.08427421072813258,7.81892091866935,16.695254044489385,5.627917430020025,0.4368048533872599,1.854554124940391,0.006540853649535156,0.21003816841346212,0.9773086810361875,0.02459189636094638,68.61966233766233,0.5395998579377294,0.6329113924050632,0.22302676050737597,0.6370889543637144,0.7235956478240656,0.32577079697498545,0.6266447368421053,0.6026563364692861,0.09643581864817774,0.049044900924394515,0.023901295440165216,Beverages—Non-Alcoholic,Consumer Defensive,PEP
2014Q1,2014,Q1,2014-04-17,2014-03-22,1216000000.0,12623000000.0,1807000000.0,0.79,6876000000.0,0.5447199556,77493000000.0,22773000000.0,23285000000.0,19457000000.0,54600000000.0,3748000000.0,46770000000.0,124770660000.0,147003660000.0,14.992100065832785,1.1967415326103716,0.413869639838437,1.4083344311245773,0.025016371520459553,14.992100065832785,0.05339656610898871,9.884390398478967,25.651862664473686,5.478885522329073,0.7302631578947368,1.533351120597652,0.007117057808302048,0.16289213219258514,0.8916071336793956,0.015691739899087658,-717.0727586206897,0.5447199556365365,-0.29464285714285715,0.09675679281233587,0.5638584783950472,0.9952683672004433,-0.3509533698319804,-0.3019517795637199,-0.24645537948290241,0.10869090672421704,0.10202267191321479,0.07948575866332956,Beverages—Non-Alcoholic,Consumer Defensive,PEP
2013Q4,2013,Q4,2014-02-14,2013-12-28,1742000000.0,20118000000.0,2398000000.0,1.12,10594000000.0,0.5265931007,77478000000.0,24279000000.0,22203000000.0,17839000000.0,53089000000.0,3409000000.0,46420000000.0,126463589999.99998,146727590000.0,15.879005886200131,1.2446325466674142,0.38254730375074214,1.2207669179125993,0.03604854472311243,15.879005886200131,0.0717492483215948,6.286091559797196,18.149194890929966,5.208764364265414,0.5028702640642939,2.7937811674978,0.006926894926832301,0.2596608069387439,0.9323392566847918,0.02248380185342936,73.18494791666666,0.5265931007058355,-0.089430894308943,1.5004534493533004,0.6311354661476825,1.0698059878096653,0.1758046614872364,-0.08938839519079979,-0.13741007194244603,0.34129371827213556,0.1646540517767304,0.20570603189962255,Beverages—Non-Alcoholic,Consumer Defensive,PEP
2013Q3,2013,Q3,2013-10-16,2013-09-07,1913000000.0,16909000000.0,2780000000.0,1.23,9010000000.0,0.5328523272,76814000000.0,22286000000.0,22931000000.0,18468000000.0,54412000000.0,3738000000.0,45554000000.0,121822620000.00002,142167620000.0,14.49967469095641,1.24166125189517,0.38468247975629444,1.3258996679529749,0.04002087307345451,14.49967469095641,0.08583864309431931,7.204602282807973,15.920363303711449,5.466329534236741,0.4605331939362258,2.1131621187800964,0.0072318260763066826,0.2201291431249512,0.9555447260125622,0.024904314317702504,39.79830774256779,0.5328523271630493,-0.039062500000000035,0.2351555043280964,0.5302414739751606,0.40443990937361884,0.011336850376024245,-0.04825870646766169,-0.031021261763680724,0.031581381084142345,0.1296295519676268,0.15849040940382988,Beverages—Non-Alcoholic,Consumer Defensive,PEP
2013Q2,2013,Q2,2013-07-24,2013-06-15,2010000000.0,16807000000.0,2869000000.0,1.28,8909000000.0,0.5300767537,76653000000.0,22659000000.0,21963000000.0,19162000000.0,53888000000.0,4131000000.0,44523000000.0,127137240000.0,148854240000.0,14.637596899224807,1.1461747208015864,0.3849816706456368,1.3023522662076878,0.04156907399560267,14.637596899224807,0.08870647424864292,7.564540965074077,15.813089552238804,5.610893684628624,0.4208955223880597,1.9118857419511015,0.006654226566504039,0.21926082475571732,0.841248303934871,0.026222065672576417,74.56729618768328,0.5300767537335634,0.8550724637681161,0.2090331293829932,0.5693143896603053,0.382735910585397,0.3204387135022973,0.8697674418604651,0.7303980699638118,0.3024996735771593,0.17954422731755512,0.19928950443052537,Beverages—Non-Alcoholic,Consumer Defensive,PEP
2013Q1,2013,Q1,2013-04-19,2013-03-23,1075000000.0,12581000000.0,1658000000.0,0.69,6747000000.0,0.536284874,75355000000.0,22351000000.0,19910000000.0,17994000000.0,52891000000.0,3920000000.0,43395000000.0,121498800000.0,144183800000.0,14.466666666666667,1.10647993775703,0.3901532745006967,1.3153773880363295,0.02363104055198374,14.466666666666667,0.04809628204554606,9.657324537000239,28.255534883720934,5.43594470046083,0.7730232558139535,1.488265306122449,0.006839573724184931,0.16695640634330833,0.7916527731466044,0.014265808506403025,304.5082706766917,0.5362848740163739,-0.349056603773585,-0.030859916782246952,0.5625494145979434,0.37642508627870996,-0.34495145631067964,-0.3527995183624323,-0.2507907817442386,-0.23024871568560895,0.37513797572953733,0.06048221429343712,Beverages—Non-Alcoholic,Consumer Defensive,PEP
2012Q4,2012,Q4,2013-02-21,2012-12-29,1661000000.0,19954000000.0,2213000000.0,1.06,10300000000.0,0.5161872306,74638000000.0,22294000000.0,18720000000.0,17089000000.0,52239000000.0,3581000000.0,43158000000.0,105022880000.0,127084880000.0,14.439119170984457,1.0954415120837966,0.3799539108764972,1.272046290481744,0.03698844938831717,14.439119170984457,0.07450435094644299,5.263249473789716,15.807176399759179,4.710813671839956,0.5027092113184829,2.695895001396258,0.007950648468219497,0.26734371231812215,0.799344607642343,0.022254079691310057,51.081167315175094,0.51618723063045,-0.12396694214876026,0.4022610914495455,0.7219569972527866,0.37098707280054444,0.1679328722077333,-0.12670872765509988,-0.20964285714285713,0.19205716463965433,0.5443754892704382,0.36537493231934665,Beverages—Non-Alcoholic,Consumer Defensive,PEP
2012Q3,2012,Q3,2012-10-17,2012-09-08,1902000000.0,16652000000.0,2800000000.0,1.21,8819000000.0,0.5296060533,74017000000.0,21439000000.0,19270000000.0,16220000000.0,52433000000.0,3905000000.0,42332000000.0,112187599999.99998,134821599999.99998,13.778277634961439,1.188039457459926,0.37752138022346216,1.3033723587853911,0.0414160644504603,13.778277634961439,0.08871682447875368,6.737184722555848,14.746004206098844,5.232874667661738,0.4437434279705573,2.0058898847631244,0.0075231130713198265,0.2249753435021684,0.8451911220715167,0.025696799383925314,33.359381504608976,0.5296060533269277,0.2872340425531915,0.13052077733408848,0.6961652869684183,0.360057182880816,0.032307152054313476,0.2782258064516129,0.1779554059739167,0.10916990685912671,0.5048198194017798,0.40359334087027077,Beverages—Non-Alcoholic,Consumer Defensive,PEP
2012Q2,2012,Q2,2012-07-25,2012-06-16,1488000000.0,16458000000.0,2377000000.0,0.94,8543000000.0,0.5190788674,72390000000.0,20457000000.0,18033000000.0,18269000000.0,51795000000.0,4274000000.0,41274000000.0,108597240000.0,133066240000.0,13.088291746641074,0.9870819420876895,0.39138002486531287,1.3849538055433348,0.0337154068874087,13.088291746641074,0.07273793811409297,6.598446955887714,18.245504032258065,5.3085613726352845,0.5443548387096774,1.8518951801591015,0.007458753095382534,0.22735184417737256,0.6521429744375719,0.02055532532117696,80.3234023668639,0.5190788674200997,0.323943661971831,-0.009591175963421935,0.7753723412974423,0.3286729698216399,0.30646887903349135,0.3203194321206744,0.3803716608594657,-0.10820248363897046,0.5458612156496628,0.4561274712761589,Beverages—Non-Alcoholic,Consumer Defensive,PEP
2012Q1,2012,Q1,2012-04-26,2012-03-24,1127000000.0,12428000000.0,1722000000.0,0.71,6539000000.0,0.5261506276,74391000000.0,22641000000.0,17578000000.0,16985000000.0,51437000000.0,4214000000.0,40631000000.0,102390400000.0,126615400000.0,14.439413265306122,1.0349131586694142,0.37249129599010633,1.2238858707654257,0.025047514861958647,14.439413265306122,0.049776953314782914,8.238686836176376,22.713043478260868,4.522344419416103,0.7240461401952085,1.397484575225439,0.007969497140356909,0.16706322001317364,0.6459228731233442,0.015149682085198478,-101.77972166998012,0.5261506276150628,-0.202247191011236,0.07353444343065693,0.7652918922671108,0.5320059313828582,-0.37287810491991946,-0.20353356890459365,-0.2336448598130841,-0.015280837004405332,0.49158438033327817,0.921712395374103,Beverages—Non-Alcoholic,Consumer Defensive,PEP
2011Q4,2011,Q4,2012-02-27,2011-12-31,1415000000.0,20158000000.0,2247000000.0,0.89,10427000000.0,0.5172636174,72882000000.0,20588000000.0,17441000000.0,18154000000.0,51983000000.0,3827000000.0,40316000000.0,104567599999.99998,127273599999.99998,13.063451776649746,0.9607249091109398,0.36734721879202,1.3004177190596464,0.03327495127813479,13.063451776649746,0.06872935690693607,5.187399543605515,18.47484098939929,5.079055760637264,0.5710247349823322,2.5427227593415207,0.007727058859532016,0.27658406739661373,0.6244904704197423,0.019414944705139815,60.339065204847074,0.5172636174223634,-0.288,-0.15399468769206257,1.0341545846159756,0.4216134159738604,0.1420591456736035,-0.2925,-0.22677219545767377,0.9705086026136132,0.5856376163307494,0.7028024866639104,Beverages—Non-Alcoholic,Consumer Defensive,PEP
2011Q3,2011,Q3,2011-10-12,2011-09-03,2000000000.0,17582000000.0,2906000000.0,1.25,9130000000.0,0.5192810829,75378000000.0,23577000000.0,17834000000.0,17565000000.0,51375000000.0,4205000000.0,39714000000.0,99887400000.0,123655400000.0,14.94106463878327,1.0153145459721036,0.356217994640346,1.1388641472621623,0.042968974602247176,14.94106463878327,0.08482843449124146,5.681230804231601,12.485924999999998,4.236645883700216,0.4095,2.009988109393579,0.008199232335609898,0.23325108121733132,0.6754910333048676,0.026532940645811777,36.32269090909091,0.5192810829257195,0.06837606837606844,0.40825235920305286,1.00730246894304,0.5286217314663606,0.030009025270758122,0.0610079575596817,0.05519244734931009,0.25777666261347343,0.5498054672955557,0.44719298291057374,Beverages—Non-Alcoholic,Consumer Defensive,PEP
2011Q2,2011,Q2,2011-07-21,2011-06-11,1885000000.0,16827000000.0,2754000000.0,1.17,8864000000.0,0.526772449,75680000000.0,23952000000.0,17917000000.0,18057000000.0,51310000000.0,4539000000.0,38527000000.0,108736270000.0,133145270000.0,15.13076437144662,0.9922467741042255,0.3610200845665962,1.1406980627922512,0.03973603078984371,15.13076437144662,0.07869906479625918,6.462011647946753,14.421255968169762,4.539757431529726,0.40371352785145886,1.7543511786737167,0.006998584740859697,0.2223440803382664,0.6439054106440716,0.024907505285412263,92.54150638297872,0.5267724490402329,0.647887323943662,0.45216708012554235,1.0201989536625446,0.6371371992433323,0.36579352850539293,0.6491688538932633,0.5955967555040557,0.10877529311024983,0.5364431414523949,0.42932281815420986,Beverages—Non-Alcoholic,Consumer Defensive,PEP
2011Q1,2011,Q1,2011-04-28,2011-03-19,1143000000.0,11937000000.0,1726000000.0,0.71,6490000000.0,0.5436876937,73085000000.0,21985000000.0,16512000000.0,16840000000.0,49411000000.0,3831000000.0,37466000000.0,100108920000.0,123644920000.0,13.888186986734048,0.9805225653206651,0.3721420264076076,1.2371162156015465,0.02568578376168838,13.888186986734048,0.05198999317716625,8.386438803719528,21.896089238845146,4.55351012053673,0.6727909011373578,1.421821978595667,0.007681633165156512,0.16333036874871726,0.651187648456057,0.01563932407470753,-1888.8475471698114,0.5436876937253916,-0.1647058823529412,0.18368319108697223,0.8747958643797487,0.566304517949669,-0.3374846876276031,-0.16263736263736264,-0.22635589421783953,0.005707968594892155,0.44697611025098,0.32138587360393567,Beverages—Non-Alcoholic,Consumer Defensive,PEP
2010Q4,2010,Q4,2011-02-18,2010-12-25,1365000000.0,18155000000.0,2231000000.0,0.85,9796000000.0,0.5395758744,68153000000.0,21164000000.0,17569000000.0,15892000000.0,46677000000.0,3372000000.0,37090000000.0,105563830000.0,124517830000.0,13.169881767268201,1.1055247923483513,0.36531040453098174,1.1763844263844263,0.03521425369219599,13.169881767268201,0.0644963144963145,5.814587166069953,19.3340347985348,4.987895955395955,0.5567765567765568,2.478944246737841,0.007199435640029355,0.26638592578463166,0.7986408255726152,0.020028465364694145,53.39596863935255,0.5395758744147617,-0.2857142857142857,0.29941153212816657,0.8967091404779208,0.5588651952178492,0.1516576534211145,-0.2898022892819979,-0.2032142857142857,0.107192976054642,0.505289409457308,0.25047362234667775,Beverages—Non-Alcoholic,Consumer Defensive,PEP
2010Q3,2010,Q3,2010-10-07,2010-09-04,1922000000.0,15514000000.0,2800000000.0,1.19,8506000000.0,0.5482789738,66702000000.0,19938000000.0,17901000000.0,17117000000.0,46466000000.0,3359000000.0,36487000000.0,104453009999.99998,123077009999.99998,12.516007532956685,1.0458024186481276,0.36282270396689753,1.2138128197411977,0.04604415564659359,12.516007532956685,0.09639883639281774,6.732822611834471,13.586499739854318,5.238891062293108,0.39906347554630595,2.0863352188151234,0.00734301481594451,0.2325867290336122,0.7626336390722673,0.02881472819405715,39.50567700453857,0.548278973830089,0.21428571428571425,1.3202472361459858,0.9772099602632853,0.46832082939273206,0.05585898709036743,0.19900187149095447,0.13774888256806175,0.11587419901613451,0.5435452748594144,0.23545818985347958,Beverages—Non-Alcoholic,Consumer Defensive,PEP
2010Q2,2010,Q2,2010-07-20,2010-06-12,1603000000.0,14801000000.0,2461000000.0,0.98,8056000000.0,0.5442875481,65074000000.0,19626000000.0,16743000000.0,14572000000.0,45160000000.0,3530000000.0,35328000000.0,102204480000.0,121754480000.0,12.205223880597014,1.1489843535547626,0.37002489473522454,1.226892897177214,0.03948998970369523,12.205223880597014,0.08167736675838173,6.905241537733937,15.939563318777294,5.207606236624886,0.4610106051154086,1.9107648725212465,0.007230602807235064,0.22744875065310263,0.7983804556684052,0.024633494175861328,67.81982747179828,0.5442875481386393,0.10112359550561795,0.4040711934584822,1.0110807351559887,0.44037927499633417,0.6424057084607543,0.12097902097902098,0.5826366559485531,0.03709377094976303,0.5519452067798691,0.2390273211118354,Beverages—Non-Alcoholic,Consumer Defensive,PEP
2010Q1,2010,Q1,2010-04-23,2010-03-20,1430000000.0,9368000000.0,1555000000.0,0.89,4905000000.0,0.5235909479,64144000000.0,21581000000.0,15265000000.0,11654000000.0,42288000000.0,3283000000.0,34496000000.0,105297920000.0,123206920000.0,13.641592920353983,1.3098506950403295,0.34076452980793215,1.0128353644409434,0.03664051679351679,13.641592920353983,0.06626198971317362,11.240170794192997,18.408727272727273,4.879195588712293,0.4979020979020979,1.3594273530307646,0.006761766994067879,0.14604639560987778,0.8881928951432985,0.02229358942379646,-3190.8460606060607,0.5235909479077712,-0.01111111111111112,0.6739242404060484,0.5187479409253877,0.6494225881620062,-0.2996858937749857,-0.002789400278940028,-0.23549655850540807,0.3501054287744424,0.31886925187268317,0.44735806666792843,Beverages—Non-Alcoholic,Consumer Defensive,PEP
2009Q4,2009,Q4,2010-02-22,2009-12-26,1434000000.0,13297000000.0,2034000000.0,0.9,7004000000.0,0.5267353538,39848000000.0,16804000000.0,12571000000.0,8756000000.0,22406000000.0,2618000000.0,33805000000.0,96865440000.0,100786440000.0,10.575204531151668,1.4357012334399268,0.19734992973298535,0.4679838133777672,0.05865734578971112,10.575204531151668,0.08533682456557963,7.284758968188314,16.887280334728032,5.764427517257796,0.4881450488145049,2.4037433155080214,0.007226519592539919,0.33369303352740415,1.0003426222019187,0.035986749648664926,69.0416535994298,0.5267353538392119,-0.17431192660550462,0.5694460328463771,0.628382523350248,0.3347572474110527,0.1873198847262248,-0.1648223645894001,-0.08870967741935484,-0.14964921390614286,0.33082974065432114,0.15083309489648167,Beverages—Non-Alcoholic,Consumer Defensive,PEP
2009Q3,2009,Q3,2009-10-08,2009-09-05,1717000000.0,11080000000.0,2232000000.0,1.09,5899000000.0,0.532400722,38620000000.0,15294000000.0,12416000000.0,9295000000.0,22789000000.0,2716000000.0,33077000000.0,89647320000.0,94338320000.0,9.81643132220796,1.335771920387305,0.2057224236147074,0.5194847652674252,0.07211730892527152,9.81643132220796,0.11226624820190925,8.090913357400723,13.052900407687826,5.861600627697135,0.40827023878858476,1.9075846833578793,0.00781953102446342,0.28689798032107716,0.9334050564819796,0.04445882962195753,35.74454545454545,0.5324007220216607,0.028301886792452855,0.359562910629181,0.6490203715415845,0.28777317609617403,0.0329189283838207,0.03433734939759036,0.019178082191780823,0.2245043506373847,0.2812204116881361,0.004320013824405261,Beverages—Non-Alcoholic,Consumer Defensive,PEP
2009Q2,2009,Q2,2009-07-22,2009-06-13,1660000000.0,10592000000.0,2190000000.0,1.06,5711000000.0,0.5391805136,37050000000.0,13977000000.0,11630000000.0,8619000000.0,22641000000.0,2952000000.0,32065000000.0,83425750000.0,89831750000.0,8.988424437299035,1.3493444715164171,0.23265856950067476,0.6167274808614152,0.07229655051808846,8.988424437299035,0.11876654503827717,7.876298149546828,12.564118975903614,5.9687880088717185,0.39879518072289155,1.6534552845528456,0.007935199863351543,0.2858839406207827,0.8872258962756701,0.04480431848852901,63.15348221044663,0.5391805135951662,0.4722222222222224,0.7218130897983598,0.6456309075957921,0.2417347813084558,0.2637751714981191,0.46255506607929514,0.3790931989924433,0.30185867776993786,0.29454139040122446,-0.0274593108686967,Beverages—Non-Alcoholic,Consumer Defensive,PEP
2009Q1,2009,Q1,2009-04-22,2009-03-21,1135000000.0,8263000000.0,1588000000.0,0.72,4519000000.0,0.5468958006,35020000000.0,11684000000.0,10859000000.0,7991000000.0,22941000000.0,2580000000.0,31109000000.0,77781100000.0,85089100000.0,7.513826366559486,1.3589037667375798,0.27115933752141635,0.812735364601164,0.05646736911651505,7.513826366559486,0.09714138993495379,9.413179232724191,17.13240088105727,6.6570609380349195,0.5894273127753304,1.4511627906976745,0.008601061183243745,0.2359508852084523,0.8744837942685522,0.03241005139920046,-137.90975177304963,0.5468958005566985,0.5652173913043477,0.5529862490041754,0.48263495213812463,0.02679654474826993,-0.3109179627935346,0.5785813630041725,0.3091508656224237,0.19656317517331473,0.32113460156316337,-0.15259348133250783,Beverages—Non-Alcoholic,Consumer Defensive,PEP
2008Q4,2008,Q4,2009-02-19,2008-12-27,719000000.0,12729000000.0,1213000000.0,0.46,6558000000.0,0.5152015084,35994000000.0,12106000000.0,10806000000.0,8787000000.0,23888000000.0,2522000000.0,30638000000.0,86095680000.0,92258680000.0,7.671736375158428,1.2297712529873677,0.22856587208979273,0.6795803733685776,0.0425032145107802,7.671736375158428,0.059392037006443084,6.763742634928117,29.935910987482618,7.111818932760615,0.9207232267037552,2.4468675654242666,0.0076891198257566466,0.3536422737122854,0.7920792079207921,0.019975551480802357,66.5345285935085,0.5152015083667216,-0.5353535353535354,0.10383585403194633,0.7065698042067655,0.10144911187665301,0.09738955823293173,-0.5437817258883249,-0.38860887096774194,-0.302969417029279,0.3542774535561274,-0.09192785224207156,Beverages—Non-Alcoholic,Consumer Defensive,PEP
2008Q3,2008,Q3,2008-10-15,2008-09-06,1576000000.0,11244000000.0,1984000000.0,0.99,5976000000.0,0.5314834578,38458000000.0,16147000000.0,11354000000.0,9721000000.0,22311000000.0,2804000000.0,30581000000.0,107790880000.0,114013880000.0,10.324168797953964,1.1679868326303877,0.20125851578345208,0.47934600854647924,0.06164106273852956,10.324168797953964,0.0976032699572676,9.586524368552118,17.098807106598986,6.675597943890506,0.4251269035532995,1.8787446504992866,0.006215739216527409,0.2923708981226273,0.7829441415492233,0.040979770138852775,54.93928644240571,0.5314834578441836,-0.05714285714285719,0.5979952462248311,0.7977740463458566,0.6147458612435944,0.018578489858530764,-0.07239552678045909,-0.0919908466819222,0.9378319895211709,0.45958323541974483,0.21118432154069183,Beverages—Non-Alcoholic,Consumer Defensive,PEP
2008Q2,2008,Q2,2008-07-23,2008-06-14,1699000000.0,10945000000.0,2185000000.0,1.05,5867000000.0,0.5360438556,36779000000.0,16747000000.0,11651000000.0,8339000000.0,20032000000.0,2935000000.0,29669000000.0,106848280000.00002,111133280000.00002,10.585967130214918,1.3971699244513731,0.16457761222436718,0.3614378694691587,0.07033828382838284,10.585967130214918,0.1014510061503553,9.762291457286434,15.722230723955269,6.380144503493163,0.35256032960565037,1.73015332197615,0.005606079948128318,0.29758829766986594,0.9221729224127593,0.04619483944642323,98.38699815837938,0.5360438556418456,0.5000000000000001,0.8184620994012172,0.807893698022917,0.7002778701084771,0.30406757057123807,0.4799651567944251,0.4069542820347714,0.5126155162448357,0.5115891929954648,0.2492853723391223,Beverages—Non-Alcoholic,Consumer Defensive,PEP
2008Q1,2008,Q1,2008-04-24,2008-03-22,1148000000.0,8333000000.0,1553000000.0,0.7,4499000000.0,0.5399015961,35699000000.0,16806000000.0,11065000000.0,8587000000.0,18893000000.0,2492000000.0,28642000000.0,113832810000.0,118215810000.0,10.51031894934334,1.288575754046815,0.16770777892938177,0.35624181839819113,0.049994564763290554,10.51031894934334,0.06830893728430322,13.660483619344774,24.789375,6.773343448768297,0.5313588850174216,1.5385232744783306,0.005358736202681811,0.2334239054315247,0.8629323395830907,0.032157763522787756,539.491990521327,0.5399015960638426,-0.09090909090909098,0.5933882596442597,0.6250884144195004,0.9006356036978858,-0.3143858579701311,-0.09033280507131537,-0.1023121387283237,0.32953466295546563,0.3365900301238956,0.270816215162666,Beverages—Non-Alcoholic,Consumer Defensive,PEP
2007Q4,2007,Q4,2008-02-15,2007-12-29,1262000000.0,12346000000.0,1730000000.0,0.77,6562000000.0,0.5315081808,34628000000.0,17325000000.0,10151000000.0,7753000000.0,17303000000.0,2290000000.0,28184000000.0,126714350000.0,130007350000.0,10.53191489361702,1.3092996259512446,0.12137576527665472,0.2425974025974026,0.056435671409903826,10.53191489361702,0.07284271284271285,10.263595496517091,25.101891838351822,7.313959595959596,0.48019017432646594,2.525764192139738,0.004782410200581071,0.3565322860113203,0.8861086031213724,0.03644449578375881,213.32382154882154,0.5315081807872996,-0.27358490566037735,1.7462578741024624,0.75784801443419,0.9584513713770519,0.18362193362193363,-0.2759609868043603,-0.16100872938894278,0.33418048848224885,0.46045113799626874,0.32929341384954003,Beverages—Non-Alcoholic,Consumer Defensive,PEP
2007Q3,2007,Q3,2007-10-11,2007-09-08,1743000000.0,10171000000.0,2062000000.0,1.06,5544000000.0,0.5450791466,32408000000.0,16331000000.0,9947000000.0,8103000000.0,16077000000.0,2283000000.0,27526000000.0,109586277775.26001,111532277775.26001,10.130660540152341,1.2275700357892139,0.09198346087385831,0.18253628069316025,0.08293463596932334,10.130660540152341,0.10672953279039862,10.774385780676434,15.718054758356285,6.710322562933072,0.3493975903614458,2.026719229084538,0.005557265128111567,0.31384226117008146,0.8641243983709738,0.05378301653912614,41.588720218315,0.5450791465932553,0.12765957446808524,0.9638633361229234,0.7626283745379123,0.8726985138817479,0.05299145299145299,0.11946050096339114,0.05257784583971414,0.3338863797865927,0.462993351389856,0.3289954843599715,Beverages—Non-Alcoholic,Consumer Defensive,PEP
2007Q2,2007,Q2,2007-07-25,2007-06-16,1557000000.0,9607000000.0,1959000000.0,0.94,5265000000.0,0.548037889,31925000000.0,15956000000.0,9788000000.0,7589000000.0,15969000000.0,2510000000.0,26391000000.0,108007708355.56001,110634708355.56001,9.850649515657745,1.2897614969034128,0.11354737666405638,0.2271872649786914,0.07358127740741033,9.850649515657745,0.09758084733015794,11.242605220730718,17.342278155998716,6.769096788390574,0.3153500321130379,1.7298804780876493,0.0045459718336364864,0.30092404072043855,0.8605876927131374,0.048770555990602975,117.91234536633189,0.5480378890392422,0.446153846153846,0.920304509902904,0.7194984654968092,0.7415838390249988,0.2952029520295203,0.4206204379562044,0.38054968287526425,0.5503785909962549,0.43289209601383916,0.3608496358175008,Beverages—Non-Alcoholic,Consumer Defensive,PEP
2007Q1,2007,Q1,2007-04-25,2007-03-24,1096000000.0,7350000000.0,1419000000.0,0.65,4065000000.0,0.5530612245,29830000000.0,15429000000.0,8691000000.0,7522000000.0,14401000000.0,2074000000.0,25446000000.0,104915330000.0,106757330000.0,9.425167990226024,1.1554107950013295,0.09416694602748911,0.18205975759932594,0.05789125857718793,9.425167990226024,0.07103506384081924,14.27419455782313,23.931416514598542,6.799878799662972,0.4543795620437956,1.5838958534233365,0.004746684779049925,0.24639624539054644,0.7790481254985376,0.03674153536708012,292.24325905292477,0.5530612244897959,-0.4036697247706422,0.8067269335855649,0.48516255481442794,0.795848975345952,-0.29181184668989546,-0.38565022421524664,-0.06212822207534699,0.4245051275449266,0.25275323929872795,0.2879895613647808,Beverages—Non-Alcoholic,Consumer Defensive,PEP
