Quarters,Year,Quarter,FillingDate,Date,NetIncome,Revenue,OperatingIncome,EPSDiluted,GrossProfit,GrossProfitRatio,TotalAssets,CommonStockEquity,CurrentAssets,CurrentLiability,TotalLiability,Inventory,RetainedEarnings,MarketCap,EnterpriseValue,bookValuePerShare,currentRatio,debtToAssets,debtToEquity,roic,shareholdersEquityPerShare,roe,priceToSalesRatio,peRatio,pbRatio,payoutRatio,inventoryTurnover,dividendYield,assetTurnover,quickRatio,returnOnAssets,priceToFreeCashFlowsRatio,grossProfitMargin,epsdilutedGrowth,fiveYNetIncomeGrowthPerShare,fiveYRevenueGrowthPerShare,fiveYShareholdersEquityGrowthPerShare,grossProfitGrowth,netIncomeGrowth,operatingIncomeGrowth,threeYNetIncomeGrowthPerShare,threeYRevenueGrowthPerShare,threeYShareholdersEquityGrowthPerShare,Industry,Sector,Symbol
2023Q1,2023,Q1,2023-05-04,2023-03-31,312000000.0,1662000000.0,1082000000.0,0.3,1662000000.0,1.0,197519000000.0,14322000000.0,60967000000.0,10061000000.0,183197000000.0,0.0,15700000000.0,11599654800.0,43629654800.0,15.4583427775799,6.059735612762151,0.21706772513024064,2.993646138807429,0.01500819045383071,15.4583427775799,0.02178466694595727,6.979335018050541,9.294595192307693,0.8099186426476749,0.7307692307692307,0.0,0.019655757342020214,0.008414380388722097,6.059735612762151,0.0015795948744171447,16.7142,1.0,-0.21052631578947373,-0.1492210994822719,0.2595678929949065,0.09238369458024245,830.0,-0.20812182741116753,0.14497354497354498,1.231452956119406,0.22734768321429946,-0.1410538230544734,Banks—Regional,Financial Services,KEY
2022Q4,2022,Q4,2023-02-22,2022-12-31,394000000.0,2000000.0,945000000.0,0.38,2000000.0,1.0,189813000000.0,13454000000.0,17681000000.0,5386000000.0,176359000000.0,0.0,15616000000.0,16113047080.000002,45305047080.0,14.545273704990628,3.2827701448199034,0.15846649070400867,2.2356919875130075,0.018194985860072628,14.545273704990628,0.02928497101233834,8056.523540000001,10.224014644670053,1.1976398899955405,0.5786802030456852,0.0,0.01415002382032387,1.0536686106852534e-05,10.322131451912366,0.0020757271630499493,10.39551424516129,1.0,-0.30909090909090914,1.308752771120362,-0.9985103545953914,0.028565694598241514,-0.9948453608247423,-0.2730627306273063,0.06538895152198422,-0.1158875563484404,-0.9986636089402222,-0.16896955698303048,Banks—Regional,Financial Services,KEY
2022Q3,2022,Q3,2022-11-01,2022-09-30,542000000.0,388000000.0,887000000.0,0.55,388000000.0,1.0,190051000000.0,13290000000.0,42988000000.0,3725000000.0,176761000000.0,0.0,15450000000.0,14811995880.0,36927995880.0,14.373876533916508,11.540402684563759,0.13974143782458393,1.998344620015049,0.018102675709866164,14.373876533916508,0.040782543265613244,38.175247113402065,6.832101420664206,1.1145218871331828,0.3856088560885609,0.0,0.01411018485916565,0.0020415572662074916,15.842953020134228,0.0028518660780527333,7.183315169738118,1.0,0.018518518518518535,0.7286392789640702,-0.6978931613708653,0.011789319479352132,-0.7761107905366417,0.016885553470919325,0.16557161629434955,0.39268221532078706,-0.7373389540644184,-0.17001780310096812,Banks—Regional,Financial Services,KEY
2022Q2,2022,Q2,2022-08-02,2022-06-30,533000000.0,1733000000.0,761000000.0,0.54,1733000000.0,1.0,187008000000.0,14427000000.0,43701000000.0,1943000000.0,172581000000.0,0.0,15118000000.0,15925723460.0,34673723460.0,15.608534872801314,22.491507977354605,0.1142678388090349,1.4811811187357038,0.017020332403931106,15.608534872801314,0.03694461773064393,9.18968462781304,7.469851529080676,1.1038832369862064,0.3921200750469043,0.0,0.013123422651720463,0.009266983230663928,30.908903757076686,0.0028501454483230663,-139.69932859649123,1.0,0.1250000000000001,0.5062959159126592,0.2762830407263258,0.1012884059341371,0.05864386072083079,0.19239373601789708,0.2599337748344371,0.35569105182963484,0.20241271456023377,-0.08094345399771467,Banks—Regional,Financial Services,KEY
2022Q1,2022,Q1,2022-05-04,2022-03-31,447000000.0,1637000000.0,604000000.0,0.48,1637000000.0,1.0,181221000000.0,15308000000.0,57336000000.0,0.0,165913000000.0,0.0,14793000000.0,20655419580.0,33007419580.0,16.586108971212678,0.0,0.07193426810358623,0.8515808727462765,0.017738179146227436,16.586108971212678,0.029200418082048603,12.617849468540012,11.552248087248323,1.349321895740789,0.465324384787472,0.0,0.010069996360732364,0.009033169445042242,0.0,0.002466601552800172,23.9344375202781,1.0,-0.2835820895522389,0.5973769058790201,0.308052521534348,0.18349795149696907,-0.12553418803418803,-0.28708133971291866,-0.28095238095238095,0.197971750848912,0.2163430754665454,0.048575600676482845,Banks—Regional,Financial Services,KEY
2021Q4,2021,Q4,2022-02-22,2021-12-31,627000000.0,1872000000.0,840000000.0,0.67,1872000000.0,1.0,186346000000.0,17423000000.0,36678000000.0,588000000.0,168923000000.0,0.0,14553000000.0,21348296100.0,33065296100.0,18.877103264461468,62.37755102040816,0.0677771457396456,0.7249038627102107,0.02281298858986727,18.877103264461468,0.03598691384950927,11.404004326923078,8.512079784688995,1.225293927567009,0.3333333333333333,0.0,0.009790008486906832,0.01004582872720638,41.98639455782313,0.003364708660234188,-474.40658,1.0,0.030769230769230795,2.1675435523246507,0.46528447032710457,0.32259996258512375,0.06545247581104155,-0.027906976744186046,0.0,0.42969775438382224,0.4447472044299675,0.23299016765797717,Banks—Regional,Financial Services,KEY
2021Q3,2021,Q3,2021-11-02,2021-09-30,645000000.0,1757000000.0,0.0,0.65,1757000000.0,1.0,187035000000.0,17510000000.0,0.0,767000000.0,169525000000.0,0.0,14133000000.0,20375682520.0,33544682520.0,18.579313828060176,0.0,0.07448873205549764,0.79565962307253,0.0,18.579313828060176,0.036836093660765276,11.596859715424019,7.897551364341085,1.1636597669902913,0.3116279069767442,0.0,0.009864700227965664,0.00939396369663432,43.109517601043024,0.0034485524099767424,22.244194890829693,1.0,-0.10958904109589036,2.9077039957727027,0.46120477160364726,0.21674930143113744,0.023892773892773892,-0.11522633744855967,0.0,0.47169125148286556,0.24504221300677326,0.2662459637818243,Banks—Regional,Financial Services,KEY
2021Q2,2021,Q2,2021-08-02,2021-06-30,729000000.0,1716000000.0,0.0,0.73,1716000000.0,1.0,181115000000.0,17941000000.0,114754000000.0,723000000.0,163174000000.0,0.0,13689000000.0,19850679800.0,32992679800.0,18.663423808790668,158.7192254495159,0.07693454435027469,0.7766568195752745,0.0,18.663423808790668,0.040633186555933336,11.567995221445221,6.807503360768175,1.1064422161529457,0.2825788751714678,0.0,0.010377478357189562,0.009474643182508352,46.542185338865835,0.004025066946415261,45.84452609699769,1.0,0.19672131147540983,2.1231398590502564,0.44176783680571635,0.3724108196861265,0.013585351447135264,0.1720257234726688,0.0,0.6561893283905618,0.17884975704827125,0.3010655893490804,Banks—Regional,Financial Services,KEY
2021Q1,2021,Q1,2021-05-04,2021-03-31,622000000.0,1693000000.0,0.0,0.61,1693000000.0,1.0,176203000000.0,17634000000.0,115045000000.0,744000000.0,158569000000.0,0.0,13166000000.0,19278262440.0,31583262440.0,18.2758856560104,154.63037634408602,0.07515763068733222,0.7509924010434388,0.0,18.2758856560104,0.035272768515368036,11.38704219728293,7.748497765273313,1.0932438720653284,0.3327974276527331,0.0,0.010737482210559635,0.009608235955119946,38.59139784946237,0.0035300193526784447,-88.83991907834101,1.0,0.0701754385964913,1.8338387770157072,0.4588585230089015,0.3649060973028037,-0.050476724621424565,0.06872852233676977,0.0,0.6286240109826315,0.23201459382495848,0.2914889895955736,Banks—Regional,Financial Services,KEY
2020Q4,2020,Q4,2021-02-22,2020-12-31,582000000.0,1783000000.0,0.0,0.57,1783000000.0,1.0,170336000000.0,17981000000.0,114048000000.0,759000000.0,152355000000.0,0.0,12751000000.0,15884666670.0,29261666670.0,18.575662689684883,150.2608695652174,0.08493800488446365,0.8046271063900784,0.0,18.575662689684883,0.03236749902675046,8.908954946719012,6.823310425257732,0.8834139741949836,0.3556701030927835,0.0,0.01303143492402916,0.010467546496336652,40.081686429512516,0.0034167762539921097,17.11709770474138,1.0,0.39024390243902435,1.2033495092557327,0.4626347331921066,0.43164668654133237,0.09252450980392157,0.3598130841121495,0.0,2.258848665175403,0.26900767660323965,0.3135737274220432,Banks—Regional,Financial Services,KEY
2020Q3,2020,Q3,2020-11-03,2020-09-30,428000000.0,1632000000.0,0.0,0.41,1632000000.0,1.0,170540000000.0,17722000000.0,116145000000.0,818000000.0,152818000000.0,0.0,12375000000.0,11545901720.0,24092901720.0,18.31155895201921,141.98655256723717,0.079177905476721,0.7619343189256291,0.0,18.31155895201921,0.024150773050445773,7.074694681372549,6.744101471962616,0.6515010563141856,0.48364485981308414,0.0,0.017928439460161975,0.009569602439310427,38.89486552567237,0.002509675149525038,19.11573132450331,1.0,1.4117647058823526,0.6789506551092491,0.3731965082365796,0.4222119999511755,-0.017459361830222758,1.2887700534759359,0.0,0.30410487256501534,0.21398310632878606,0.28896611341779144,Banks—Regional,Financial Services,KEY
2020Q2,2020,Q2,2020-08-03,2020-06-30,187000000.0,1661000000.0,0.0,0.17,1661000000.0,1.0,171192000000.0,17542000000.0,119532000000.0,1716000000.0,153650000000.0,0.0,12154000000.0,11779850460.0,26170850460.0,18.137883899758776,69.65734265734265,0.0902495443712323,0.8807433587960324,0.0,18.137883899758776,0.010660129973777221,7.092023154726069,15.748463181818181,0.6715226576217078,1.106951871657754,0.0,0.017572379267707616,0.009702556194214684,17.82867132867133,0.0010923407635870836,44.79030593155893,1.0,0.4166666666666668,-0.3180240439147307,0.3997059914216111,0.43776385185912214,0.1746817538896747,0.2808219178082192,0.0,-0.4949363652824094,0.16906718915990424,0.27975120085046185,Banks—Regional,Financial Services,KEY
2020Q1,2020,Q1,2020-05-04,2020-03-31,146000000.0,1414000000.0,0.0,0.12,1414000000.0,1.0,156197000000.0,17411000000.0,116520000000.0,4606000000.0,138786000000.0,0.0,12174000000.0,10032415020.0,27505415020.0,17.996870109546165,25.297438124185845,0.11740302310543736,1.0532422032048705,0.0,17.996870109546165,0.008385503417379817,7.095060127298444,17.178792842465754,0.5762113043478261,1.4246575342465753,0.0,0.020732794604822878,0.00905267066588987,3.6500217108119846,0.0009347170560254038,-54.22927037837838,1.0,-0.7333333333333334,-0.45037941100242534,0.27206953630009795,0.44032670353283837,-0.10222222222222223,-0.6886993603411514,0.0,-0.5022629839958146,0.07788671244265533,0.2841624847016572,Banks—Regional,Financial Services,KEY
2019Q4,2019,Q4,2020-02-26,2019-12-31,469000000.0,1575000000.0,0.0,0.45,1575000000.0,1.0,144988000000.0,17038000000.0,106475000000.0,705000000.0,127950000000.0,0.0,12469000000.0,19702628000.0,32123628000.0,17.502696594586265,151.02836879432624,0.09071785251193203,0.7719802793755136,0.0,17.502696594586265,0.02752670501232539,12.509605079365079,10.502466950959487,1.1563932386430331,0.44562899786780386,0.0,0.010607721974956845,0.010862967969763014,18.029787234042555,0.003234750462107209,20.10472244897959,1.0,0.15384615384615383,0.6354462318427775,0.34382887421187264,0.42749367189869175,-0.00253324889170361,0.12740384615384615,0.0,1.246476254603388,0.16888179890573748,0.2263039268699456,Banks—Regional,Financial Services,KEY
2019Q3,2019,Q3,2019-10-31,2019-09-30,416000000.0,1579000000.0,0.0,0.39,1579000000.0,1.0,146691000000.0,17116000000.0,105167000000.0,700000000.0,129575000000.0,0.0,12209000000.0,17631610960.0,32165610960.0,17.318295003941035,150.23857142857142,0.10341466074946656,0.8863052114980136,0.0,17.318295003941035,0.024304744099088574,11.166314730842306,10.595920048076923,1.0301245010516475,0.5096153846153846,0.0,0.01202385876599446,0.010764123225010396,20.96142857142857,0.002835893135911542,15.212779085418465,1.0,-0.025000000000000022,0.9628071198595525,0.44951086825120556,0.43248361354837467,0.013478818998716302,-0.021176470588235293,0.0,1.4033366310006723,0.25222041895644803,0.13416585472595433,Banks—Regional,Financial Services,KEY
2019Q2,2019,Q2,2019-08-01,2019-06-30,425000000.0,1558000000.0,0.0,0.4,1558000000.0,1.0,144545000000.0,16969000000.0,104290000000.0,720000000.0,127574000000.0,0.0,12005000000.0,17825067920.0,32250067920.0,16.983214950913915,144.84722222222223,0.10399529558269051,0.885850668866757,0.0,16.983214950913915,0.02504567151865166,11.44099353016688,10.485334070588234,1.0504489315811185,0.44941176470588234,0.0,0.010715246688384007,0.010778650247327822,18.95138888888889,0.002940260818430247,132.03754014814814,1.0,0.05263157894736847,0.7000606219734684,0.3828335045916714,0.4152107844730625,0.06130790190735695,0.044226044226044224,0.0,0.7517487632197656,0.2594023158548752,0.2488570259392147,Banks—Regional,Financial Services,KEY
2019Q1,2019,Q1,2019-05-03,2019-03-31,407000000.0,1468000000.0,0.0,0.38,1468000000.0,1.0,141515000000.0,15924000000.0,101659000000.0,679000000.0,125589000000.0,0.0,11771000000.0,16459822950.000002,30695822950.0,15.817752158749679,149.71870397643593,0.10491467335618132,0.9323662396382818,0.0,15.817752158749679,0.0255589047977895,11.212413453678476,10.11045635749386,1.0336487660135645,0.47174447174447176,0.0,0.011664767025941793,0.010373458643960004,19.908689248895435,0.002876020209871745,30.09108400365631,1.0,-0.15555555555555556,0.4780220802325327,0.34808102751249326,0.34522660906989583,0.026573426573426574,-0.1590909090909091,0.0,0.7772321666430416,0.2124037647971694,0.1813242199839324,Banks—Regional,Financial Services,KEY
2018Q4,2018,Q4,2019-02-25,2018-12-31,484000000.0,1430000000.0,0.0,0.45,1430000000.0,1.0,139613000000.0,15595000000.0,100900000000.0,544000000.0,124017000000.0,0.0,11556000000.0,15055114920.0,28653114920.0,15.310019300736098,185.47794117647058,0.10225408808635299,0.9154216094902212,0.0,15.310019300736098,0.031035588329592818,10.52805239160839,7.776402334710744,0.9653808861814684,0.4090909090909091,0.0,0.013151676427057123,0.010242599184889659,22.05698529411765,0.003466725877962654,8.92948690391459,1.0,0.0,0.8397110276273958,0.2577135477880725,0.3232861445806373,-0.07860824742268041,0.004149377593360996,0.0,0.741268141017785,0.11475764802367587,0.17995997068541228,Banks—Regional,Financial Services,KEY
2018Q3,2018,Q3,2018-11-01,2018-09-30,482000000.0,1552000000.0,0.0,0.45,1552000000.0,1.0,138805000000.0,15208000000.0,100956000000.0,637000000.0,123595000000.0,0.0,11262000000.0,20605202520.0,34772202520.0,14.67275265586664,158.48665620094192,0.10436223478981305,0.9525249868490269,0.0,14.67275265586664,0.0316938453445555,13.276548015463918,10.68734570539419,1.3548923277222515,0.3941908713692946,0.0,0.009220972218816124,0.011181153416663665,18.09419152276295,0.003472497388422607,59.040694899713465,1.0,0.02272727272727275,0.5419771564850524,0.35049046628055186,0.29663083591384937,-0.026348808030112924,0.0,0.0,0.7655015652064857,0.21935779338233596,0.13959521164569835,Banks—Regional,Financial Services,KEY
2018Q2,2018,Q2,2018-08-02,2018-06-30,482000000.0,1594000000.0,0.0,0.44,1594000000.0,1.0,137792000000.0,15100000000.0,100207000000.0,639000000.0,122690000000.0,0.0,10970000000.0,20568820080.0,34276820080.0,14.34472171239878,156.81846635367762,0.1051730143985137,0.9597350993377484,0.0,14.34472171239878,0.0319205298013245,12.90390218318695,10.668475145228214,1.362173515231788,0.2925311203319502,0.0,0.006855035896643422,0.01156816070599164,19.46322378716745,0.0034980260102183,34.167475215946844,1.0,0.15789473684210525,1.0509392039363066,0.4220386249892156,0.28138514406104326,0.0598404255319149,0.15311004784688995,0.0,0.6150358388929607,0.2341364385297915,0.13708536547308828,Banks—Regional,Financial Services,KEY
2018Q1,2018,Q1,2018-05-03,2018-03-31,418000000.0,1504000000.0,0.0,0.38,1504000000.0,1.0,137049000000.0,14944000000.0,100014000000.0,1133000000.0,122103000000.0,0.0,10624000000.0,20645523350.0,34884523350.0,14.15101932981515,88.27360988526037,0.10858889886099132,0.9958511777301927,0.0,14.15101932981515,0.027971092077087794,13.727076695478724,12.34780104665072,1.3815259201017132,0.3038277511961722,0.0,0.006151454620306343,0.010974177119132573,9.920564872021183,0.0030500040131631752,-89.763145,1.0,1.2352941176470587,0.7856813060638638,0.34707828007221425,0.25951736030349704,-0.02464332036316472,1.1326530612244898,0.0,0.44156429751183146,0.23952952988753815,0.13253531857913226,Banks—Regional,Financial Services,KEY
2017Q4,2017,Q4,2018-02-26,2017-12-31,196000000.0,1542000000.0,0.0,0.17,1542000000.0,1.0,137698000000.0,15023000000.0,97851000000.0,634000000.0,122673000000.0,0.0,10335000000.0,21427559160.0,35723559160.0,14.141317157842817,154.3391167192429,0.10869438917050357,0.9962723823470678,0.0,14.141317157842817,0.013046661785262597,13.895952762645914,27.33107035714286,1.4263169247154364,0.6479591836734694,0.0,0.005926946650884897,0.011198419730134062,21.63249211356467,0.0014234048424813723,31.511116411764707,1.0,-0.46875,-0.15865286302053372,0.5374044324717135,0.274556598767797,0.03420523138832998,-0.46153846153846156,0.0,-0.3737231709770309,0.2055760973799732,0.15334460870314784,Banks—Regional,Financial Services,KEY
2017Q3,2017,Q3,2017-11-01,2017-09-30,364000000.0,1491000000.0,0.0,0.32,1491000000.0,1.0,136733000000.0,15249000000.0,98133000000.0,616000000.0,121483000000.0,0.0,10125000000.0,20201199800.0,35355199800.0,14.206392830192195,159.3068181818182,0.11493933432309685,1.0306249590137058,0.0,14.206392830192195,0.023870417732310314,13.548759087860496,13.874450412087912,1.3247557085710537,0.32142857142857145,0.0,0.005791735201787372,0.010904463443353104,21.493506493506494,0.00266212253077165,12.347921638141809,1.0,-0.11111111111111106,0.44970297450049546,0.16529319429839762,0.29746870692235167,-0.056925996204933584,-0.11650485436893204,0.0,0.5813400755139455,0.260249660277428,0.17508247389540343,Banks—Regional,Financial Services,KEY
2017Q2,2017,Q2,2017-08-04,2017-06-30,412000000.0,1581000000.0,0.0,0.36,1581000000.0,1.0,135824000000.0,15253000000.0,99024000000.0,924000000.0,120569000000.0,0.0,9878000000.0,20168044220.0,33752044220.0,14.1729766596079,107.16883116883118,0.10443662386617976,0.9299809873467515,0.0,14.1729766596079,0.02701107978758277,12.756511208096141,12.237890910194173,1.322234591227955,0.28640776699029125,0.0,0.005850840007727829,0.01164006361173283,13.192640692640692,0.003033337259983508,-97.9031272815534,1.0,0.3333333333333332,0.5323607667301505,0.3565382603974764,0.3184120192560593,0.09109730848861283,0.2716049382716049,0.0,0.5300824681456503,0.3027961157382916,0.18103371327127527,Banks—Regional,Financial Services,KEY
2017Q1,2017,Q1,2017-05-05,2017-03-31,324000000.0,1449000000.0,0.0,0.27,1449000000.0,1.0,134476000000.0,14976000000.0,98004000000.0,943000000.0,119498000000.0,0.0,9584000000.0,18999868020.0,31717868020.0,14.014480506901963,103.92788971367975,0.09865700942919182,0.8858840811965812,0.0,14.014480506901963,0.021634615384615384,13.112400289855072,14.66039199074074,1.2686877684294873,0.36419753086419754,0.0,0.00621056945636615,0.010775156905321395,12.722163308589607,0.0024093518546060263,-46.68272240786241,1.0,0.42105263157894746,0.43919248293810004,0.25588070326847745,0.3174111251988635,-0.01962110960757781,0.4148471615720524,0.0,0.10846018415119099,0.2535651252437796,0.1918667014735992,Banks—Regional,Financial Services,KEY
2016Q4,2016,Q4,2017-02-28,2016-12-31,229000000.0,1478000000.0,0.0,0.19,1478000000.0,1.0,136453000000.0,15240000000.0,97839000000.0,808000000.0,121213000000.0,0.0,9378000000.0,19508176170.0,32023176170.0,14.272723271188298,121.0878712871287,0.09667797703238477,0.8656167979002625,0.0,14.272723271188298,0.015026246719160105,13.199036650879567,21.29713555676856,1.2800640531496064,0.4847161572052402,0.0,0.005689921960551989,0.010831568378855723,15.106435643564357,0.001678233530959378,25.567727614678898,1.0,0.11764705882352934,0.01727187758423862,0.6727703780708197,0.3669796176677384,0.17956903431763768,0.3313953488372093,0.0,-0.1696307623035765,0.2400855731002707,0.23362985893094415,Banks—Regional,Financial Services,KEY
2016Q3,2016,Q3,2016-11-07,2016-09-30,172000000.0,1253000000.0,0.0,0.17,1253000000.0,1.0,135805000000.0,14996000000.0,97458000000.0,809000000.0,120807000000.0,0.0,9260000000.0,11951913600.0,25442913600.0,15.269631801889867,120.4672435105068,0.10485622767939325,0.949586556415044,0.0,15.269631801889867,0.011469725260069352,9.538638148443734,17.371967441860466,0.7970067751400373,0.45348837209302323,0.0,0.006526151594670162,0.009226464415890432,15.46353522867738,0.0012665218511836824,137.3783172413793,1.0,-0.2608695652173913,-0.23431231446319895,0.17288200482885877,0.4631178900834785,0.21650485436893205,-0.1485148514851485,0.0,-0.4192717018381155,0.1507063701531444,0.34937703318162644,Banks—Regional,Financial Services,KEY
2016Q2,2016,Q2,2016-08-05,2016-06-30,202000000.0,1030000000.0,0.0,0.23,1030000000.0,1.0,101150000000.0,11313000000.0,71784000000.0,687000000.0,89832000000.0,0.0,9166000000.0,9192483950.0,20771483950.0,13.599006610177437,104.48908296943232,0.11937716262975778,1.0673561389551842,0.0,13.599006610177437,0.01785556439494387,8.924741699029127,11.37683657178218,0.8125593520728367,0.38613861386138615,0.0,0.008485192949398621,0.010182896688087,20.449781659388645,0.0019970341077607512,27.940680699088144,1.0,0.0454545454545455,-0.04130925148365366,0.1524652932037233,0.3258506737907997,0.03621730382293763,0.07446808510638298,0.0,0.08760535103608567,0.1627183273111756,0.2147719135748451,Banks—Regional,Financial Services,KEY
2016Q1,2016,Q1,2016-05-05,2016-03-31,188000000.0,994000000.0,0.0,0.22,994000000.0,1.0,98402000000.0,11066000000.0,70386000000.0,615000000.0,87331000000.0,0.0,9042000000.0,9123974880.0,20024974880.0,13.389848350831935,114.44878048780488,0.11559724395845612,1.0279233688776432,0.0,13.389848350831935,0.016988975239472258,9.179049175050302,12.132945319148936,0.8245052304355683,0.3617021276595745,0.0,0.007452892066708541,0.010101420702831243,21.09430894308943,0.0019105302737749232,24.997191452054796,1.0,-0.15384615384615388,-0.23721265176187506,0.006345604137768386,0.25288349299825763,-0.04697986577181208,-0.168141592920354,0.0,0.0262416742285669,0.13761552192917212,0.19176902077797323,Banks—Regional,Financial Services,KEY
2015Q4,2015,Q4,2016-02-24,2015-12-31,226000000.0,1043000000.0,0.0,0.26,1043000000.0,1.0,95133000000.0,10746000000.0,69970000000.0,533000000.0,84374000000.0,0.0,8922000000.0,10924037140.0,21036037140.0,12.97503278169924,131.27579737335836,0.11267383557755983,0.9974874371859297,0.0,12.97503278169924,0.02103108133258887,10.473669357622244,12.084111880530973,1.0165677591662012,0.3008849557522124,0.0,0.00622480490761129,0.010963598330757992,20.403377110694183,0.0023756214983234,12.897328382526565,1.0,0.040000000000000036,-0.2534193410214366,0.12621132608081784,0.021827307314065476,0.021547502448579822,0.0319634703196347,0.0,0.24438859235765936,0.33387918567513225,0.1694394140627523,Banks—Regional,Financial Services,KEY
2015Q3,2015,Q3,2015-11-02,2015-09-30,219000000.0,1021000000.0,0.0,0.25,1021000000.0,1.0,95422000000.0,10705000000.0,70748000000.0,677000000.0,84705000000.0,0.0,8764000000.0,10816904300.0,21333904300.0,12.875407430571425,104.50221565731167,0.1151411624153759,1.0263428304530593,0.0,12.875407430571425,0.020457730032695003,10.594421449559256,12.348064269406393,1.010453460999533,0.3150684931506849,0.0,0.006378904544805855,0.010699838611640922,14.737075332348597,0.0022950682232608832,64.77188203592814,1.0,-0.07407407407407414,0.05172173243688582,-0.04635178612960875,0.011198234752727044,-0.008737864077669903,-0.07983193277310924,0.0,0.12603947415897906,0.030184859423223687,0.1759099181418272,Banks—Regional,Financial Services,KEY
2015Q2,2015,Q2,2015-08-03,2015-06-30,238000000.0,1030000000.0,0.0,0.27,1030000000.0,1.0,94606000000.0,10590000000.0,68821000000.0,528000000.0,84005000000.0,0.0,8614000000.0,12608599080.0,22710599080.0,12.615342829982346,130.34280303030303,0.11410481364818299,1.0193578847969782,0.0,12.615342829982346,0.022474032105760152,12.241358330097087,13.24432676470588,1.1906136997167138,0.28991596638655465,0.0,0.00547245570758524,0.010887258736232374,21.69128787878788,0.0025156966788575778,10.992675745422842,1.0,0.03846153846153849,2.542609362752456,-0.03227930736884597,0.01979539935708681,0.05641025641025641,0.02145922746781116,0.0,0.13484895125334304,0.1330124903302306,0.17351633418583579,Banks—Regional,Financial Services,KEY
2015Q1,2015,Q1,2015-05-05,2015-03-31,233000000.0,975000000.0,0.0,0.26,975000000.0,1.0,94206000000.0,10603000000.0,69234000000.0,608000000.0,83593000000.0,0.0,8445000000.0,12015892800.0,20830892800.0,12.494991633081147,113.8717105263158,0.09894274250047767,0.8790908233518815,0.0,12.494991633081147,0.02197491276053947,12.323992615384615,12.892588841201716,1.1332540601716496,0.26180257510729615,0.0,0.00507660987121989,0.010349659257372142,18.648026315789473,0.0024733031866335476,-10.874111131221719,1.0,-0.07142857142857148,5.365194860290668,-0.06544136387628674,0.02673111118158935,-0.05705996131528046,-0.07905138339920949,0.0,0.30333431143793166,0.06416912270657042,0.17457375452346982,Banks—Regional,Financial Services,KEY
2014Q4,2014,Q4,2015-03-02,2014-12-31,253000000.0,1034000000.0,0.0,0.28,1034000000.0,1.0,93821000000.0,10530000000.0,67670000000.0,423000000.0,83279000000.0,0.0,8273000000.0,11937472900.0,19582472900.0,12.261137782352579,159.97635933806146,0.08844501763997399,0.788034188034188,0.0,12.261137782352579,0.024026590693257358,11.544944777562863,11.795921837944663,1.1336631433998101,0.2450592885375494,0.0,0.005193729068067664,0.011020986772684154,29.21513002364066,0.0026966244231035694,14.719448705302096,1.0,0.21739130434782614,2.1484773924147955,0.14907768946001096,0.0041507332757639796,0.08158995815899582,0.3602150537634409,0.0,0.3973416386143169,0.45499987847959855,0.17431867201726736,Banks—Regional,Financial Services,KEY
2014Q3,2014,Q3,2014-11-04,2014-09-30,186000000.0,956000000.0,0.0,0.23,956000000.0,1.0,89784000000.0,10486000000.0,66404000000.0,996000000.0,79281000000.0,0.0,8082000000.0,11561775500.0,19078775500.0,12.089698506946446,66.6706827309237,0.09097389289851199,0.7789433530421515,0.0,12.089698506946446,0.017737936296013734,12.093907426778243,15.540020833333333,1.1025915983215717,0.3279569892473118,0.0,0.005276006267376495,0.010647776886750423,22.48694779116466,0.0020716385993049986,64.59092458100558,1.0,-0.04166666666666659,1.4536895105520609,-0.04953695370578739,-0.07436551374882755,-0.031408308004052685,-0.1506849315068493,0.0,-0.06246250895585069,0.013243037801590285,0.1584204780261698,Banks—Regional,Financial Services,KEY
2014Q2,2014,Q2,2014-08-04,2014-06-30,219000000.0,987000000.0,0.0,0.24,987000000.0,1.0,91798000000.0,10504000000.0,67445000000.0,521000000.0,81277000000.0,0.0,7950000000.0,12543020340.0,20673020340.0,12.000484406453573,129.45297504798464,0.09514368504760452,0.8314927646610815,0.0,12.000484406453573,0.02084920030464585,12.708227294832827,14.318516369863012,1.1941184634424982,0.2831050228310502,0.0,0.004942988077782229,0.010751868232423365,44.78886756238004,0.0023856728904769167,142.53432204545456,1.0,-0.07692307692307698,1.6386567117460296,-0.5022934342459017,-0.3620057648282963,0.03134796238244514,-0.09504132231404959,0.0,-0.012161500997374482,0.049596682741439094,0.17000092670039918,Banks—Regional,Financial Services,KEY
2014Q1,2014,Q1,2014-04-30,2014-03-31,242000000.0,957000000.0,0.0,0.26,957000000.0,1.0,90802000000.0,10403000000.0,66998000000.0,464000000.0,80383000000.0,0.0,7793000000.0,12598512480.0,20365512480.0,11.758429436425022,144.39224137931035,0.09004206955793925,0.7859271364029606,0.0,11.758429436425022,0.023262520426799962,13.164589843260188,13.01499223140496,1.2110460905508027,0.22727272727272727,0.0,0.00436559475472298,0.010539415431378164,49.76293103448276,0.0026651395343714897,86.88629296551724,1.0,0.040000000000000036,1.2514915807825973,-0.5180192587927804,-0.41866905238233104,-0.03722334004024145,0.05217391304347826,0.0,-0.08279434405752398,-0.09493778619890476,0.10023218773544916,Banks—Regional,Financial Services,KEY
2013Q4,2013,Q4,2013-12-31,2013-12-31,230000000.0,994000000.0,0.0,0.25,994000000.0,1.0,92934000000.0,10303000000.0,66547000000.0,343000000.0,82614000000.0,0.0,7606000000.0,11950724720.0,19326724720.0,11.569696670245117,194.01457725947523,0.08600727397938322,0.7757934582160536,0.0,11.569696670245117,0.022323595069397264,12.02286189134809,12.989918173913043,1.1599266931961565,0.2391304347826087,0.0,0.004602231353212862,0.010695762584199539,41.352769679300295,0.0024748746422192094,23.026444547206165,1.0,-0.13793103448275856,1.2426578591590385,-0.38669544890265867,-0.4564991471922668,-0.006,-0.15441176470588236,0.0,-0.2933688515983991,-0.0017975943350304723,-0.08884762035654671,Banks—Regional,Financial Services,KEY
2013Q3,2013,Q3,2013-09-30,2013-09-30,272000000.0,1000000000.0,0.0,0.29,1000000000.0,1.0,90708000000.0,10206000000.0,65913000000.0,466000000.0,80472000000.0,0.0,7431000000.0,10281705600.0,16153705600.0,11.316060245879827,141.44420600858368,0.07298143493407418,0.6486380560454634,0.0,11.316060245879827,0.026650989613952576,10.2817056,9.45009705882353,1.0074177542621987,0.20220588235294118,0.0,0.0053493070254802865,0.011024385941703047,51.90128755364807,0.002998632976143229,214.2022,1.0,0.31818181818181807,5.114772993824423,-0.4989859171976324,-0.35750651306080133,0.02774922918807811,0.3333333333333333,0.0,0.2041789056146749,-0.1389510620310907,-0.11126850107908794,Banks—Regional,Financial Services,KEY
2013Q2,2013,Q2,2013-06-30,2013-06-30,204000000.0,973000000.0,0.0,0.22,973000000.0,1.0,90639000000.0,10229000000.0,65397000000.0,298000000.0,80378000000.0,0.0,7214000000.0,10270392640.0,16538392640.0,11.194699563112321,219.45302013422818,0.07683226867021922,0.6808094632906443,0.0,11.194699563112321,0.01994329846514811,10.555388119218911,12.586265490196078,1.0040465969302963,0.2696078431372549,0.0,0.005355199350976322,0.010734893368196913,84.45973154362416,0.00225068679045444,5.148066486215539,1.0,0.047619047619047665,1.082607701295146,-0.5140732323757085,-0.46427331905812963,0.0,0.0,0.0,1.7896687883590008,-0.1601498383319562,-0.09504614614879152,Banks—Regional,Financial Services,KEY
2013Q1,2013,Q1,2013-03-31,2013-03-31,204000000.0,973000000.0,0.0,0.21,973000000.0,1.0,89198000000.0,10340000000.0,65072000000.0,378000000.0,78819000000.0,0.0,7065000000.0,9037503120.0,16579503120.0,11.23527136331434,172.14814814814815,0.0915155048319469,0.7894584139264991,0.0,11.23527136331434,0.019729206963249517,9.288286865364851,11.075371470588236,0.8740331837524179,0.2549019607843137,0.0,0.005753801609752584,0.010908316329962555,65.81481481481481,0.0022870467947711834,-8.344878227146815,1.0,0.0,-0.5941726796591725,-0.6599767098530033,-0.4780920924351277,0.11327231121281464,0.0049261083743842365,0.0,4.523982157907028,-0.14005515193618526,-0.07678188269119704,Banks—Regional,Financial Services,KEY
2012Q4,2012,Q4,2013-02-26,2012-12-31,203000000.0,874000000.0,0.0,0.21,874000000.0,1.0,89236000000.0,10271000000.0,65496000000.0,313000000.0,78927000000.0,0.0,6913000000.0,7794604500.0,14343604500.0,11.095087634016581,209.2523961661342,0.07994531355058497,0.6945769642683283,0.0,11.095087634016581,0.019764385162106903,8.918311784897025,9.599266625615764,0.7588944114497128,0.2561576354679803,0.0,0.006671281397279362,0.009794253440315568,43.02555910543131,0.0022748666457483527,12.17906953125,1.0,-0.0869565217391305,2.5008912149936533,-0.6514152966938507,-0.4283136494221105,-0.2168458781362007,-0.0730593607305936,0.0,1.8548965675551594,-0.09893547385028453,-0.09134530732604416,Banks—Regional,Financial Services,KEY
2012Q3,2012,Q3,2012-11-01,2012-09-30,219000000.0,1116000000.0,0.0,0.23,1116000000.0,1.0,86950000000.0,10251000000.0,65571000000.0,388000000.0,76671000000.0,0.0,6762000000.0,8154502330.000001,13687502330.0,10.949314426157017,168.99742268041237,0.07483611270845314,0.6347673397717296,0.0,10.949314426157017,0.021363769388352355,7.306901729390682,9.308792614155251,0.7954835947712419,0.2374429223744292,0.0,0.006376845317548643,0.012834962622196664,8.20103092783505,0.002518688901667625,21.402893254593177,1.0,-0.04166666666666659,-0.5663382548815827,-0.5900375680254276,-0.45488796124334735,0.09090909090909091,-0.07203389830508475,0.0,1.4948857921212988,0.027913607544680984,-0.16167776823921282,Banks—Regional,Financial Services,KEY
2012Q2,2012,Q2,2012-08-02,2012-06-30,236000000.0,1023000000.0,0.0,0.24,1023000000.0,1.0,86523000000.0,10155000000.0,64208000000.0,362000000.0,76347000000.0,0.0,6595000000.0,7311575520.0,14477575520.0,10.750035992242614,177.37016574585635,0.09110872253620425,0.7762678483505662,0.0,10.750035992242614,0.023239783357951748,7.147190146627566,7.745313050847458,0.7199975893648449,0.22033898305084745,0.0,0.007112010244270855,0.011823445788980964,16.328729281767956,0.0027275984420327545,50.42465875862069,1.0,0.1999999999999999,-0.7067544393940078,-0.6819757200565713,-0.4527336890561284,-0.001951219512195122,0.18,0.0,1.6377071633668594,-0.5220111370453387,-0.42848465456521095,Banks—Regional,Financial Services,KEY
2012Q1,2012,Q1,2012-05-03,2012-03-31,200000000.0,1025000000.0,0.0,0.2,1025000000.0,1.0,87431000000.0,10099000000.0,63356000000.0,324000000.0,77315000000.0,0.0,6411000000.0,8069407000.0,16875407000.0,10.637894457424196,195.54320987654322,0.10547746222735643,0.913159718784038,0.0,10.637894457424196,0.019803940984255867,7.8725921951219515,10.08675875,0.7990303000297059,0.175,0.0,0.00433736952417941,0.011723530555523784,12.410493827160494,0.0022875181571753726,218.0920810810811,1.0,0.0,-0.7605108139562531,-0.6777316373098491,-0.4516709085052919,0.3057324840764331,0.0,0.0,1.193697790428733,-0.5189079291973518,-0.4740677486710885,Banks—Regional,Financial Services,KEY
2011Q4,2011,Q4,2012-02-27,2011-12-31,200000000.0,785000000.0,0.0,0.2,785000000.0,1.0,88785000000.0,9905000000.0,63481000000.0,916000000.0,78863000000.0,0.0,6246000000.0,7295180020.0,16458180020.0,10.441065167847633,69.3024017467249,0.11102100580052937,0.9951539626451287,0.0,10.441065167847633,0.020191822311963654,9.293222955414013,9.118975025000001,0.7365148934881374,0.17,0.0,0.004660611514285839,0.008841583600833473,15.217248908296943,0.0022526327645435605,-177.93122,1.0,-0.09090909090909087,-0.4254681385964779,-0.6843379835308836,-0.46069858449209694,-0.23934108527131784,-0.07834101382488479,0.0,1.1980745029631976,-0.545335010887937,-0.509518012037382,Banks—Regional,Financial Services,KEY
2011Q3,2011,Q3,2011-11-03,2011-09-30,217000000.0,1032000000.0,0.0,0.22,1032000000.0,1.0,89262000000.0,9901000000.0,62727000000.0,519000000.0,79344000000.0,0.0,6079000000.0,5625802860.0,16033802860.0,10.436364632940586,120.86127167630057,0.1258766328336806,1.1348348651651348,0.0,10.436364632940586,0.021916978083021916,5.4513593604651165,6.48133970046083,0.5682055206544793,0.15668202764976957,0.0,0.00604358183997937,0.011561470726624992,10.778420038535646,0.002431045685734131,14.31502,1.0,-0.12,-0.7039806317825127,-0.6549625136886291,-0.46973759764832645,0.0137524557956778,-0.09583333333333334,0.0,4.120809127746238,-0.508458571072337,-0.40745311015569013,Banks—Regional,Financial Services,KEY
2011Q2,2011,Q2,2011-08-04,2011-06-30,240000000.0,1018000000.0,0.0,0.25,1018000000.0,1.0,88782000000.0,9719000000.0,62896000000.0,511000000.0,79045000000.0,0.0,5926000000.0,7893216450.0,18548216450.0,10.256816155092263,123.08414872798434,0.12962086909508685,1.1840724354357444,0.0,10.256816155092263,0.02469389854923346,7.753650736738703,8.22210046875,0.8121428593476695,0.14583333333333334,0.0,0.004434187282422744,0.011466288211574418,16.407045009784735,0.002703250658917348,7.909034519038076,1.0,0.3157894736842105,-0.6673403688648025,-0.6596729594601464,-0.46372375267065225,-0.03415559772296015,-0.08745247148288973,0.0,1.0937159121483475,-0.5097501314966131,-0.5091560925936212,Banks—Regional,Financial Services,KEY
2011Q1,2011,Q1,2011-05-05,2011-03-31,263000000.0,1054000000.0,0.0,0.19,1054000000.0,1.0,90438000000.0,9425000000.0,63891000000.0,685000000.0,80741000000.0,0.0,5721000000.0,7831218720.000001,19024218720.0,10.687225448863469,93.27153284671533,0.12973528826378292,1.2448806366047744,0.0,10.687225448863469,0.02790450928381963,7.429998785578748,7.444124258555134,0.8308985379310345,0.23193916349809887,0.0,0.007789336778988596,0.011654393064862115,6.197080291970803,0.0029080696167540195,20.50057256544503,1.0,-0.40625,-0.5796146062889825,-0.597279235780008,-0.4299782630648477,0.07660878447395301,-0.178125,0.0,-0.45400653322811924,-0.615623329502123,-0.5035502667160339,Banks—Regional,Financial Services,KEY
2010Q4,2010,Q4,2011-02-24,2010-12-31,320000000.0,979000000.0,0.0,0.32,979000000.0,1.0,91843000000.0,11117000000.0,64371000000.0,2269000000.0,80469000000.0,0.0,5557000000.0,7748183850.0,19213183850.0,12.697872418192555,28.369766416923756,0.12785949936304344,1.0563101556175227,0.0,12.697872418192555,0.028784744085634615,7.91438595505618,6.0532686328125,0.6969671539084286,0.14375,0.0,0.00593687512977638,0.010659495007785024,5.44380784486558,0.003484206744117679,11.053044008559201,1.0,0.6,-0.4969539757267013,-0.6438265023993022,-0.31917143288262806,-0.130550621669627,0.4611872146118721,0.0,4.835228971754458,-0.5871379825286471,-0.34572843565434663,Banks—Regional,Financial Services,KEY
2010Q3,2010,Q3,2010-11-04,2010-09-30,219000000.0,1126000000.0,0.0,0.2,1126000000.0,1.0,94043000000.0,11134000000.0,66509000000.0,685000000.0,82655000000.0,0.0,5287000000.0,6960486680.0,18265486680.0,12.732822297420157,97.0934306569343,0.1289622832108716,1.0892760912520207,0.0,12.732822297420157,0.019669480869409017,6.181604511545293,7.9457610502283105,0.6251559798814442,0.2100456621004566,0.0,0.006608733284724855,0.011973246280956584,11.72992700729927,0.0023287219676105613,18.914365978260868,1.0,5.666666666666667,-0.630223431032024,-0.568185678250412,-0.3052029634525542,0.015329125338142471,2.1285714285714286,0.0,-0.5356944442856114,-0.5571353417226377,-0.36609595345149387,Banks—Regional,Financial Services,KEY
2010Q2,2010,Q2,2010-08-06,2010-06-30,70000000.0,1109000000.0,0.0,0.03,1109000000.0,1.0,94167000000.0,10820000000.0,68957000000.0,819000000.0,83095000000.0,0.0,5118000000.0,6726166160.0,17405166160.0,12.37046454409922,84.19658119658119,0.11968099227967334,1.0415896487985212,0.0,12.37046454409922,0.006469500924214418,6.065073183047791,24.022022000000003,0.6216419741219964,0.6571428571428571,0.0,0.0068389627769766545,0.011776949462125798,3.144078144078144,0.0007433602004948655,9.93525282127031,1.0,1.4769378181818182,-0.8875845988089667,-0.5604194128563059,-0.31223111204315396,0.03162790697674418,2.272727272727273,0.0,-0.9060609333864443,-0.6276554959009022,-0.37024038797670716,Banks—Regional,Financial Services,KEY
2010Q1,2010,Q1,2010-05-06,2010-03-31,-55000000.0,1075000000.0,0.0,-0.0629012815850208,1075000000.0,1.0,95303000000.0,10641000000.0,70862000000.0,446000000.0,84381000000.0,0.0,5098000000.0,6776491500.0,17780491500.0,12.169682497203752,158.88340807174887,0.1219583853603769,1.0922845597218307,0.0,12.169682497203752,-0.00516868715346302,6.303713023255814,-30.802234090909092,0.63682844657457,-0.8363636363636363,0.0,0.006788173496565295,0.01127981280757164,11.130044843049328,-0.0005771067017827351,8.243906934306569,1.0,0.7903290613832641,-1.0972739728220717,-0.5627755228554965,-0.3062771216087136,0.17486338797814208,0.7544642857142857,0.0,-1.0715052783161148,-0.6330374279964788,-0.37271506366434215,Banks—Regional,Financial Services,KEY
2009Q4,2009,Q4,2010-03-01,2009-12-31,-224000000.0,915000000.0,0.0,-0.3,915000000.0,1.0,93287000000.0,10663000000.0,70335000000.0,1823000000.0,82354000000.0,0.0,5158000000.0,4846637400.0,16273637400.0,12.210455438651136,38.58200767964893,0.12754188686526527,1.115821063490575,0.0,12.210455438651136,-0.021007221232298603,5.296871475409836,-5.409193526785714,0.45452850042202003,-0.20089285714285715,0.0,0.009284787840740882,0.00980844061873573,7.886999451453648,-0.0024011920203243753,6.444996542553191,1.0,0.42307692307692313,-1.4916566922617434,-0.6163459679758468,-0.2995518646613085,-0.060574948665297744,0.4357682619647355,0.0,-1.69902751064322,-0.6002983959952928,-0.3693061199982706,Banks—Regional,Financial Services,KEY
2009Q3,2009,Q3,2009-11-06,2009-09-30,-397000000.0,974000000.0,0.0,-0.52,974000000.0,1.0,96989000000.0,10970000000.0,74551000000.0,471000000.0,85801000000.0,0.0,5431000000.0,5459389000.0,18070389000.0,13.060985395984789,158.2823779193206,0.1375001288805947,1.2156791248860528,0.0,13.060985395984789,-0.03618960802187785,5.605122176591376,-3.437902392947103,0.49766536007292617,-0.11586901763224182,0.0,0.008425851317793987,0.010042375939539536,15.252653927813164,-0.004093247687882131,6.625472087378641,1.0,-0.3273414159292035,-1.7637534523421157,-0.5683767254167047,-0.23434156918588278,-0.25478194338179033,-0.7566371681415929,0.0,-1.6117162714240243,-0.6321720953290607,-0.336382951655878,Banks—Regional,Financial Services,KEY
2009Q2,2009,Q2,2009-08-10,2009-06-30,-226000000.0,1307000000.0,0.0,-0.3917605476327089,1307000000.0,1.0,97792000000.0,10851000000.0,78612000000.0,1710000000.0,86732000000.0,0.0,5878000000.0,3022866920.0,17471866920.0,18.809706647621788,45.97192982456141,0.15514561518324607,1.398212146345959,0.0,18.809706647621788,-0.020827573495530365,2.3128285539403213,-3.343879336283186,0.2785795705464934,-0.2079646017699115,0.0,0.015548153869770752,0.013365101439790576,2.461988304093567,-0.002311027486910995,5.91559084148728,1.0,0.6405866535479736,-1.672536479536901,-0.1408803848887653,0.13010282030546763,0.18173598553345388,0.5783582089552238,0.0,-1.5145393208206637,-0.2822957192525237,-0.016537028467216344,Banks—Regional,Financial Services,KEY
2009Q1,2009,Q1,2009-05-11,2009-03-31,-536000000.0,1106000000.0,0.0,-1.09,1106000000.0,1.0,97834000000.0,9968000000.0,83207000000.0,2285000000.0,87660000000.0,0.0,6160000000.0,3878438310.0,20504438310.0,20.22673914852084,36.414442013129104,0.17645194922010754,1.7318418940609952,0.0,20.22673914852084,-0.05377207062600321,3.5067254159132006,-1.8089730923507463,0.38908891552969505,-0.13992537313432835,0.0,0.01933768027368727,0.01130486333994317,1.5553610503282276,-0.005478667947748227,969.6095775,1.0,0.035398230088495415,-2.812780750507799,-0.14364667473858983,0.20418312164675864,0.234375,-0.022900763358778626,0.0,-2.533172043324448,-0.24377197002585302,0.07882827373125299,Banks—Regional,Financial Services,KEY
2008Q4,2008,Q4,2009-02-27,2008-12-31,-524000000.0,896000000.0,0.0,-1.13,896000000.0,1.0,104531000000.0,10480000000.0,85936000000.0,10839000000.0,94051000000.0,0.0,6727000000.0,4194489720.0,26410489720.0,21.28735697557032,7.928406679582987,0.22455539505027217,2.239790076335878,0.0,21.28735697557032,-0.05,4.6813501339285715,-2.0011878435114503,0.4002375687022901,-0.08015267175572519,0.0,0.010013136949588233,0.00857161990222996,1.774517944459821,-0.005012866996393414,-3.9570657735849055,1.0,-14.417563055555553,-2.8953025437138122,-0.33302330270966735,0.2727817340480183,-0.17571297148114076,-13.555555555555555,0.0,-2.464893785278664,-0.4202990316915259,0.14137552103839032,Banks—Regional,Financial Services,KEY
2008Q3,2008,Q3,2008-11-07,2008-09-30,-36000000.0,1087000000.0,0.0,-0.07329303573646268,1087000000.0,1.0,101290000000.0,8651000000.0,86682000000.0,5352000000.0,92639000000.0,0.0,7320000000.0,5864677260.0,24876677260.0,17.61272367100385,16.196188340807176,0.2068219962483957,2.421569760721304,0.0,17.61272367100385,-0.004161368627904289,5.395287267709292,-40.72692541666667,0.6779189989596579,-2.9166666666666665,0.0,0.017903798511838313,0.0107315628393721,0.36192077727952165,-0.0003554151446342186,6.530821002227172,1.0,0.9728544312087175,-1.1362446501442771,-0.1808423202132013,0.06522267739388929,0.19058050383351588,0.9680284191829485,0.0,-1.1082142671807391,-0.2578786187754429,-0.03891942208115458,Banks—Regional,Financial Services,KEY
2008Q2,2008,Q2,2008-08-08,2008-06-30,-1126000000.0,913000000.0,0.0,-2.7,913000000.0,1.0,101544000000.0,8706000000.0,86847000000.0,6622000000.0,92838000000.0,0.0,7461000000.0,4574586420.0,24390586420.0,20.896289024527817,13.114919963757172,0.21397620735838652,2.4957500574316565,0.0,20.896289024527817,-0.1293360900528371,5.01049991237678,-1.0156719404973358,0.525452150241213,-0.13321492007104796,0.0,0.03278984944829176,0.00899117623887182,0.2887345212926608,-0.01108878909635232,-9.094605208747515,1.0,-6.0,-6.091565685537973,-0.1779697252773244,0.2673573879374589,-0.26430298146655923,-6.165137614678899,0.0,-4.796277237070479,-0.24025212897057605,0.16178478290694276,Banks—Regional,Financial Services,KEY
2008Q1,2008,Q1,2008-05-06,2008-03-31,218000000.0,1241000000.0,0.0,0.54,1241000000.0,1.0,101492000000.0,8592000000.0,87416000000.0,5464000000.0,92900000000.0,0.0,8737000000.0,8760705950.0,26831705950.0,21.527306255496452,15.998535871156662,0.19509912111299413,2.3045856610800746,0.0,21.527306255496452,0.02537243947858473,7.059392385173247,10.0466811353211,1.0196352362662944,0.6788990825688074,0.0,0.016893615747940953,0.01222756473416624,0.3166178623718887,0.0021479525479840777,36.0522878600823,1.0,7.6210136,0.07043927186674749,0.22664331073470867,0.32719993734506425,0.14801110083256244,7.72,0.0,-0.15532610183605736,0.10577406743304468,0.22714662958587045,Banks—Regional,Financial Services,KEY
2007Q4,2007,Q4,2008-02-28,2007-12-31,25000000.0,1081000000.0,0.0,0.06263764622758512,1081000000.0,1.0,99983000000.0,7746000000.0,86645000000.0,9106000000.0,92237000000.0,0.0,8522000000.0,9359387450.0,25955387450.0,19.40764830715497,9.515154842960685,0.18413130232139463,2.3767105602891814,0.0,19.40764830715497,0.003227472243738704,8.65808274745606,93.59387449999998,1.2082865285308546,5.72,0.0,0.01527877767257087,0.010811838012462119,1.8637162310564463,0.0002500425072262285,35.85972203065134,1.0,-0.8840043588378054,-0.8912725510227091,-0.00532223749946122,0.2075475689576196,-0.045053003533568906,-0.8809523809523809,0.0,-0.879940394368738,-0.008283968594978541,0.11331236876103933,Banks—Regional,Financial Services,KEY
2007Q3,2007,Q3,2007-11-07,2007-09-30,210000000.0,1132000000.0,0.0,0.54,1132000000.0,1.0,97366000000.0,7820000000.0,84245000000.0,2743000000.0,89546000000.0,0.0,8788000000.0,12773556390.0,25049556390.0,20.086355918925097,30.712723295661686,0.14678635252552225,1.827621483375959,0.0,20.086355918925097,0.026854219948849106,11.284060415194347,15.20661475,1.6334471086956524,0.6714285714285714,0.0,0.011038429368847056,0.011626235030708872,0.7349617207437112,0.0021568103855555327,-77.41549327272728,1.0,-0.3571428571428571,-0.061495292329132895,0.09492215894934487,0.28678859077004454,-0.15205992509363295,-0.3712574850299401,0.0,-0.1284203956138795,0.08222462029077321,0.17749827347528843,Banks—Regional,Financial Services,KEY
2007Q2,2007,Q2,2007-08-08,2007-06-30,334000000.0,1335000000.0,0.0,0.84,1335000000.0,1.0,94076000000.0,7701000000.0,81074000000.0,2631000000.0,86375000000.0,0.0,8720000000.0,13458904850.0,26852904850.0,19.643153209452997,30.814899277841125,0.16169905183043498,1.9753278794961693,0.0,19.643153209452997,0.043370990780418124,10.081576666666667,10.074030576347305,1.747682748993637,0.4221556886227545,0.0,0.010476335301530868,0.014190654364556316,0.6909920182440137,0.0035503210170500445,-97.52829601449275,1.0,-0.0454545454545455,0.4756345686631503,0.2828802572432461,0.2696890833316515,0.0015003750937734434,-0.045714285714285714,0.0,0.46253307207763844,0.2912523787243954,0.18017698295693207,Banks—Regional,Financial Services,KEY
2007Q1,2007,Q1,2007-05-10,2007-03-31,350000000.0,1333000000.0,0.0,0.88,1333000000.0,1.0,93219000000.0,7719000000.0,79935000000.0,1108000000.0,85500000000.0,0.0,8528000000.0,14908376250.0,27025376250.0,19.400565504241282,72.14350180505416,0.1519969105010781,1.8356004663816556,0.0,19.400565504241282,0.04534266096644643,11.184078207051764,10.648840178571428,1.9313869996113486,0.4142857142857143,0.0,0.009726075970211714,0.014299659940570055,1.851985559566787,0.003754599384245701,-42.71741045845272,1.0,1.3981506849315068,0.5572232694522986,0.29753058565745394,0.2874769224155622,0.27804410354745923,1.3972602739726028,0.0,0.4661690229343388,0.27839044189656836,0.15499751883229862,Banks—Regional,Financial Services,KEY
