Year,Date,FillingDate,NetIncome,Revenue,OperatingIncome,EPSDiluted,GrossProfit,GrossProfitRatio,TotalAssets,CommonStockEquity,CurrentAssets,CurrentLiability,TotalLiability,Inventory,RetainedEarnings,EnterpriseValue,bookValuePerShare,currentRatio,debtToAssets,debtToEquity,roic,shareholdersEquityPerShare,roe,priceToSalesRatio,peRatio,pbRatio,payoutRatio,inventoryTurnover,dividendYield,assetTurnover,quickRatio,returnOnAssets,priceToFreeCashFlowsRatio,grossProfitMargin,epsdilutedGrowth,fiveYNetIncomeGrowthPerShare,fiveYRevenueGrowthPerShare,fiveYShareholdersEquityGrowthPerShare,grossProfitGrowth,netIncomeGrowth,operatingIncomeGrowth,threeYNetIncomeGrowthPerShare,threeYRevenueGrowthPerShare,threeYShareholdersEquityGrowthPerShare,Industry,Sector,Price,MarketCap,AvgVolume,Symbol
2022,2022-12-31,2023-02-22,1917000000.0,7000000.0,3224000000.0,1.97,7000000.0,1.0,189813000000.0,13454000000.0,17681000000.0,5386000000.0,176359000000.0,0.0,15616000000.0,46050779860.0,13.901876763695993,3.2827701448199034,0.15846649070400867,2.2356919875130075,0.06065443078376987,13.901876763695993,0.14248550616916902,2408.397122857143,8.794355691184142,1.2530682220900848,0.44548774126238916,0.0,0.05065609771833155,3.687840137398387e-05,10.322131451912366,0.010099413633418153,3.8658059756936485,1.0,-0.2509505703422053,0.638571912987381,-0.9987210343906266,-0.007928094450531038,-0.9990053992611537,-0.26971428571428574,-0.0951445411170362,0.1445251450488242,-0.9988392396625654,-0.19051961378260815,Banks—Regional,Financial Services,9.865,9226379360,23070531,KEY
2021,2021-12-31,2022-02-22,2625000000.0,7038000000.0,3563000000.0,2.63,7038000000.0,1.0,186346000000.0,17423000000.0,69622000000.0,588000000.0,168923000000.0,0.0,14553000000.0,33622613450.0,18.396836542370377,118.4047619047619,0.07093256630139633,0.7586523560810423,0.09331579002357983,18.396836542370377,0.1506629168340699,3.1124770460358056,8.344995599999999,1.2572813780634793,0.31352380952380954,0.0,0.037570278589938326,0.03776845223401629,118.4047619047619,0.01408669893638715,20.152358279668814,1.0,1.0708661417322833,2.251134186386456,0.45004276852605934,0.12000520297873447,0.08443759630200308,0.9545793000744601,0.6042323277802791,0.546118289330603,0.2563341300043273,0.22789888993830718,Banks—Regional,Financial Services,9.865,9226379360,23070531,KEY
2020,2020-12-31,2021-02-22,1343000000.0,6490000000.0,2221000000.0,1.27,6490000000.0,1.0,170336000000.0,17981000000.0,56017000000.0,759000000.0,152355000000.0,0.0,12751000000.0,29258319030.0,18.579578273228606,73.80368906455863,0.08939390381363893,0.8468383293476447,0.057103709166435805,18.579578273228606,0.07468995050330905,2.4470445346687213,11.825256165301564,0.883227797675324,0.6172747580044676,0.0,0.05219969439780217,0.038101164756716134,73.80368906455863,0.007884416682322,9.864173310559007,1.0,-0.21604938271604943,0.26779225567758386,0.3791914700826835,0.4468868192479309,0.0498220640569395,-0.21782178217821782,-0.3383973786118558,0.14794057336570302,0.18578382926183273,0.3258841187516725,Banks—Regional,Financial Services,9.865,9226379360,23070531,KEY
2019,2019-12-31,2020-02-26,1717000000.0,6182000000.0,3357000000.0,1.62,6182000000.0,1.0,144988000000.0,17038000000.0,34029000000.0,705000000.0,127950000000.0,0.0,12469000000.0,32500921840.0,17.173827804102647,48.268085106382976,0.09558032388887357,0.8133583753961733,0.09174303471288793,17.173827804102647,0.10077473881911023,3.2481271174377224,11.694771019219568,1.1785374950111516,0.46825859056493885,0.0,0.040039996490344905,0.0426380114216349,48.268085106382976,0.011842359367671808,7.118015540588444,1.0,-0.05263157894736834,0.6758136635987356,0.3803607013584727,0.42130794619890866,0.004060419035244438,-0.07984994640943194,0.0,1.0300379621516333,0.2158747152681662,0.045548045793392486,Banks—Regional,Financial Services,9.865,9226379360,23070531,KEY
2018,2018-12-31,2019-02-25,1866000000.0,6157000000.0,0.0,1.71,6157000000.0,1.0,139613000000.0,15595000000.0,100900000000.0,544000000.0,124017000000.0,0.0,11556000000.0,28982354200.0,14.982370855710018,185.47794117647058,0.10225408808635299,0.9154216094902212,0.0,14.982370855710018,0.11965373517152933,2.498676985544908,8.244562808145766,0.9864927348509137,0.3515541264737406,0.0,0.042640723911569846,0.04410047774920674,22.05698529411765,0.013365517537765107,6.391505691732447,1.0,0.513274336283186,0.7858489274658128,0.3609663957527953,0.31824505072325227,0.015503875968992248,0.4398148148148148,0.0,0.6377849431086036,0.21652817614836736,0.16675387317304163,Banks—Regional,Financial Services,9.865,9226379360,23070531,KEY
2017,2017-12-31,2018-02-26,1296000000.0,6063000000.0,0.0,1.13,6063000000.0,1.0,137698000000.0,15023000000.0,97851000000.0,634000000.0,122673000000.0,0.0,10335000000.0,35919813260.0,14.012972936670653,154.3391167192429,0.10869438917050357,0.9962723823470678,0.0,14.012972936670653,0.08626772282500167,3.566520412337127,16.685041095679015,1.4393805005657991,0.37037037037037035,0.0,0.02219774996336608,0.04403114061206408,21.63249211356467,0.009411901407427849,12.697482830299471,1.0,0.4124999999999998,0.3229079707526239,0.31502246805149886,0.28101984442902156,0.2750788643533123,0.638432364096081,0.0,0.17053811383126966,0.25278423575082415,0.159715237158856,Banks—Regional,Financial Services,9.865,9226379360,23070531,KEY
2016,2016-12-31,2017-02-28,791000000.0,4755000000.0,0.0,0.8,4755000000.0,1.0,136453000000.0,15240000000.0,97839000000.0,808000000.0,121213000000.0,0.0,9378000000.0,29466198320.0,16.425670607103132,121.0878712871287,0.09667797703238477,0.8656167979002625,0.0,16.425670607103132,0.05190288713910761,3.5649207823343847,21.430086371681416,1.1122833543307087,0.42351453855878635,0.0,0.019762614635022453,0.03484716349219145,15.106435643564357,0.005796867785977589,10.978755388601035,1.0,-0.23809523809523808,-0.13640134934925255,0.2281060676298121,0.5454458265078295,0.1685917915949865,-0.13646288209606988,0.0,-0.15071678668383198,0.17915731169172408,0.4452358168915423,Banks—Regional,Financial Services,9.865,9226379360,23070531,KEY
2015,2015-12-31,2016-02-24,916000000.0,4069000000.0,0.0,1.05,4069000000.0,1.0,95133000000.0,10746000000.0,69970000000.0,533000000.0,84374000000.0,0.0,8922000000.0,21149998740.0,12.841072311990498,131.27579737335836,0.11267383557755983,0.9974874371859297,0.0,12.841072311990498,0.08524101991438675,2.712705514868518,12.050216965065502,1.0271727842918295,0.2914847161572052,0.0,0.024189167464971104,0.042771698569371304,20.403377110694183,0.009628625187894842,10.452650321969697,1.0,0.06060606060606066,0.7283158887861662,-0.008325702514382758,0.010407692971940689,0.034316217590238944,0.017777777777777778,0.0,0.19784588338898215,0.13061341485672714,0.17388854811534132,Banks—Regional,Financial Services,9.865,9226379360,23070531,KEY
2014,2014-12-31,2015-03-02,900000000.0,3934000000.0,0.0,0.99,3934000000.0,1.0,93821000000.0,10530000000.0,67670000000.0,423000000.0,83279000000.0,0.0,8273000000.0,19758349600.0,12.083115309410372,159.97635933806146,0.08844501763997399,0.788034188034188,0.0,12.083115309410372,0.08547008547008547,3.079143263853584,13.459277333333333,1.150365584045584,0.26666666666666666,0.0,0.019812851764800053,0.04193091099007685,29.21513002364066,0.009592735101949457,9.904619460343417,1.0,0.020618556701030948,1.5393133105113472,-0.2561742213972428,-0.20999678762712295,-0.0015228426395939086,-0.01098901098901099,0.0,0.04614139564846213,0.08176298689825025,0.13686683319132212,Banks—Regional,Financial Services,9.865,9226379360,23070531,KEY
2013,2013-12-31,2013-12-31,910000000.0,3940000000.0,0.0,0.97,3940000000.0,1.0,92934000000.0,10303000000.0,66547000000.0,343000000.0,82614000000.0,0.0,7606000000.0,19541552080.0,11.365391318928125,194.01457725947523,0.08600727397938322,0.7757934582160536,0.0,11.365391318928125,0.08832378918761526,3.087703573604061,13.368738549450548,1.1807776453460157,0.23846153846153847,0.0,0.0178372505064316,0.042395678653668195,41.352769679300295,0.00979189532356296,8.225525409060175,1.0,0.08988764044943816,1.307741581500096,-0.5271955608140861,-0.5119399481126818,-0.02426944031698861,0.06060606060606061,0.0,0.5850219444967772,-0.11357126214266883,-0.10570717590629303,Banks—Regional,Financial Services,9.865,9226379360,23070531,KEY
2012,2012-12-31,2013-02-26,858000000.0,4038000000.0,0.0,0.89,4038000000.0,1.0,89236000000.0,10271000000.0,65496000000.0,313000000.0,78927000000.0,0.0,6913000000.0,14454883220.0,10.93891948482386,209.2523961661342,0.07994531355058497,0.6945769642683283,0.0,10.93891948482386,0.08353616979846169,1.9578710302129767,9.214316107226107,0.7697286749099407,0.22261072261072262,0.0,0.024159223540870873,0.04525079564301403,43.02555910543131,0.009614953606167913,6.571806500415628,1.0,0.022988505747126457,-0.610207083726798,-0.6546021158007231,-0.44639831603353275,0.03831319105168424,-0.06739130434782609,0.0,1.4771962972533161,-0.2913784880349864,-0.2848051755188617,Banks—Regional,Financial Services,9.865,9226379360,23070531,KEY
2011,2011-12-31,2012-02-27,920000000.0,3889000000.0,0.0,0.87,3889000000.0,1.0,88785000000.0,9905000000.0,63481000000.0,916000000.0,78863000000.0,0.0,6246000000.0,16329572460.0,10.628435060851949,69.3024017467249,0.11102100580052937,0.9951539626451287,0.0,10.628435060851949,0.09288238263503282,1.8427802674209308,7.7897526739130445,0.7235307884906613,0.1782608695652174,0.0,0.022884021743359306,0.04380244410654953,15.217248908296943,0.010362110716900377,4.137743914549653,1.0,0.9772727272727273,-0.6215068705361709,-0.6484894046838507,-0.44189332756536354,-0.09326183259501049,0.6606498194945848,0.0,1.3026403052048061,-0.5460401783191695,-0.5435868047375239,Banks—Regional,Financial Services,9.865,9226379360,23070531,KEY
2010,2010-12-31,2011-02-24,554000000.0,4289000000.0,0.0,0.44,4289000000.0,1.0,91843000000.0,11117000000.0,64371000000.0,2269000000.0,80469000000.0,0.0,5557000000.0,19206519800.0,12.708802992404669,28.369766416923756,0.12785949936304344,1.0563101556175227,0.0,12.708802992404669,0.049833588198254924,1.8049708090463978,13.973862454873645,0.6963677071152289,0.33212996389891697,0.0,0.023767942826936905,0.04669925851725227,5.44380784486558,0.006032032925753732,3.0146105140186914,1.0,1.188034188034188,-0.7705775057218757,-0.5880678856780855,-0.3159174839909642,0.013708343181281021,1.4149812734082396,0.0,-0.7298457746286394,-0.6062099397665425,-0.3568272673042175,Banks—Regional,Financial Services,9.865,9226379360,23070531,KEY
2009,2009-12-31,2010-03-01,-1335000000.0,4231000000.0,0.0,-2.34,4231000000.0,1.0,93287000000.0,10663000000.0,70335000000.0,1823000000.0,82354000000.0,0.0,5158000000.0,15296210250.0,15.295020476077774,38.58200767964893,0.12754188686526527,1.115821063490575,0.0,15.295020476077774,-0.1251992872549939,0.9144907232332782,-2.8982848314606744,0.36286319516083654,-0.15955056179775282,0.0,0.0550499937293405,0.045354658205323355,7.886999451453648,-0.014310675656843934,1.850411406025825,1.0,0.3035714285714286,-1.8241506844822912,-0.431480602203009,-0.11761894307005862,0.022721779066956733,0.09059945504087194,0.0,-1.7341879441566521,-0.488790033292656,-0.1968476136091525,Banks—Regional,Financial Services,9.865,9226379360,23070531,KEY
2008,2008-12-31,2009-02-27,-1468000000.0,4137000000.0,0.0,-3.36,4137000000.0,1.0,104531000000.0,10480000000.0,85936000000.0,10839000000.0,94051000000.0,0.0,6727000000.0,26050332280.0,23.286870693428792,7.928406679582987,0.22455539505027217,2.239790076335878,0.0,23.286870693428792,-0.14007633587786258,0.9268388397389412,-2.611942970027248,0.3658714007633588,-0.30313351498637603,0.0,0.11605671274791032,0.0395767762673274,1.774517944459821,-0.014043680821957123,-9.086095450236966,1.0,-2.4482758620689657,-2.527209017546521,-0.1334707082725442,0.4127034071294378,-0.1524277811923786,-2.5973884657236126,0.0,-2.181639758330481,-0.22769662482442424,0.2534729748709135,Banks—Regional,Financial Services,9.865,9226379360,23070531,KEY
TTM,,,,,,,,,,,,,,,,41256379360.0,15.4583427775799,6.059735612762151,0.21706772513024064,2.993646138807429,0.052123687531840546,15.4583427775799,0.12837655199754924,2.4376167397622193,5.131849438517687,0.6381667260159196,0.49073554183043233,0.0,0.08210846426761277,0.01916271346047722,6.059735612762151,0.009016854074797867,2.2009492748091604,1.0,,,,,,,,,,,Banks—Regional,Financial Services,9.865,9226379360,23070531,KEY
