Quarters,Year,Quarter,FillingDate,Date,NetIncome,Revenue,OperatingIncome,EPSDiluted,GrossProfit,GrossProfitRatio,TotalAssets,CommonStockEquity,CurrentAssets,CurrentLiability,TotalLiability,Inventory,RetainedEarnings,MarketCap,EnterpriseValue,bookValuePerShare,currentRatio,debtToAssets,debtToEquity,roic,shareholdersEquityPerShare,roe,priceToSalesRatio,peRatio,pbRatio,payoutRatio,inventoryTurnover,dividendYield,assetTurnover,quickRatio,returnOnAssets,priceToFreeCashFlowsRatio,grossProfitMargin,epsdilutedGrowth,fiveYNetIncomeGrowthPerShare,fiveYRevenueGrowthPerShare,fiveYShareholdersEquityGrowthPerShare,grossProfitGrowth,netIncomeGrowth,operatingIncomeGrowth,threeYNetIncomeGrowthPerShare,threeYRevenueGrowthPerShare,threeYShareholdersEquityGrowthPerShare,Industry,Sector,Symbol
2023Q1,2023,Q1,2023-05-09,2023-03-31,-53888000.0,0.0,-47942000.0,-0.57,0.0,0.0,219906000.0,-1081388000.0,210413000.0,40571000.0,248362000.0,0.0,-1081388000.0,119536569.18,276758569.18,-11.398594499966391,5.186290700253876,1.011632242867407,-0.20572079586605363,0.06158736900335596,-11.398594499966391,0.04983225262348019,0.0,-0.5545602415194477,-0.11053994420134124,0.0,0.0,0.0,0.0,4.975376500455991,-0.2450501577946941,-2.25523675911252,0.0,0.06557377049180334,0.4582855225641429,0.0,0.0,0.0,0.057671458049172876,0.11801607888588406,0.3498761835434812,0.0,-3.3019506281311073,Biotechnology,Healthcare,GOSS
2022Q4,2022,Q4,2023-03-17,2022-12-31,-57186000.0,0.0,-54357000.0,-0.61,0.0,0.0,272450000.0,-1032223000.0,261880000.0,49230000.0,260373000.0,0.0,-1032223000.0,204588800.01,318354800.01,-10.948419023380145,5.3195206175096486,0.8285520278950266,-0.21869208494676054,0.0696741112121492,-10.948419023380145,0.05540081939658388,0.0,-0.8944007274944916,-0.19820213268838224,0.0,0.0,0.0,0.0,5.193540524070689,-0.20989539365021104,-4.275896085648003,0.0,0.11594202898550719,-1.3351105496853115,0.0,-38.618703437157315,0.0,0.08801530978390879,0.02970314703414791,0.3204370740169475,0.0,-2.9034623721803197,Biotechnology,Healthcare,GOSS
2022Q3,2022,Q3,2022-11-03,2022-09-30,-62705000.0,0.0,-56021000.0,-0.69,0.0,0.0,323538000.0,56351000.0,312032000.0,52645000.0,267187000.0,0.0,-976459000.0,1092353495.46,1167938495.46,0.618009630404227,5.927096590369456,0.7079910242382657,4.0649145534240745,-0.20228505977860298,0.618009630404227,-1.112757537576973,0.0,-4.355129158201101,19.384811191638125,0.0,0.0,0.0,0.0,5.781802640326717,-0.1938103097626863,-29.488796681154334,0.0,0.10389610389610399,0.6543386530095334,0.0,-0.9377669472542803,0.0,-0.061716898069759565,-0.03989085239085239,0.13852573666295703,0.0,-0.9058654910219379,Biotechnology,Healthcare,GOSS
2022Q2,2022,Q2,2022-08-09,2022-06-30,-59060000.0,0.0,-53872000.0,-0.77,0.0,0.0,245844000.0,-16461000.0,232682000.0,44408000.0,262305000.0,0.0,-917096000.0,641712515.9399999,779739515.9399999,-0.21470450798077043,5.239641506034949,0.9450830608027855,-14.114756090152481,-0.25190710810000283,-0.21470450798077043,3.5878743697223743,0.0,-2.716358431848967,-38.983811186440676,0.0,0.0,0.0,0.0,5.002724734282111,-0.24023364409951026,-13.107676449537347,0.0,0.049382716049382755,0.4156778619981752,0.0,0.0,0.0,0.035392882225162105,0.008667169644664446,-0.043286028642256814,0.0,-1.029311027106198,Biotechnology,Healthcare,GOSS
2022Q1,2022,Q1,2022-05-10,2022-03-31,-61227000.0,0.0,-54343000.0,-0.81,0.0,0.0,294679000.0,30159000.0,280774000.0,34568000.0,264520000.0,0.0,-860630000.0,658765926.56,752571926.56,0.3973795690481226,8.122367507521407,0.7897169462364132,7.716204118173679,-0.21220677859557086,0.3973795690481226,-2.030140256639809,0.0,-2.6898505829127672,21.843095810869062,0.0,0.0,0.0,0.0,7.857642906734553,-0.20777524017659893,-12.276666540439805,0.0,0.7147887323943661,0.2306212336069509,0.0,0.0,0.0,0.7146445815700677,0.7855818247818058,0.10157841481954415,0.0,-0.9699501828042694,Biotechnology,Healthcare,GOSS
2021Q4,2021,Q4,2022-03-03,2021-12-31,-214564000.0,0.0,-253444000.0,-2.84,0.0,0.0,343657000.0,121463000.0,331780000.0,39859000.0,222194000.0,0.0,-811534000.0,854898594.8100001,821533594.8100001,1.6069116715594944,8.323841541433554,0.45532027574005474,1.2882441566567597,-0.8361211793392507,1.6069116715594944,-1.7664967932621456,0.0,-0.9960881075226973,7.038345790981616,0.0,0.0,0.0,0.0,8.15921121954891,-0.6243550982520362,-21.091942041103326,0.0,-2.55,-9.928101140363122,0.0,6.814881292839595,0.0,-2.561405547164174,-3.5531043403276805,-0.8169369581724526,0.0,1.3323232094167963,Biotechnology,Healthcare,GOSS
2021Q3,2021,Q3,2021-11-08,2021-09-30,-60247000.0,0.0,-55664000.0,-0.8,0.0,0.0,387038000.0,169809000.0,373992000.0,35896000.0,217229000.0,0.0,-755250000.0,942768980.7,913657980.7,2.2640744166350784,10.418765322041454,0.4763434081408027,1.0857080602323788,-0.1541230348371663,2.2640744166350784,-0.3547927377229711,0.0,-3.912099277557389,5.5519376517145735,0.0,0.0,0.0,0.0,10.196679295743259,-0.15566171797084524,-22.144762659432036,0.0,0.0,0.5962426424068337,0.0,-0.7720096004029494,0.0,-0.006936087712260997,-0.0012231095762285057,0.5962426424068337,0.0,-0.7720096004029494,Biotechnology,Healthcare,GOSS
2021Q2,2021,Q2,2021-08-09,2021-06-30,-59832000.0,0.0,-55596000.0,-0.8,0.0,0.0,432510000.0,220693000.0,416987000.0,29982000.0,211817000.0,0.0,-695003000.0,606343801.8399999,449128801.8399999,2.955463805454837,13.907911413514775,0.42828605118956786,0.8393469661475443,-0.13380537618622426,2.955463805454837,-0.2711096409945037,0.0,-2.5335263815349642,2.7474537109921924,0.0,0.0,0.0,0.0,13.538756587285706,-0.1383366858569744,-12.737512380312163,0.0,-0.025641025641025664,0.3922225862631033,0.0,0.0,0.0,-0.03801113790531046,-0.04497866661654418,0.3922225862631033,0.0,0.0,Biotechnology,Healthcare,GOSS
2021Q1,2021,Q1,2021-05-06,2021-03-31,-57641000.0,0.0,-53203000.0,-0.78,0.0,0.0,482469000.0,272084000.0,465847000.0,29444000.0,210385000.0,0.0,-635171000.0,685365115.5,430165115.5,3.6721696845686624,15.821457682380112,0.38232300935396885,0.6779487217182929,-0.11392237013689185,3.6721696845686624,-0.21185001690654356,0.0,-2.9725590963897224,2.5189467793034503,0.0,0.0,0.0,0.0,15.395224833582393,-0.11947088828505044,-11.47477088635146,0.0,0.1136363636363636,0.2580752436917456,0.0,0.0,0.0,0.10777970404309331,0.11456721087756087,0.2580752436917456,0.0,0.0,Biotechnology,Healthcare,GOSS
2020Q4,2020,Q4,2021-02-26,2020-12-31,-64604000.0,0.0,-60087000.0,-0.88,0.0,0.0,539433000.0,320684000.0,522322000.0,38650000.0,218749000.0,0.0,-577530000.0,707961838.62,397925838.62,4.380199766197392,13.514152652005174,0.3263037300276401,0.5488861308952114,-0.11827008812142135,4.380199766197392,-0.20145688590637512,0.0,-2.7396207611757784,2.2076618684437017,0.0,0.0,0.0,0.0,13.26333764553687,-0.11976278796439965,-16.742227655015846,0.0,-0.09999999999999995,-2.397159056934962,0.0,16.850492674960055,0.0,-0.11748425932332388,-0.12167484925983311,-2.397159056934962,0.0,16.850492674960055,Biotechnology,Healthcare,GOSS
2020Q3,2020,Q3,2020-11-10,2020-09-30,-57812000.0,0.0,-53569000.0,-0.8,0.0,0.0,584178000.0,372101000.0,566206000.0,32607000.0,212077000.0,0.0,-512926000.0,896571581.77,608986581.77,5.150479341408135,17.364553623455087,0.2984895014875603,0.4686120166298935,-0.09588717429166212,5.150479341408135,-0.15536641933238557,0.0,-3.8770998312201623,2.409484472683492,0.0,0.0,0.0,0.0,17.03247768883982,-0.09896298730866276,-19.703137785029888,0.0,0.19999999999999996,0.5977835422931866,0.0,-0.48135103928730044,0.0,0.13545685658740841,0.1801374370590306,0.5977835422931866,0.0,-0.48135103928730044,Biotechnology,Healthcare,GOSS
2020Q2,2020,Q2,2020-08-11,2020-06-30,-66870000.0,0.0,-65339000.0,-1.0,0.0,0.0,625076000.0,420324000.0,608400000.0,27544000.0,204752000.0,0.0,-455114000.0,865798895.0,552333895.0,6.311179225979493,22.08829509148998,0.27612162361056897,0.410628467563118,-0.10817321223399148,6.311179225979493,-0.15909155794101693,0.0,-3.23687339240317,2.05983692342098,0.0,0.0,0.0,0.0,21.796543711879174,-0.10697899135465128,-14.96886056362379,0.0,-0.14942528735632185,0.2383918231646013,0.0,0.0,0.0,-0.23663868032695934,-0.18869503520293995,0.2383918231646013,0.0,0.0,Biotechnology,Healthcare,GOSS
2020Q1,2020,Q1,2020-05-12,2020-03-31,-54074000.0,0.0,-54967000.0,-0.87,0.0,0.0,371478000.0,306463000.0,355438000.0,28362000.0,65015000.0,0.0,-388244000.0,628186778.45,547799778.45,4.951711109990491,12.532190959734857,0.08335890685316492,0.10104319281609851,-0.1579729387961558,4.951711109990491,-0.17644544365877773,0.0,-2.9042921665218038,2.0497964793466097,0.0,0.0,0.0,0.0,12.205239404837458,-0.14556447488141963,-11.29568227662597,0.0,0.02247191011235957,0.1667518344606166,0.0,0.0,0.0,0.011408095359976599,0.014716426471642648,0.1667518344606166,0.0,0.0,Biotechnology,Healthcare,GOSS
2019Q4,2019,Q4,2020-03-24,2019-12-31,-54698000.0,0.0,-55788000.0,-0.89,0.0,0.0,426604000.0,352485000.0,409317000.0,36923000.0,74119000.0,0.0,-334170000.0,957838972.9200001,853562972.9200001,5.751844209475644,11.085691845191343,0.07222857732229421,0.08741648580790672,-0.14145424948464588,5.751844209475644,-0.1551782345348029,0.0,-4.377851900069473,2.7173893156304523,0.0,0.0,0.0,0.0,10.882891422690465,-0.12821726941144482,-20.701974862107722,0.0,-0.11249999999999996,-2.43619473694412,0.0,21.814019765347975,0.0,-0.12779381443298968,-0.11607250030008402,-2.43619473694412,0.0,21.814019765347975,Biotechnology,Healthcare,GOSS
2019Q3,2019,Q3,2019-11-12,2019-09-30,-48500000.0,0.0,-49986000.0,-0.8,0.0,0.0,469754000.0,398873000.0,452374000.0,33169000.0,70881000.0,0.0,-279472000.0,1020091090.88,920044090.88,6.565176119931255,13.638457595948024,0.06527033298279525,0.07686907862903732,-0.11330403225989251,6.565176119931255,-0.12159258711419424,0.0,-5.2582014993814425,2.5574332955100996,0.0,0.0,0.0,0.0,13.460520365401429,-0.10324552851066729,-27.70405721952147,0.0,-0.08108108108108115,0.5987560375263002,0.0,-0.338892257246245,0.0,-0.0899366263652299,-0.07846986990010572,0.5987560375263002,0.0,-0.338892257246245,Biotechnology,Healthcare,GOSS
2019Q2,2019,Q2,2019-08-08,2019-06-30,-44498000.0,0.0,-46349000.0,-0.74,0.0,0.0,507174000.0,441444000.0,489586000.0,27511000.0,65730000.0,0.0,-230972000.0,1354155583.62,1236165583.62,7.325042114794038,17.7960088691796,0.060156869240142435,0.06911408921629923,-0.0957384620786952,7.325042114794038,-0.10080100760232329,0.0,-7.607957568991865,3.0675591550004078,0.0,0.0,0.0,0.0,16.865799134891496,-0.08773714740897601,-34.553599990303645,0.0,0.1777777777777778,0.43992143864682276,0.0,0.0,0.0,-0.36450890803716535,-0.36252462004291974,0.43992143864682276,0.0,0.0,Biotechnology,Healthcare,GOSS
2019Q1,2019,Q1,2019-05-14,2019-03-31,-32611000.0,0.0,-34017000.0,-0.9,0.0,0.0,515949000.0,480260000.0,497788000.0,25152000.0,35689000.0,0.0,-186474000.0,751040316.4,592900316.4,13.22402617159954,19.791189567430024,0.004205842050280163,0.004518385874318078,-0.06870219757360084,13.22402617159954,-0.06790280264856537,0.0,-5.757568890865045,1.5638202565277142,0.0,0.0,0.0,0.0,19.1325143129771,-0.0632058594938647,-25.790333999519248,0.0,0.42392701448677633,0.14363281216299734,0.0,0.0,0.0,0.15938031654379542,0.14545180495892682,0.14363281216299734,0.0,0.0,Biotechnology,Healthcare,GOSS
2018Q4,2018,Q4,2019-03-22,2018-12-31,-38794000.0,0.0,-39807000.0,-1.5623020392080869,0.0,0.0,239419000.0,-120069000.0,231953000.0,20403000.0,359488000.0,0.0,-153863000.0,445473629.64000005,340254629.64000005,-4.835388037987209,11.368573249032005,0.0,0.0,0.33153436773855033,-4.835388037987209,0.3230975522407949,0.0,-2.870763711140898,-3.710146912525298,0.0,0.0,0.0,0.0,11.207077390579817,-0.16203392379050952,-17.576390989938847,0.0,0.214728266976918,-5.014573643410854,0.0,-16.497668318274556,0.0,0.21472814865794906,0.20424196385734847,-5.014573643410854,0.0,-16.497668318274556,Biotechnology,Healthcare,GOSS
2018Q3,2018,Q3,2018-09-30,2018-09-30,-49402000.0,0.0,-50024000.0,-1.989505,0.0,0.0,262181000.0,246589000.0,258351000.0,14939000.0,15592000.0,0.0,-115069000.0,445473629.64000005,304406629.64000005,9.930569096929498,17.29372782649441,0.0,0.0,-0.20286387470649542,9.930569096929498,-0.20034145886475066,0.0,-2.25432993421319,1.8065429911309914,0.0,0.0,0.0,0.0,17.166008434299485,-0.18842707900267372,-17.475036467911504,0.0,-0.5091031421428226,0.0,0.0,0.0,0.0,-0.509103128054741,-0.5142269039835331,0.0,0.0,0.0,Biotechnology,Healthcare,GOSS
2018Q2,2018,Q2,2018-06-30,2018-06-30,-32736000.0,0.0,-33036000.0,-1.318336,0.0,0.0,,,,,,,,445473629.64000005,,,0.0,0.0,0.0,0.0,,0.0,0.0,-3.402016355388563,0.0,0.0,0.0,0.0,0.0,0.0,0.0,-25.901135510204085,0.0,-0.25728836350978257,0.0,0.0,0.0,0.0,-0.2572877059569075,-0.2644874837326801,0.0,0.0,0.0,Biotechnology,Healthcare,GOSS
2018Q1,2018,Q1,2018-03-31,2018-03-31,-26037000.0,0.0,-26126000.0,-1.048555,0.0,0.0,,,,,,,,445473629.64000005,,,0.0,0.0,0.0,0.0,,0.0,0.0,-4.277313339094366,0.0,0.0,0.0,0.0,0.0,0.0,0.0,-105.58749221142452,0.0,-3.0367426454,0.0,0.0,0.0,0.0,-3.0367441860465116,-3.126026531901453,0.0,0.0,0.0,Biotechnology,Healthcare,GOSS
2017Q4,2017,Q4,2017-12-31,2017-12-31,-6450000.0,0.0,-6332000.0,-0.2597527492110161,0.0,0.0,445000.0,-6862000.0,445000.0,1266000.0,7307000.0,0.0,-6894000.0,445473629.64000005,451198629.64000005,-0.2763447077652702,0.35150078988941547,13.573033707865168,-0.88020985135529,7.70316301703163,-0.2763447077652702,0.9399591955698047,0.0,-17.266419753488375,-64.91892008743807,0.0,0.0,0.0,0.0,0.24881516587677724,-14.49438202247191,-77.86639217619297,0.0,0.0,0.0,0.0,0.0,0.0,0.0,0.0,0.0,0.0,0.0,Biotechnology,Healthcare,GOSS
