Quarters,Year,Quarter,FillingDate,Date,NetIncome,Revenue,OperatingIncome,EPSDiluted,GrossProfit,GrossProfitRatio,TotalAssets,CommonStockEquity,CurrentAssets,CurrentLiability,TotalLiability,Inventory,RetainedEarnings,MarketCap,EnterpriseValue,bookValuePerShare,currentRatio,debtToAssets,debtToEquity,roic,shareholdersEquityPerShare,roe,priceToSalesRatio,peRatio,pbRatio,payoutRatio,inventoryTurnover,dividendYield,assetTurnover,quickRatio,returnOnAssets,priceToFreeCashFlowsRatio,grossProfitMargin,epsdilutedGrowth,fiveYNetIncomeGrowthPerShare,fiveYRevenueGrowthPerShare,fiveYShareholdersEquityGrowthPerShare,grossProfitGrowth,netIncomeGrowth,operatingIncomeGrowth,threeYNetIncomeGrowthPerShare,threeYRevenueGrowthPerShare,threeYShareholdersEquityGrowthPerShare,Industry,Sector,Symbol
2023Q1,2023,Q1,2023-05-03,2023-03-31,418000000.0,1773000000.0,628000000.0,0.97,1254000000.0,0.7072758037,39054000000.0,7223000000.0,1325000000.0,2535000000.0,31831000000.0,355000000.0,-10929000000.0,57952720000.0,86283720000.0,16.681293302540414,0.5226824457593688,0.7302196958058074,3.948220960819604,0.01473171156028896,16.681293302540414,0.05787069084867783,32.68624929498026,34.660717703349285,8.023358715215286,1.6411483253588517,1.4619718309859155,0.01183723559480901,0.04539867875249654,0.345956607495069,0.010703129000870589,218.68950943396226,0.7072758037225042,0.02105263157894739,2.4634334103156275,0.2892436356266236,-0.46830977550350456,0.00966183574879227,0.012106537530266344,0.029508196721311476,1.170750889457587,0.19872646040179243,-0.3143545090547562,REIT—Specialty,Real Estate,CCI
2022Q4,2022,Q4,2023-02-24,2022-12-31,413000000.0,1764000000.0,610000000.0,0.95,1242000000.0,0.7040816327,38921000000.0,7449000000.0,1217000000.0,2731000000.0,31472000000.0,268000000.0,-10666000000.0,58732119999.99999,86536120000.0,17.20323325635104,0.445624313438301,0.718378253385062,3.7535239629480466,0.014578776199900466,17.20323325635104,0.05544368371593503,33.29485260770975,35.55213075060532,7.884564371056516,1.6416464891041163,1.9477611940298507,0.011543938819167434,0.04532257650111765,0.32076162577810324,0.010611238149071195,130.22643015521064,0.7040816326530612,-0.020618556701030948,2.9500150097582263,0.33684721140812557,-0.433564409335817,0.016366612111292964,-0.014319809069212411,0.013289036544850499,2.028894804576627,0.2600324527589137,-0.3958682226370055,REIT—Specialty,Real Estate,CCI
2022Q3,2022,Q3,2022-11-04,2022-09-30,419000000.0,1746000000.0,602000000.0,0.97,1222000000.0,0.6998854525,38861000000.0,7679000000.0,1182000000.0,2584000000.0,31182000000.0,279000000.0,-10405000000.0,62590150000.00001,90184150000.0,17.734411085450347,0.45743034055727555,0.714546717789043,3.616095845813257,0.014322830900673808,17.734411085450347,0.054564396405782,35.84773768613975,37.34495823389022,8.150820419325433,1.5202863961813842,1.8781362007168458,0.010177320233295494,0.04492936362934562,0.2743808049535604,0.010782017961452357,171.95096153846157,0.699885452462772,0.0,2.3211454591653617,0.4993999179646564,-0.44671122628948146,0.001639344262295082,-0.004750593824228029,0.01517706576728499,0.4799619616899878,0.1079592776884565,-0.34856379588985925,REIT—Specialty,Real Estate,CCI
2022Q2,2022,Q2,2022-08-05,2022-06-30,421000000.0,1734000000.0,593000000.0,0.97,1220000000.0,0.7035755479,39013000000.0,7861000000.0,1290000000.0,1871000000.0,31152000000.0,318000000.0,-10188000000.0,72908540000.0,100274540000.0,18.15473441108545,0.689470871191876,0.7086612154922718,3.516982572191833,0.01399565128133371,18.15473441108545,0.05355552728660476,42.04644752018454,43.29485748218527,9.27471568502735,1.513064133016627,1.6163522012578617,0.00873697374820563,0.04444672288724271,0.42597541421699625,0.010791274703304026,153.16920168067227,0.7035755478662054,0.0,2.1609930728294904,0.40576554815045135,-0.12819443718302267,-0.010543390105433901,0.0,-0.040453074433656956,0.6441915920313936,0.12714579029773077,-0.34458304998598044,REIT—Specialty,Real Estate,CCI
2022Q1,2022,Q1,2022-04-29,2022-03-31,421000000.0,1742000000.0,618000000.0,0.97,1233000000.0,0.7078071183,39071000000.0,8036000000.0,1261000000.0,1776000000.0,31035000000.0,284000000.0,-9971000000.0,79931800000.0,107198800000.0,18.55889145496536,0.7100225225225225,0.7058688029484784,3.4319313091090096,0.01448407719051501,18.55889145496536,0.05238924838227974,45.88507462686567,47.46543942992874,9.946714783474365,1.5439429928741093,1.7922535211267605,0.008131932472432749,0.04458549819559264,0.4588963963963964,0.010775255304445753,288.56245487364623,0.7078071182548794,0.19753086419753074,1.9447534535706585,0.4288820646655181,-0.09056018058335724,0.09115044247787611,0.19263456090651557,0.20703125,0.9214230726932806,0.17081647658626187,-0.3442925290472822,REIT—Specialty,Real Estate,CCI
2021Q4,2021,Q4,2022-02-22,2021-12-31,353000000.0,1654000000.0,512000000.0,0.81,1130000000.0,0.6831922612,39040000000.0,8258000000.0,1254000000.0,2026000000.0,30782000000.0,0.0,-9753000000.0,90175680000.0,116892680000.0,19.11574074074074,0.6189536031589339,0.691828893442623,3.270646645676919,0.012259074418718855,19.11574074074074,0.04274642770646646,54.51975816203144,63.86379603399433,10.919796560910633,1.7988668555240792,0.0,0.007041809942547703,0.042366803278688525,0.412142152023692,0.009042008196721312,227.1427707808564,0.6831922611850061,0.0,1.3071479164996125,0.3058184233228982,-0.10932172308259613,0.0216998191681736,0.005698005698005698,-0.026615969581749048,0.5920600765084335,0.11974068853913813,-0.3407817510879668,REIT—Specialty,Real Estate,CCI
2021Q3,2021,Q3,2021-11-05,2021-09-30,351000000.0,1618000000.0,526000000.0,0.81,1106000000.0,0.6835599505562423,39004000000.0,8516000000.0,1332000000.0,1987000000.0,30488000000.0,0.0,-9467000000.0,74874240000.0,101227240000.0,19.712962962962962,0.6703573225968797,0.6848015588144806,3.136449037106623,0.012405645372949477,19.712962962962962,0.04121653358384218,46.27579728059332,53.32923076923077,8.79218412400188,1.6381766381766383,0.0,0.00767954372558573,0.041482924828222745,0.42778057372924005,0.00899907701774177,220.8679646017699,0.6835599505562423,0.05194805194805199,1.7882677957830955,0.2744776331265864,-0.014707511488913564,0.015610651974288337,0.05089820359281437,0.041584158415841586,1.0560213414634148,0.1304208754208754,-0.3346173542391518,REIT—Specialty,Real Estate,CCI
2021Q2,2021,Q2,2021-08-06,2021-06-30,334000000.0,1583000000.0,505000000.0,0.77,1089000000.0,0.687934301958307,38973000000.0,8713000000.0,1329000000.0,2018000000.0,30260000000.0,0.0,-9240000000.0,84283200000.0,110330200000.0,20.16898148148148,0.6585728444003964,0.677032817591666,3.028348444852519,0.01198217263049891,20.16898148148148,0.03833352461838632,53.24270372710044,63.08622754491018,9.673269826695742,1.721556886227545,0.0,0.006822237409115934,0.04061786364919303,0.3830525272547076,0.008570035665717292,175.59,0.687934301958307,4.748448275862069,2.0326511061015693,0.28525253931655986,-0.020158235827966615,0.06451612903225806,4.758620689655173,0.12723214285714285,0.7825360082304527,0.14338798384851015,-0.3339067869795628,REIT—Specialty,Real Estate,CCI
2021Q1,2021,Q1,2021-05-03,2021-03-31,58000000.0,1485000000.0,448000000.0,0.13394919168591224,1023000000.0,0.6888888888888889,38752000000.0,8923000000.0,1176000000.0,1933000000.0,29829000000.0,0.0,-8995000000.0,74360160000.0,100166160000.0,20.65509259259259,0.6083807553026384,0.6724814203137902,2.920542418469125,0.010286366617279153,20.65509259259259,0.006500056034965819,50.07418181818182,320.51793103448273,8.333538047741792,10.137931034482758,0.0,0.007907460123808233,0.038320602807597026,0.3445421624418003,0.0014966969446738234,263.6885106382979,0.6888888888888889,-0.8855135113795621,-0.06221984160163507,0.22932093496892067,-0.03508901793042507,0.053553038105046344,-0.8858267716535433,-0.34310850439882695,-0.5183154645873944,0.0823229407236336,-0.3416511167105385,REIT—Specialty,Real Estate,CCI
2020Q4,2020,Q4,2021-02-22,2020-12-31,508000000.0,1493000000.0,682000000.0,1.17,971000000.0,0.6503683858004019,38768000000.0,9461000000.0,1104000000.0,1969000000.0,29307000000.0,0.0,-8472000000.0,68610890000.0,87987890000.0,21.951276102088165,0.5606907059421026,0.5058037556747833,2.072613888595286,0.019219810691055755,21.951276102088165,0.053694112673078956,45.955050234427326,33.765201771653544,7.251970193425643,1.1299212598425197,0.0,0.008366018863769293,0.03851114321089558,0.3367191467750127,0.013103590590177466,114.54238731218697,0.6503683858004019,2.078947368421052,1.7832220050162955,0.2199736676560353,0.03144248550557001,-0.028028028028028028,2.1165644171779143,0.5714285714285714,3.881159877117006,0.136720330707735,-0.27722981724214363,REIT—Specialty,Real Estate,CCI
2020Q3,2020,Q3,2020-10-28,2020-09-30,163000000.0,1486000000.0,434000000.0,0.38,999000000.0,0.6722745625841184,38786000000.0,9502000000.0,1184000000.0,1925000000.0,29284000000.0,0.0,-8402000000.0,71095500000.0,90473500000.0,22.252927400468383,0.6150649350649351,0.5058526272366318,2.064828457166912,0.011979270385859102,22.252927400468383,0.0171542833087771,47.8435397039031,109.04217791411044,7.48216165017891,3.3435582822085887,0.0,0.007665745370663404,0.0383127932759243,0.36207792207792205,0.004202547310885371,250.3362676056338,0.6722745625841184,-0.07317073170731701,0.22506288301841554,0.26242553315632605,0.023619483576667277,0.04716981132075472,-0.185,0.13315926892950392,0.31015144434687286,0.2940530304333526,-0.3057398492935808,REIT—Specialty,Real Estate,CCI
2020Q2,2020,Q2,2020-07-31,2020-06-30,200000000.0,1440000000.0,383000000.0,0.41,954000000.0,0.6625,40901000000.0,9826000000.0,3436000000.0,1964000000.0,31075000000.0,0.0,-8044000000.0,69784950000.0,88690950000.0,23.563549160671464,1.7494908350305498,0.5237035769296594,2.179930795847751,0.010004430160196264,23.563549160671464,0.02035416242621616,48.46177083333333,87.23118749999999,7.102071036026867,2.65,0.0,0.007594760761453581,0.035206963154935086,1.5035641547861507,0.004889855993740985,204.04956140350876,0.6625,0.07894736842105256,-0.8614865477389885,0.278846992238782,0.06004267739132286,0.007391763463569166,0.08108108108108109,0.0521978021978022,0.5592770445327382,0.21221076368354375,0.13154138049196987,REIT—Specialty,Real Estate,CCI
2020Q1,2020,Q1,2020-05-01,2020-03-31,185000000.0,1421000000.0,364000000.0,0.38,947000000.0,0.6664320900774102,38616000000.0,10121000000.0,1247000000.0,2669000000.0,28495000000.0,0.0,-7712000000.0,60070400000.0,78755400000.0,24.329326923076923,0.4672161858373923,0.4918945514812513,1.8767908309455588,0.010131236675859103,24.329326923076923,0.018278826202944375,42.27332864180155,81.17621621621622,5.935223792115404,2.924324324324324,0.0,0.009006099509908373,0.036798218355085975,0.30161109029599104,0.004790760306608659,291.6038834951456,0.6664320900774102,0.21251908396946556,0.20502060791953036,0.207755787556181,0.2383365081005106,0.09606481481481481,0.4122137404580153,0.2052980132450331,0.3468931310426047,0.2132125047114288,0.19220799028552976,REIT—Specialty,Real Estate,CCI
2019Q4,2019,Q4,2020-03-10,2019-12-31,131000000.0,1345000000.0,302000000.0,0.3133971291866029,864000000.0,0.6423791821561339,32621000000.0,11846000000.0,1249000000.0,1388000000.0,20775000000.0,0.0,-5896000000.0,59134400000.0,75235400000.0,28.47596153846154,0.8998559077809798,0.503479353790503,1.3864595644099273,0.00847340735410027,28.47596153846154,0.011058585176430862,43.96609665427509,112.85190839694657,4.991929765321627,4.00763358778626,0.0,0.008878081116913336,0.04123110879494804,0.5720461095100865,0.004015818031329512,205.32777777777778,0.6423791821561339,-0.4596601220920639,-0.2930433111158444,0.11078798047308665,0.4094026377569589,-0.1342685370741483,-0.5183823529411765,-0.3333333333333333,-0.11087577024851501,0.10270663294044859,0.32680813684546595,REIT—Specialty,Real Estate,CCI
2019Q3,2019,Q3,2019-11-04,2019-09-30,272000000.0,1514000000.0,453000000.0,0.58,998000000.0,0.6591809775429326,38344000000.0,11325000000.0,1253000000.0,1734000000.0,27019000000.0,0.0,-6503000000.0,57828160000.0,75792160000.0,27.223557692307693,0.7226066897347174,0.47324222824953055,1.6022958057395142,0.012620169225555106,27.223557692307693,0.02401766004415011,38.1956142668428,53.150882352941174,5.106239293598233,1.8345588235294117,0.0,0.008629013961364153,0.039484665136657625,0.48961937716262977,0.007093678280826205,466.3561290322581,0.6591809775429326,0.11538461538461527,1.0324767062706222,0.30081615361869923,0.32205973071235594,0.02358974358974359,0.10569105691056911,0.081145584725537,1.2438131374349173,0.2384258031508178,0.36068671945332537,REIT—Specialty,Real Estate,CCI
2019Q2,2019,Q2,2019-07-31,2019-06-30,246000000.0,1478000000.0,419000000.0,0.52,975000000.0,0.6596752368064953,38147000000.0,11523000000.0,1294000000.0,1698000000.0,26624000000.0,0.0,-6277000000.0,54129920000.0,71699920000.0,27.69951923076923,0.7620730270906949,0.4681364196398144,1.5497700251670572,0.011747328831524063,27.69951923076923,0.021348607133558968,36.62376184032476,55.010081300813006,4.697554456304782,2.016260162601626,0.0,0.009163139350658564,0.03874485542768763,0.5176678445229682,0.006448737777544761,274.77116751269034,0.6596752368064953,0.18181818181818185,4.778774623007032,0.2885756834111438,0.3416871489541499,0.03723404255319149,0.17142857142857143,0.09114583333333333,1.3195380753945907,0.24615598022174648,0.3456874763217085,REIT—Specialty,Real Estate,CCI
2019Q1,2019,Q1,2019-05-03,2019-03-31,210000000.0,1426000000.0,384000000.0,0.44,940000000.0,0.6591865357643759,37778000000.0,11746000000.0,1193000000.0,1565000000.0,26032000000.0,0.0,-6022000000.0,52568050000.0,69826050000.0,28.303614457831326,0.7623003194888179,0.4633119805177617,1.490124297633237,0.01070520540612873,28.303614457831326,0.017878426698450536,36.86399018232819,62.58101190476191,4.475400136216584,2.4047619047619047,0.0,0.009606595641268794,0.03774683678331304,0.5047923322683706,0.005558790830642172,1642.7515625,0.6591865357643759,0.0,0.6553908472100366,0.30249081444792797,0.3583987203282277,0.007502679528403001,-0.014084507042253521,0.007874015748031496,2.5345000402949585,0.22883620820376313,0.3222147661743637,REIT—Specialty,Real Estate,CCI
2018Q4,2018,Q4,2019-02-25,2018-12-31,213000000.0,1419000000.0,381000000.0,0.44,933000000.0,0.6575052854122622,32785000000.0,12034000000.0,1229000000.0,1417000000.0,20751000000.0,0.0,-5732000000.0,45081450000.0,61486450000.0,28.997590361445784,0.8673253352152435,0.50883025773982,1.3862389895296658,0.012904361465232498,28.997590361445784,0.017699850423799235,31.76987315010571,52.9125,3.7461733421971077,2.323943661971831,0.0,0.010980125971990697,0.04328198871435107,0.5490472829922372,0.006496873570230289,198.5966960352423,0.6575052854122622,0.33333333333333326,7.967345334791984,0.36885171730270516,0.33809650337820385,0.03551609322974473,0.29878048780487804,0.06128133704735376,0.2119729139859168,0.20420996849246195,0.3625333915433192,REIT—Specialty,Real Estate,CCI
2018Q3,2018,Q3,2018-11-05,2018-09-30,164000000.0,1375000000.0,359000000.0,0.33,901000000.0,0.6552727272727272,32644000000.0,12295000000.0,1249000000.0,1304000000.0,20349000000.0,0.0,-5447000000.0,45820150000.0,61921150000.0,29.626506024096386,0.9578220858895705,0.50312461708124,1.3358275721838146,0.01213059988944086,29.626506024096386,0.013338755591703945,33.32374545454545,69.84778963414634,3.726730378202521,2.8292682926829267,0.0,0.010126549127403557,0.042121063595147654,0.6088957055214724,0.005023894130621247,246.34489247311828,0.6552727272727272,-0.08333333333333326,1.503477983843919,0.2845199567068919,1.883938504025152,0.028538812785388126,-0.08888888888888889,0.04057971014492753,0.26821943339513055,0.2019030487836805,0.36279907136749356,REIT—Specialty,Real Estate,CCI
2018Q2,2018,Q2,2018-08-06,2018-06-30,180000000.0,1330000000.0,345000000.0,0.36,876000000.0,0.6586466165413534,32374000000.0,12566000000.0,1164000000.0,1286000000.0,19808000000.0,0.0,-5144000000.0,44745300000.0,60495300000.0,30.279518072289157,0.9051321928460342,0.4928646444677828,1.2697755849116663,0.01176900903427795,30.279518072289157,0.014324367340442463,33.64308270676692,62.146249999999995,3.5608228553238894,2.5833333333333335,0.0,0.010392152918854047,0.04108235003397789,0.5139968895800933,0.005560017297831593,168.21541353383458,0.6586466165413534,0.7142857142857143,1.4124688750993197,0.269952286449698,2.028760932821064,0.011547344110854504,0.5789473684210527,-0.011461318051575931,-0.8747371117263671,0.18684961573887368,0.3621709186763993,REIT—Specialty,Real Estate,CCI
2018Q1,2018,Q1,2018-05-04,2018-03-31,114000000.0,1299000000.0,349000000.0,0.21,866000000.0,0.6666666666666666,32250000000.0,12832000000.0,1074000000.0,1187000000.0,19418000000.0,0.0,-4858000000.0,44830490000.0,60356490000.0,31.374083129584353,0.9048020219039595,0.48824806201550386,1.2270885286783042,0.011798218613108815,31.374083129584353,0.008884039900249377,34.51153964588145,98.31247807017543,3.4936479114713217,4.131578947368421,0.0,0.010506242514859864,0.04027906976744186,0.5240101095197978,0.0035348837209302326,546.7132926829269,0.6666666666666666,0.23529411764705868,4.24760411122275,0.24929240852539075,2.095518609492388,0.08318375974834114,0.1620321291690451,0.3001575835695845,-0.24473802537532793,0.12295983492935911,0.5969070032386685,REIT—Specialty,Real Estate,CCI
2017Q4,2017,Q4,2018-02-26,2017-12-31,98104000.0,1238090000.0,268429000.0,0.17,799495000.0,0.645748693552165,32229570000.0,12339082000.0,1133780000.0,1292082000.0,19890488000.0,0.0,-4504616000.0,45100920780.0,60946446780.0,30.371031658125716,0.8774830080443811,0.5013911138125641,1.3096290307496132,0.008187712169441792,30.371031658125716,0.007950672505458672,36.42782090154997,114.9314013190084,3.6551277299235068,4.654499306858028,0.0,0.0101245161318855,0.03841472287715908,0.5508001814126348,0.003043912779475494,180.16154600217308,0.645748693552165,-0.19047619047619038,4.600275635449934,0.3147139010716272,2.005493480106647,0.182922895730502,-0.1483584214455614,0.03017266192572352,-0.45790144170794456,0.04696250370778645,0.5031981298523378,REIT—Specialty,Real Estate,CCI
2017Q3,2017,Q3,2017-11-07,2017-09-30,115194000.0,1063238000.0,260567000.0,0.21,675864000.0,0.6356657681535084,31011756000.0,12672332000.0,7474555000.0,1048871000.0,18339424000.0,0.0,-4145527000.0,39527992820.0,48013273820.0,32.052721703565624,7.1262862639924265,0.4902790735229569,1.1998119209629292,0.009157666074180932,32.052721703565624,0.009090197447478491,37.17699406906074,85.78570242373735,3.1192358928096264,3.3507821587929927,0.0,0.009764978499103056,0.034284998243891765,6.709109127814574,0.0037145268394346968,202.67543528977444,0.6356657681535084,-0.32258064516129037,1.014937223874214,0.25848861654089095,2.169887546473153,0.017211797215048133,0.027472037390513227,0.007996131528046421,-0.09429193924634255,-0.038781242615205214,0.5565787948423705,REIT—Specialty,Real Estate,CCI
2017Q2,2017,Q2,2017-08-07,2017-06-30,112114000.0,1038335000.0,258500000.0,0.31,664428000.0,0.6398975282543687,24483624000.0,7590309000.0,951335000.0,997912000.0,16893315000.0,0.0,-3841187000.0,36514908740.0,50156510740.0,20.82429292194912,0.9533255437353193,0.5653274613268036,1.8235443379182588,0.011592420807099458,20.82429292194912,0.014770676661516678,35.166789851059626,81.42361511497226,4.81072756590015,3.1029041868098544,0.0,0.009527040105098725,0.042409367175382205,0.506702995855346,0.004579142368793116,195.19278102966254,0.6398975282543687,-0.060606060606060656,-0.22939321061996312,0.41410636040551213,1.1129986316602751,0.018878514131666555,-0.05895683996709698,0.007604785050809007,2.005831530939603,0.033182708843458184,0.008670438164139154,REIT—Specialty,Real Estate,CCI
2017Q1,2017,Q1,2017-05-04,2017-03-31,119138000.0,1015942000.0,256549000.0,0.33,652117000.0,0.6418840839339254,23776842000.0,7363480000.0,916449000.0,902195000.0,16413362000.0,0.0,-3602985000.0,34080582400.0,47368363400.0,20.406948385952465,1.0157992451742694,0.5674838147134931,1.8324179599863109,0.01186557004763832,20.406948385952465,0.016179578134251738,33.545795330835816,71.51492890597459,4.628325519998697,2.922207859792845,0.0,0.01021537707055147,0.0427282142851435,0.5629481431397868,0.00501067383128508,185.5462708994594,0.6418840839339254,-0.05714285714285704,0.8802618822986362,0.4539106867506802,1.1246602035592739,0.018639953513364907,-0.04467965680378478,-0.020954816058617005,0.08012647520554851,0.06725232534489838,-0.02059248953583876,REIT—Specialty,Real Estate,CCI
2016Q4,2016,Q4,2017-02-22,2016-12-31,124710000.0,1032416000.0,262040000.0,0.35,640184000.0,0.6200833772432818,22675092000.0,7557115000.0,1324761000.0,961355000.0,15117977000.0,0.0,-3378838000.0,30553105320.0,42156648320.0,21.462003998682253,1.378014365140869,0.5367626292321107,1.6105540275621053,0.012861289726501872,21.462003998682253,0.016502329261894256,29.59379292843195,61.24830671157084,4.042958896351319,2.8347927191083313,0.0,0.011570902410648974,0.04553084062459372,0.9789630261453885,0.0054998674316293844,140.25222324232018,0.6200833772432818,0.34615384615384603,1.0631045792742686,0.6081254490031369,1.5625214281335558,0.022596072442886854,0.2678161153244007,0.07281764065276311,5.807854870267251,0.17379180524970847,-0.009633829978212858,REIT—Specialty,Real Estate,CCI
2016Q3,2016,Q3,2016-11-01,2016-09-30,98366000.0,992016000.0,244254000.0,0.26,626038000.0,0.631076514894921,22171723000.0,6753717000.0,839675000.0,897738000.0,15418006000.0,0.0,-3159059000.0,31801904439.999996,44238643440.0,20.007219371733953,0.9353230006973081,0.5679738106055177,1.864596636193077,0.01200965194475962,20.007219371733953,0.014564720434688039,32.057854349123396,80.82544893560782,4.708800271021127,3.1492487241526543,0.0,0.00974089462423402,0.0447423955278532,0.48174188905894594,0.004436551908933735,192.32735081915658,0.631076514894921,0.18181818181818185,0.6027089280168788,0.6128543461736627,1.439474638651925,0.020120907950268052,0.143019823839736,0.05653048424422,0.8460221684772884,0.13932809506745286,0.9475664885252464,REIT—Specialty,Real Estate,CCI
2016Q2,2016,Q2,2016-08-04,2016-06-30,86058000.0,962409000.0,231185000.0,0.22,613690000.0,0.6376602878817633,22153074000.0,6948307000.0,817615000.0,875964000.0,15204767000.0,0.0,-2946081000.0,34238710800.000004,46462576800.0,20.583916933285934,0.9333888150654593,0.5609245922258915,1.788378665479231,0.011417147466272159,20.583916933285934,0.01238546310633655,35.57605009928212,99.46405563689605,4.927633565989528,3.5993516000836645,0.0,0.009046865164093736,0.04344358710669228,0.4924323374019937,0.0038846978979079835,121.83857489048707,0.6376602878817633,1.0,1.355921950962691,0.625617145178902,1.4792423945606155,0.021468328473082197,0.798871237458194,0.09183948162596405,0.4180044087325772,0.12977655360997029,1.058941734248585,REIT—Specialty,Real Estate,CCI
2016Q1,2016,Q1,2016-05-09,2016-03-31,47840000.0,934384000.0,211739000.0,0.11,600792000.0,0.6429819003750065,21718251000.0,7152994000.0,820882000.0,811946000.0,14565257000.0,0.0,-2720364000.0,28904407500.0,40594704500.0,21.40621567835286,1.0110056580117397,0.5463607083277562,1.6588856358610116,0.010299429644975534,21.40621567835286,0.006688108503935555,30.934184981763387,151.0472799958194,4.040882391345498,6.481751672240803,0.0,0.010728017863711616,0.043022985598610126,0.5300487963485256,0.002202755645470715,118.3796643281033,0.6429819003750065,-0.717948717948718,0.026780353098777118,0.6081324383752595,1.494441935438466,-0.0050328651559790735,-0.6608679625140005,-0.07835379124227387,1.695396917610895,0.09990629375647644,1.1120406520713793,REIT—Specialty,Real Estate,CCI
2015Q4,2015,Q4,2016-02-22,2015-12-31,141066000.0,945836000.0,229740000.0,0.39,603831000.0,0.6384098300339593,22036245000.0,7089221000.0,981245000.0,855369000.0,14947024000.0,0.0,-2458397000.0,28797100150.0,40867528150.0,21.282113555103916,1.1471598807064554,0.5558677533309327,1.7278679843666884,0.016846498787052085,21.282113555103916,0.01989866023361382,30.446187446872397,51.03479957962939,4.062096547702491,2.1719266159102832,0.0,0.010639439332574602,0.04292183173675915,0.5753142795682331,0.006401544364749983,114.80357900318134,0.6384098300339593,0.3928571428571428,1.9735890423469284,0.6419291950966473,1.497747389084493,0.03351830044775506,0.3592923423814066,-0.004601346608781553,7.314092424767696,0.2249953093524898,1.1060612709098032,REIT—Specialty,Real Estate,CCI
2015Q3,2015,Q3,2015-11-06,2015-09-30,103779000.0,918107000.0,230802000.0,0.28,584248000.0,0.6363615569862772,21995644000.0,7240303000.0,1024371000.0,824542000.0,14755341000.0,0.0,-2291977000.0,26267574630.0,38224824630.0,21.739452753198478,1.2423515115057815,0.5519895666614717,1.676914073899946,0.012358643537270097,21.739452753198478,0.014333516152569857,28.610580934466245,63.27767330095685,3.6279662094252134,2.7431561298528604,0.0,0.010837772577406778,0.041740400963027044,0.6169267302332689,0.004718161468698075,195.8527474108814,0.6363615569862772,-0.9181286549707601,1.6603669438930815,0.6367560279650036,1.611945138978428,0.019619340809694838,-0.9100202885482417,-0.04124520730608023,1.15488768023298,0.29001748240064634,1.1499459916952843,REIT—Specialty,Real Estate,CCI
2015Q2,2015,Q2,2015-08-07,2015-06-30,1153360000.0,899437000.0,240731000.0,3.42,573006000.0,0.637071857172876,21011629000.0,7404236000.0,1117560000.0,780244000.0,13607393000.0,0.0,-2110438000.0,26747207300.0,37539902300.0,22.22886838731758,1.432321171325893,0.5297687294973655,1.5033696927002327,0.013318979212970218,22.22886838731758,0.15577029149259963,29.737721819315862,5.797671000381494,3.6124196068304686,0.24682926406325864,0.0,0.010643466318070522,0.04280662865311395,0.7586742096062258,0.054891507935914914,108.36067534993012,0.637071857172876,9.058823529411764,11.15677222100282,0.6935950170001118,1.5620679941241862,-0.06240274371137361,8.393176802104458,-0.08451288057987329,7.6748937191827356,0.3404222408780969,1.2555180462454865,REIT—Specialty,Real Estate,CCI
2015Q1,2015,Q1,2015-05-08,2015-03-31,122787000.0,941001000.0,262954000.0,0.34,611143000.0,0.6494605212959391,21105477000.0,6536720000.0,927514000.0,821955000.0,14546684000.0,0.0,-2978356000.0,27462048480.000004,39291986480.0,19.646781600904085,1.1284243054668444,0.5718937790413361,1.8465057398817755,0.013770892017160955,19.646781600904085,0.018784191459937094,29.1838674772928,55.91399838745144,4.201197004002007,2.3185027730948717,0.0,0.010366378903137088,0.044585630545095,0.6481109063148226,0.0058177789585139444,107.25644908432635,0.6494605212959391,-0.17073170731707307,1.8924965526729038,0.8360773134546963,1.1089057577544774,0.01414492407308764,-0.17075032079421895,0.005444882040301304,1.1016336128903692,0.4604795473335334,1.0455157824673054,REIT—Specialty,Real Estate,CCI
2014Q4,2014,Q4,2015-02-19,2014-12-31,148070000.0,967564000.0,261530000.0,0.41,602619000.0,0.6228208159873662,21143276000.0,6716225000.0,931502000.0,898935000.0,14406048000.0,0.0,-2815428000.0,26161139200.0,37906380200.0,20.20427717077397,1.0362284258594894,0.5638133371574017,1.774934728958604,0.015093780225121112,20.20427717077397,0.022046611005438324,27.03814858758697,44.17022219220639,3.8952148267814137,1.9231377051394611,0.0,0.010884808869485316,0.045762255574774695,0.5616079026848437,0.007003172072293811,126.15377552742616,0.6228208159873662,0.41379310344827586,6.079921386348641,0.8929237583294515,0.9848316109566355,0.02854963030729213,0.3846470351702404,0.04489955731705368,1.5947222775970928,0.5964258079753874,1.412351297354934,REIT—Specialty,Real Estate,CCI
2014Q3,2014,Q3,2014-11-07,2014-09-30,106937000.0,930025000.0,250292000.0,0.29,585892000.0,0.6299744630520685,20784860000.0,6844974000.0,978795000.0,845567000.0,13922115000.0,0.0,-2677959000.0,26769218890.0,38104346890.0,20.591775893241238,1.1575605481292435,0.5568321364685641,1.690828628421379,0.013528693544879863,20.591775893241238,0.015622703607055336,28.78333258783366,62.58175114787211,3.910784597574805,1.1955450405378867,0.0,0.004775933153871715,0.044745309807234686,0.6508626755774528,0.0051449468507365455,119.11088666114922,0.6299744630520685,3.1428571428571423,3.9151811320879,0.8694663821051217,1.069885574423844,0.01733786878784248,2.1443735481784234,0.08734675436386227,0.7693582106370659,0.5354978745220071,1.5107494511373756,REIT—Specialty,Real Estate,CCI
2014Q2,2014,Q2,2014-08-08,2014-06-30,34009000.0,916345000.0,230186000.0,0.07,575907000.0,0.6284827221188526,20672059000.0,6861338000.0,947746000.0,795878000.0,13792623000.0,0.0,-2656718000.0,24679865440.0,36022637440.0,20.64528921840021,1.1908181907277247,0.559704817018953,1.686296608620651,0.0125625719838529,20.64528921840021,0.004956613418548977,26.93294058460514,181.421575465318,3.5969464614627644,3.7593578170484285,0.0,0.005180417223538962,0.04432770823651384,0.6678083826918196,0.001645167518146112,105.2015611519378,0.6284827221188526,-0.7407407407407407,1.2630861415313188,0.9269396458851238,1.0220304856819336,0.001577391304347826,-0.6649260569277909,-0.0849949119124849,-0.05435822913746136,0.5721020915535403,1.4866344167689993,REIT—Specialty,Real Estate,CCI
2014Q1,2014,Q1,2014-05-06,2014-03-31,101497000.0,875950000.0,251568000.0,0.27,575000000.0,0.6564301615389007,20569666000.0,6918265000.0,852268000.0,708272000.0,13634999000.0,0.0,-2562541000.0,24497468520.0,35870257520.0,20.83601378172115,1.203306074502451,0.5626404434568846,1.6728653788196897,0.01362938107078173,20.83601378172115,0.014670874850847719,27.966742987613447,60.340375873178516,3.540984411554053,1.263012699882755,0.0,0.00523286722035555,0.04258455144580374,0.6298328890595704,0.004934304718413999,111.68719120999361,0.6564301615389007,4.665216172598319,7.2630816946771075,0.8720722926252753,1.1457742166422353,0.10622874116940884,5.310583538605283,0.0753204785699325,1.1923252780563616,0.517194091460926,1.4279969577741964,REIT—Specialty,Real Estate,CCI
2013Q4,2013,Q4,2014-02-24,2013-12-31,-23546000.0,798419000.0,233947000.0,-0.07366550492125368,519784000.0,0.6510165714994257,20594908000.0,6926717000.0,892683000.0,756387000.0,13653733000.0,0.0,-2535879000.0,23470724620.000004,34841830620.0,21.670776575708466,1.180193472389134,0.5629789654802051,1.6738810030783704,-0.0032669706380407666,21.670776575708466,-0.003399301573891354,29.39650060932919,-249.20076254990235,3.388434177403235,0.0,0.0,0.0,0.038767786678143935,0.6257630022726461,-0.001143292312837717,108.42884487808486,0.6510165714994257,-1.4604094057578354,0.6699637164305686,0.8218027615634682,1.2813934945553385,0.07169086189442345,-1.5137010210315036,0.049847647853382936,-1.5172571766542697,0.4444424325158273,1.5433623155547962,REIT—Specialty,Real Estate,CCI
2013Q3,2013,Q3,2013-11-08,2013-09-30,45836000.0,748977000.0,222839000.0,0.16,485013000.0,0.6475672817723375,15567572000.0,2982972000.0,999803000.0,679718000.0,12570282000.0,0.0,-2512333000.0,21205867160.0,31762672160.0,10.272932651908587,1.4709085238289996,0.6921730633396139,3.6123215370442634,0.009357817255882847,10.272932651908587,0.015365883420964059,28.313108626833667,115.66163692294266,7.1089729169432365,0.0,0.0,0.0,0.04811135609329444,0.6691892814373019,0.002944325550573975,143.11173232013064,0.6475672817723375,-0.11111111111111106,2.3898456730258997,0.9030666460795864,-0.07658926236861109,-0.001443236143080084,-0.12458221127217861,-0.030970468905597036,1.33453067964714,0.5314842325763066,0.23426917907386707,REIT—Specialty,Real Estate,CCI
2013Q2,2013,Q2,2013-08-06,2013-06-30,52359000.0,734928000.0,229961000.0,0.18,485714000.0,0.6609001153854527,15392585000.0,2911472000.0,880066000.0,644198000.0,12467693000.0,0.0,-2558169000.0,21058479750.0,31720115750.0,9.997328526053739,1.366142086749726,0.700890851016902,3.705521468178296,0.009959003999009213,9.997328526053739,0.01798368660251584,28.653799759976486,100.54851959548502,7.232932259008502,0.0,0.0,0.0,0.04774558659250542,0.5090267278072891,0.003401572900198375,156.0650373515941,0.6609001153854527,2.6,-0.16740364848298925,0.8580585934230135,-0.11999531403421496,0.0013131935754529694,2.386301901435778,-0.021671523685945843,1.5273712075924026,0.5827701690771124,0.15227797461613854,REIT—Specialty,Real Estate,CCI
2013Q1,2013,Q1,2013-05-03,2013-03-31,15462000.0,740060000.0,235055000.0,0.05,485077000.0,0.6554563143528903,15372505000.0,2950413000.0,865415000.0,637626000.0,12407874000.0,0.0,-2610528000.0,20316008580.0,30991299580.0,10.135323700970794,1.3572454699149659,0.7049050236119617,3.6727590340742124,0.00828446985611527,10.135323700970794,0.005240622245089077,27.45183982379807,328.4828705859527,6.885818554893841,0.0,0.0,0.0,0.04814179601828069,0.5859187046952289,0.0010058217577421508,119.31432804966143,0.6554563143528903,1.7142857142857142,2.126338467448274,0.9161294569752227,-0.07050790368993558,0.062213959436437136,1.7927198154319406,0.12623857255112406,1.1284526603818794,0.6504071126697492,0.08793607746416542,REIT—Specialty,Real Estate,CCI
2012Q4,2012,Q4,2013-02-12,2012-12-31,-19505000.0,674087000.0,208708000.0,-0.07,456666000.0,0.6774585476355426,16088709000.0,2938746000.0,1581324000.0,1237858000.0,13137445000.0,0.0,-2625990000.0,20985282560.0,32155160560.0,10.105173030369718,1.277468013293932,0.7217012875302797,3.9510873005016425,0.0017234203665367684,10.105173030369718,-0.0066371847039519575,31.131415618458746,-268.97311663675976,7.140897022063152,0.0,0.0,0.0,0.04189814111250319,0.5123342095781585,-0.0012123409031762585,232.905846263124,0.6774585476355426,-1.5,0.76630236339339,0.7258807460496255,-0.10866486797277321,0.0474134965160071,-1.4639077179212747,-0.05462748224380345,-2.0660337054668436,0.5074155645065956,-0.007286096140209382,REIT—Specialty,Real Estate,CCI
2012Q3,2012,Q3,2012-11-02,2012-09-30,42045000.0,621337000.0,220768000.0,0.14,435994000.0,0.7017029405942347,12736419000.0,2940077000.0,777376000.0,531817000.0,9793614000.0,0.0,-2606485000.0,18544800360.0,26809061360.0,10.111627379093553,1.4617358978746449,0.658204162410172,2.8513416485350556,0.011153405980427814,10.111627379093553,0.014300645867438165,29.84660556187705,110.26757260078489,6.307590025703409,0.0,0.0,0.0,0.048784277590113834,0.4894578398208406,0.00330116338038188,242.6472367095398,0.7017029405942347,-0.65,1.609753720371282,0.7167208459696737,-0.16198063824377237,0.05394533912850091,-0.6375837190659668,0.08765032491366016,2.310364917876871,0.42787636627092673,0.016420912622921197,REIT—Specialty,Real Estate,CCI
2012Q2,2012,Q2,2012-08-06,2012-06-30,116013000.0,585511000.0,202977000.0,0.4,413678000.0,0.7065247279726597,12597676000.0,2864441000.0,739110000.0,489124000.0,9731678000.0,0.0,-2648530000.0,17049470339.999998,25340381340.0,9.855327215989044,1.5110892125514184,0.6657645426029373,2.9280009607459188,0.04035450789925762,9.855327215989044,0.040501096025367604,29.11895820915405,36.74043068449225,5.952110844663933,0.0,0.0,0.0,0.04647769953759725,0.4504563260032221,0.009209079515936113,252.64088819737717,0.7065247279726597,1.352941176470588,4.438323671315036,0.657007010971186,-0.20868820370204955,0.041084375857235254,1.3188223301553037,0.003703740332693791,2.0261947214405933,0.4078719811022823,-0.0347545211747393,REIT—Specialty,Real Estate,CCI
2012Q1,2012,Q1,2012-05-03,2012-03-31,50031000.0,551745000.0,202228000.0,0.17,397353000.0,0.7201750808797542,12124656000.0,2736534000.0,1648009000.0,425842000.0,9387990000.0,0.0,-2764543000.0,15197259420.000002,22554507420.0,9.604805677522613,3.870001080212849,0.6945295602613385,3.077225424569912,0.015994714710428834,9.604805677522613,0.01828261589295072,27.54399119158307,75.93921478683217,5.553469980639743,0.04958925466210949,0.0,0.00016325311896268202,0.04550603332581147,2.685399749202756,0.004126385111462131,156.41477377521616,0.7201750808797542,-0.009727668622600204,2.119562137818127,0.6773613617292257,-0.24746281387256494,0.0721420553888661,0.02289873443601644,0.14352600567725593,3.7467713881940603,0.37420649406141754,-0.010859534141442594,REIT—Specialty,Real Estate,CCI
2011Q4,2011,Q4,2012-02-13,2011-12-31,48911000.0,519471000.0,176846000.0,0.17166994837020425,370616000.0,0.7134488739506152,10545096000.0,2386245000.0,599152000.0,402106000.0,8158232000.0,0.0,-2811945000.0,12764102400.0,19569681400.0,8.375346158300955,1.4900349659045127,0.6529764167154097,2.885579225938661,0.018848317404058176,8.375346158300955,0.020497057091790657,24.57134738994092,65.24147124368751,5.349032643337126,0.09760585553352007,0.0,0.00037401768259082596,0.049261855937584635,0.3913843613375578,0.004638269770137702,121.15556652397179,0.7134488739506152,0.14446632246802835,8.48114380900758,1.3647292942266844,2.028356733891696,0.009740056287989626,-0.04616014665158547,-0.027725700839523006,1.7691159087448518,0.3297576713496288,-0.11828447063521168,REIT—Specialty,Real Estate,CCI
2011Q3,2011,Q3,2011-11-03,2011-09-30,51278000.0,513883000.0,181889000.0,0.15,367041000.0,0.7142501308663646,10443215000.0,2313062000.0,522280000.0,376834000.0,8129563000.0,0.0,-2855860000.0,11470200770.0,18331362770.0,8.201445940339891,1.385968357419978,0.6642289754639735,2.9989191815870044,0.018639429124564927,8.201445940339891,0.022168882632631552,22.3206464701109,55.921646563828546,4.958881677188074,0.09310035492803931,0.0,0.00041620893092702156,0.04920735616378673,0.3722753254748775,0.004910173734812507,497.8385750868056,0.7142501308663646,0.6666666666666666,3.349329899671976,0.8232677274626382,0.9456429870218579,0.038931520265393295,0.6610411065401186,0.088230366993335,2.600843346110709,0.34433546451862973,-0.26279052905051503,REIT—Specialty,Real Estate,CCI
2011Q2,2011,Q2,2011-08-05,2011-06-30,30871000.0,500336000.0,167142000.0,0.09,353287000.0,0.7060995011352371,10385320000.0,2368538000.0,511942000.0,381573000.0,8016528000.0,0.0,-2899597000.0,11636571200.0,18344713200.0,8.30250280426248,1.341662014870025,0.6563358663960283,2.8778334989770062,0.015349422617111445,8.30250280426248,0.013033778643196773,23.25751335102811,94.23545722522756,4.912976359256216,0.16099251724919827,0.0,0.0004271017565724171,0.04817723478910616,0.4329682655743462,0.002972561269176106,126.13485664733619,0.7060995011352371,-0.25,2.7258489925684413,0.9248942760513111,0.968113975927134,-0.00031975099037917374,-0.22855286503236125,0.004290143485471195,-0.498869095954836,0.29131944769924384,-0.26918062620884414,REIT—Specialty,Real Estate,CCI
2011Q1,2011,Q1,2011-05-06,2011-03-31,40017000.0,499039000.0,166428000.0,0.12,353400000.0,0.7081610856065358,10397194000.0,2462892000.0,516071000.0,392729000.0,7934198000.0,0.0,-2925266000.0,12211764900.0,18861799900.0,8.581565028327724,1.3140638964782332,0.6475165318642703,2.7335161265699024,0.018475547523344425,8.581565028327724,0.01624797189645344,24.47056222058797,76.29110690456555,4.958303043738824,0.12417222680360847,0.0,0.0004069026910270767,0.047997469317202314,0.34627185667470445,0.003848826904643695,163.1193217033554,0.7081610856065358,-0.15739583588187805,5.448768177215889,1.0416105549282688,0.5453556946999294,0.029180499737899702,-0.020942920754532333,0.0658076745734925,3.956746517582224,0.31056547277197877,-0.2130002846344751,REIT—Specialty,Real Estate,CCI
2010Q4,2010,Q4,2011-02-15,2010-12-31,40873000.0,496314000.0,156152000.0,0.14241562658973234,343380000.0,0.6918603948306918,10469529000.0,2445373000.0,545145000.0,440885000.0,8024535000.0,0.0,-2960082000.0,12579122340.0,19245485340.0,8.520522791099589,1.2364789003935266,0.6474879624479765,2.7721308773753535,0.01887777979511544,8.520522791099589,0.01671442352557258,25.345088673702534,76.94029273603601,5.144050555886566,0.12159616372666553,0.0,0.00039509910673147966,0.04740557096694608,0.39112920602878304,0.0039039960632421956,108.44912398375736,0.6918603948306918,1.2906441358974128,2.7697610916959072,1.0576437724083403,0.5507971009045518,0.013249136888075776,1.3027427801109555,0.0012567647285131704,1.4962314751534362,0.2876291040601912,-0.24844025093671435,REIT—Specialty,Real Estate,CCI
2010Q3,2010,Q3,2010-11-05,2010-09-30,-135009000.0,481890000.0,155956000.0,-0.49,338890000.0,0.7032517794517421,10653242000.0,2381394000.0,754305000.0,669791000.0,8272245000.0,0.0,-2995753000.0,12632153850.0,18944279850.0,8.323089343944304,1.1261796590279654,0.6210414632465873,2.778248790414354,0.016410784440074957,8.323089343944304,-0.05669326453329437,26.213770466288988,-23.391318078794747,5.304520734494165,-0.03680495374382448,0.0,0.0003933612635663079,0.045234117463960735,0.5362568323551675,-0.01267304356739479,122.71494623029173,0.7032517794517421,-0.36111111111111116,-2.6258777479183815,1.115268875117667,0.4967511079954475,0.09060775258660916,-0.3842959529985953,0.1736251166430872,-0.989728274795414,0.3530421552538542,-0.3102089546660566,REIT—Specialty,Real Estate,CCI
2010Q2,2010,Q2,2010-08-06,2010-06-30,-97529000.0,456127000.0,132884000.0,-0.36,310735000.0,0.6812466703352356,10352414000.0,2482071000.0,672219000.0,572467000.0,7870544000.0,0.0,-2855543000.0,10659340800.0,16806184800.0,8.676143036912752,1.1742493453771135,0.6171440786660967,2.5740323302596906,0.014293431055913523,8.676143036912752,-0.039293396522500766,23.369238830413458,-27.323516082396004,4.294535007258052,-0.05096945523895457,0.0,0.0004663515402378354,0.0440599651443615,0.5085725465398006,-0.009420894488956876,97.74907196830753,0.6812466703352356,0.16279069767441862,0.6728952832566479,1.0750685646897122,0.43011740905623486,0.02122743824685483,0.18231817229092434,0.01926012287820331,-1.9366704078614436,0.3114640917702745,-0.3033682006682733,REIT—Specialty,Real Estate,CCI
2010Q1,2010,Q1,2010-05-10,2010-03-31,-119275000.0,444327000.0,130373000.0,-0.43,304276000.0,0.684801958917644,10560509000.0,2687239000.0,814069000.0,627376000.0,7873400000.0,0.0,-2752812000.0,11027481730.0,17018301730.0,9.316102214934253,1.2975775292647471,0.6049250088229648,2.377278686413825,0.013220511148439243,9.316102214934253,-0.04438570592344038,24.81839215262633,-23.113564724376438,4.103647546794312,-0.04166002934395305,0.0,0.00045060151734207415,0.04207439243695545,0.6993589171405983,-0.011294436660202647,232.6767466345951,0.684801958917644,-7.83457846594666,0.2819300098338875,1.1923727225030731,0.2181270138645966,0.025057438737627932,-7.572349570200573,0.09140757111524102,-1.6363232591894468,0.3342313770457163,-0.27008275004367654,REIT—Specialty,Real Estate,CCI
2009Q4,2009,Q4,2010-02-16,2009-12-31,18148000.0,443544000.0,119454000.0,0.06291536517467439,296838000.0,0.6692413830420432,10956606000.0,2936241000.0,1196033000.0,754105000.0,8020521000.0,0.0,-2628336000.0,11261127040.0,17074131040.0,10.179340685246368,1.5860297969115706,0.6004733582644114,2.240670980345278,0.011410964695078695,10.179340685246368,0.006180691571298132,25.388973901123677,155.12903680846372,3.8352189210626784,0.2738593784439057,0.0,0.0004413412602793974,0.040481879151262716,1.0925852500646462,0.001656352341226836,97.62995396419437,0.6692413830420432,1.4839643474974953,1.115631327517404,1.1319750720216317,0.24131747579890833,0.014598365502602823,1.5735958785043775,0.0054965867290679375,3.7417663903116747,0.9943301242679354,2.680644874622965,REIT—Specialty,Real Estate,CCI
2009Q3,2009,Q3,2009-11-06,2009-09-30,-31639000.0,429079000.0,118801000.0,-0.13,292567000.0,0.6818487970746646,10483219000.0,2852238000.0,675293000.0,644704000.0,7631700000.0,0.0,-2641282000.0,8991131520.0,14857850520.0,9.94826774372443,1.0474465801360004,0.5852734737297771,2.1511353540623186,0.007769538507577679,9.94826774372443,-0.011092692825774006,20.954489779271416,-71.04468788520497,3.1523075984542666,-0.15708461076519487,0.0,0.0005527669113664572,0.04093008073188207,0.46876240879535414,-0.003018061532435791,97.91487726787621,0.6818487970746646,0.6829268292682926,-1.0533046417788943,1.237555090546737,0.041719851378693745,0.06201471597158446,0.7160333159812597,0.20623622942663647,-0.42591693590668694,0.49755232134793526,1.3600444981767494,REIT—Specialty,Real Estate,CCI
2009Q2,2009,Q2,2009-08-05,2009-06-30,-111418000.0,409874000.0,98489000.0,-0.41,275483000.0,0.6721163089144468,10552413000.0,2924695000.0,741234000.0,732490000.0,7628764000.0,0.0,-2604441000.0,6880504980.0,12818858980.0,10.210177029767951,1.0119373643326188,0.5944936954230279,2.1449563116837824,0.00717841960150879,10.210177029767951,-0.03809559629294679,16.78687835773921,-15.438495081584662,2.3525547039947754,-0.0445978208188982,0.0,0.0007221853649468619,0.03884173221802445,0.5367404333164958,-0.010558532915646877,61.55619256369883,0.6721163089144468,-21.5,-1.1794352710170672,1.11805030989249,0.184134648694751,0.015976337907660308,-11.5339888437175,0.012771602208808498,-5.2034240499112965,0.5704333676780395,1.4203294576016154,REIT—Specialty,Real Estate,CCI
2009Q1,2009,Q1,2009-05-07,2009-03-31,10577000.0,402910000.0,97247000.0,0.02,271151000.0,0.6729815591571319,10749903000.0,2776288000.0,936779000.0,559098000.0,7974154000.0,0.0,-2487822000.0,5835484330.0,11728392330.0,9.710254517982744,1.6755184243191712,0.6048654578557593,2.3420642959231897,0.012306652316208979,9.710254517982744,0.0038097632522274345,14.48334449380755,137.92862650089816,2.1019016506932995,0.46979294696038576,0.0,0.0008515145819952874,0.037480338194679524,1.202533366243485,0.000983915854868644,74.0788119176378,0.6729815591571319,1.0896040240061424,1.124871272814156,0.24364726887352112,0.0800225571515632,0.058757609243156074,1.165739536487143,0.23184789217673288,2.1803280291184675,0.6545939402039156,0.7486084492532835,REIT—Specialty,Real Estate,CCI
2008Q4,2008,Q4,2009-02-26,2008-12-31,-63817000.0,392022000.0,78944000.0,-0.22320426143617114,256103000.0,0.6532873155078032,10361722000.0,2715865000.0,485168000.0,834358000.0,7645857000.0,0.0,-2493198000.0,5026350539.999999,10967875540.0,9.498921000444192,0.5814866040716336,0.588391002962635,2.2448626864737387,0.007049129862437158,9.498921000444192,-0.023497854274789065,12.82160322634954,-19.690484275349828,1.850736520408783,-0.07787893507999435,0.0,0.0009887889753109023,0.03783367282001968,0.26666011472293666,-0.006158918372834168,84.83148875124469,0.6532873155078032,-0.7169558572013164,0.6711411226324663,0.18449426542935207,0.049709098797180044,0.03246939112836577,-0.9814636569689819,0.03879151534291279,-1.7736999572976377,0.6314323584172492,0.7288726889619842,REIT—Specialty,Real Estate,CCI
2008Q3,2008,Q3,2008-11-06,2008-09-30,-32207000.0,384348000.0,75996000.0,-0.13,248049000.0,0.6453760654406944,10449865000.0,3154746000.0,507274000.0,450516000.0,7295119000.0,0.0,-2424179000.0,8215109810.0,14230351810.0,11.124987216695525,1.1259844267462198,0.5826243688315591,1.9299005371589346,0.007719543668066309,11.124987216695525,-0.010209062789841085,21.374144811472934,-63.76804584407116,2.6040479360303492,-0.15428323035364983,0.0,0.0006048610566290166,0.03678018806941525,0.29119942465972354,-0.0030820493853269877,-770.7205000469087,0.6453760654406944,-1.6842105263157894,0.7531764260904101,0.2463138384716209,0.20726060658338466,0.01681512787613703,-1.5337675466945093,0.10836274538400957,0.1272647237964431,0.702253011777419,1.000619752464794,REIT—Specialty,Real Estate,CCI
2008Q2,2008,Q2,2008-08-06,2008-06-30,60339000.0,379513000.0,68566000.0,0.19,243947000.0,0.6427895750606698,10477820000.0,3174453000.0,539274000.0,435367000.0,7303367000.0,0.0,-2386771000.0,10822246440.0,16866237440.0,11.360540103353994,1.238665309956887,0.5862617414691224,1.9350562128341482,-0.02221863861769049,11.360540103353994,0.019007684158499117,28.5161415814478,44.83935116591259,3.409168899334783,0.08236795439102405,0.0,0.000459239218729157,0.036220606958317664,0.36147663924918516,0.005758736072961742,1429.4342147668735,0.6427895750606698,5.0290442571927425,1.5769546151485516,0.3083098367530225,0.17758398059310038,0.017166326147687944,5.580505579594625,-0.006333057982986247,1.2071899656583926,0.7676281224963535,0.8725954734685001,REIT—Specialty,Real Estate,CCI
2008Q1,2008,Q1,2008-05-02,2008-03-31,-13173000.0,370621000.0,69003000.0,-0.04715758573781055,239830000.0,0.6471031053286241,10470363000.0,3045966000.0,543360000.0,432569000.0,7424397000.0,0.0,-2441909000.0,9634436600.0,15680682600.0,10.904152645521586,1.2561233005601418,0.5867492846236563,2.0169227102337977,0.005547066514535182,10.904152645521586,-0.004324736389047021,25.995387741115586,-182.84439004023383,3.163015148560424,-0.3772109618158354,0.0,0.000515754081561967,0.03539714907687537,0.36385871386992596,-0.001258122569389428,1577.8638388470356,0.6471031053286241,0.8356846162481758,0.8517558901341153,0.32820636067244263,0.114332860734754,-0.001486341891942528,0.8356846162481757,0.13145639982946905,0.9181080969504727,0.888341897605409,0.42577255963552046,REIT—Specialty,Real Estate,CCI
2007Q4,2007,Q4,2008-02-27,2007-12-31,-80169000.0,375163000.0,60986000.0,-0.2869943438104103,240187000.0,0.6402203842063316,10488133000.0,3166911000.0,497255000.0,371987000.0,7321222000.0,0.0,-2423534000.0,11620544000.0,17614494000.0,11.337119639149424,1.3367537037584647,0.5786725816692065,1.9164400262590264,0.005065460687942958,11.337119639149424,-0.025314573096623175,30.974653683865412,-36.23764796866619,3.6693623534099946,-0.06199403759557934,0.0,0.0004276908206707018,0.03577023670466421,0.3619481325960316,-0.0076437817865200606,548.3199169537112,0.6402203842063316,-0.10382439927080873,-0.7840157826032602,0.2782093396037538,0.11373376958936826,0.07780156069805115,-0.1963201169922254,5.757840536745202,0.47253684576653715,0.8621057185216838,0.38250257737184573,REIT—Specialty,Real Estate,CCI
2007Q3,2007,Q3,2007-11-01,2007-09-30,-67013000.0,351744000.0,-12818000.0,-0.26,222849000.0,0.6335545169213974,10506316000.0,3409603000.0,421420000.0,255333000.0,7096713000.0,0.0,-2338164000.0,11523490060.0,17400190060.0,12.066102336708225,1.6504721285536925,0.5707521075893777,1.758709738347837,-0.0009244638594366308,12.066102336708225,-0.01965419434462018,32.76101386235444,-42.989755942876755,3.3797160725163606,-0.07414979183143569,0.0,0.00043120616880195403,0.03347928998137882,0.6807306536953703,-0.006378353744547566,326.0380845405161,0.6335545169213974,-1.0,0.21710449089118158,0.18583513786855435,0.1200548537167762,0.03158893646568684,-1.0468234575442883,-1.3380809199767896,-1.114552039968736,0.8610783689856405,0.26348613213037997,REIT—Specialty,Real Estate,CCI
2007Q2,2007,Q2,2007-08-08,2007-06-30,-32740000.0,342870000.0,37914000.0,-0.13,216025000.0,0.6300492898182984,10621023000.0,3512457000.0,374372000.0,238409000.0,7108242000.0,0.0,-2265950000.0,10229046750.0,16133798750.0,12.45441716159915,1.5702930677952593,0.5646521996986542,1.7074042472263717,0.002688685779287227,12.45441716159915,-0.009321110550250153,29.83360092746522,-78.10817616065975,2.912219779487692,-0.15183262064752595,0.0,0.00048596903714415027,0.032282201064812686,0.5786694294259025,-0.0030825655871378867,-1317.4970054095827,0.6300492898182984,0.27777777777777773,0.6261740625562259,0.1907633294941417,0.15471171601774386,0.09467875403489391,0.23666969760555828,1.819723337795627,0.34953041521429207,0.7995962999063596,0.4444124570368258,REIT—Specialty,Real Estate,CCI
2007Q1,2007,Q1,2007-05-10,2007-03-31,-42891000.0,315709000.0,13446000.0,-0.18,197341000.0,0.6250724559641949,10628109000.0,3490182000.0,410470000.0,259794000.0,7110423000.0,0.0,-2228008000.0,8786141280.0,14657846280.0,12.763230647709321,1.579982601599729,0.5641870063620913,1.7180310367768787,0.0009361272392654972,12.763230647709321,-0.012289043952435718,27.829872699226186,-51.21203329369798,2.5173877121594233,-0.11585181040311487,0.0,0.0005655497495027761,0.029705096174681686,0.6337983171281861,-0.0040356191303645835,5571.427571337984,0.6250724559641949,-6.844156175298804,0.6671383290391456,0.1482507608162539,0.15697991670445285,0.42836152548874845,-5.8352191235059765,-0.6683439396181737,0.47056499592173556,0.01887893223310386,0.41958966947015713,REIT—Specialty,Real Estate,CCI
