Quarters,Year,Quarter,FillingDate,Date,NetIncome,Revenue,OperatingIncome,EPSDiluted,GrossProfit,GrossProfitRatio,TotalAssets,CommonStockEquity,CurrentAssets,CurrentLiability,TotalLiability,Inventory,RetainedEarnings,MarketCap,EnterpriseValue,bookValuePerShare,currentRatio,debtToAssets,debtToEquity,roic,shareholdersEquityPerShare,roe,priceToSalesRatio,peRatio,pbRatio,payoutRatio,inventoryTurnover,dividendYield,assetTurnover,quickRatio,returnOnAssets,priceToFreeCashFlowsRatio,grossProfitMargin,epsdilutedGrowth,fiveYNetIncomeGrowthPerShare,fiveYRevenueGrowthPerShare,fiveYShareholdersEquityGrowthPerShare,grossProfitGrowth,netIncomeGrowth,operatingIncomeGrowth,threeYNetIncomeGrowthPerShare,threeYRevenueGrowthPerShare,threeYShareholdersEquityGrowthPerShare,Industry,Sector,Symbol
2023Q1,2023,Q1,2023-03-31,2023-03-31,619525000.0,4920195000.0,796495000.0,0.39,1406282000.0,0.2858183466,16993858000.0,-21040743000.0,3279177000.0,13837172000.0,38034601000.0,369755000.0,-25148856000.0,21426739846.650497,44038593846.6505,-13.152515345361667,0.23698317835465224,1.3474461773188877,-1.0882842397723311,0.06264969685417428,-13.152515345361667,-0.02944406478421413,4.354855823122965,8.646438742040473,-1.0183452098935146,0.0,9.503354924206569,0.0,0.2895278399996046,0.143127295086019,0.036455818331540726,159.93207522840623,0.28581834663057054,-0.6486486486486487,-0.5434368237881273,-0.8196094985629404,0.3152140767987468,0.11769441876841422,1.6829717205837773,1.8714525711648833,1.0300979059294448,-0.826232010144492,0.7880747488389458,Airlines,Industrials,GOL
2022Q4,2022,Q4,2022-12-31,2022-12-31,230910000.0,4726612000.0,277384000.0,1.11,1258199000.0,0.2661946866,16970285000.0,-21358815000.0,2993543000.0,13861247000.0,38329100000.0,392153000.0,-25768381000.0,2987590462.2900176,26010405462.290016,-102.3553056441727,0.21596491282494282,1.3666152336274848,-1.0858210064556484,0.01964668925856852,-102.3553056441727,-0.010810993025596223,0.6320786352444452,3.234583238372112,-0.1398762273230054,0.0,8.844540268721646,0.0,0.2785228415433212,0.11947388283319675,0.013606724931254838,3.3924255673724035,0.26619468659581114,1.1495956873315363,32.5324890769246,0.32219863102458857,-4.111944692896246,0.6539428730674736,1.1490829760296062,8.530037733800254,-0.44044042143896195,0.0591842997476839,-1.3713262049156614,Airlines,Industrials,GOL
2022Q3,2022,Q3,2022-09-30,2022-09-30,-1548869000.0,4009606000.0,-36837000.0,-7.42,760727000.0,0.1897261227,16501734000.0,-21723443000.0,3087436000.0,13683445000.0,38225177000.0,357571000.0,-25999291000.0,3704680250.802986,27026354250.802986,-104.10266898743043,0.225632945504586,1.4223261022144702,-1.0804386302852638,-0.0026840670969519157,-104.10266898743043,0.07129942523383609,0.923951193908575,-0.5979653945561223,-0.17053835576630214,0.0,9.085968940434208,0.0,0.24298088915989072,0.12224480019468781,-0.0938609845486541,15.973062267133121,0.18972612271629682,0.472636815920398,-4.933962044925702,0.22756886710700597,-4.108090378442593,0.45205450689734816,0.45674667908760797,0.9106611468026745,-2.572211655411138,-0.39665414228687995,-0.4903713715081947,Airlines,Industrials,GOL
2022Q2,2022,Q2,2022-06-30,2022-06-30,-2851099000.0,3242055000.0,-412329000.0,-14.07,523897000.0,0.1615941124,16482476000.0,-20166392000.0,3212545000.0,12731590000.0,36648868000.0,280066000.0,-24450422000.0,3683220373.0934706,25917950373.09347,-99.53219052337619,0.252328656515015,1.3729002851270646,-1.1221043407268885,-0.02813873820640911,-99.53219052337619,0.14137873547236413,1.1360758448248012,-0.3229649665877501,-0.18264151431220174,0.0,9.705419436847029,0.0,0.1966970860445967,0.16094580488375765,-0.17297759147351405,93.34770441476724,0.16159411237625518,-9.579268292682928,-4.142806313178098,0.2422455409843025,-3.4528871036138122,-0.1368380643577488,-2.093386792760351,-5.354178545561018,-11.655075619595669,-0.10823145663459065,-1.3299342109786758,Airlines,Industrials,GOL
2022Q1,2022,Q1,2022-03-31,2022-03-31,2607585000.0,3220452000.0,-64891000.0,1.64,606951000.0,0.1884676437,15516509000.0,-18127117000.0,2641547000.0,11369006000.0,33643626000.0,249263000.0,-21599323000.0,53239854819.06,73827703819.06,-11.411963755429099,0.23234634584589015,1.3355507350268028,-1.1432090938674915,-0.0047456197562079664,-11.411963755429099,-0.1438499569457184,16.53179579110634,5.104325920253798,-2.9370282554616933,0.0,10.484913525071912,0.0,0.2075500359004722,0.1434793859727051,0.1680522983616998,334.026744918438,0.18846764367237892,1.0646178092986605,0.772578828912706,-0.8673008925348082,0.4301466482413816,1.4167342970491181,1.5775605920495257,0.981558623292444,9.891154919341338,-0.8895110543964364,0.7223431982014829,Airlines,Industrials,GOL
2021Q4,2021,Q4,2021-12-31,2021-12-31,-4514825000.0,2922334000.0,-3518772000.0,-25.38,-1456446000.0,-0.4983845105,14402343000.0,-21053678000.0,2688041000.0,11081794000.0,35456021000.0,222055000.0,-24206908000.0,5995911613.590469,28172667613.59047,-118.33110438539565,0.24256370403564623,1.5735643846282512,-1.0764396605666715,-0.2823963029400125,-118.33110438539565,0.2144435285844117,2.051754390015128,-0.332012404334081,-0.28479164607677904,0.0,19.71934880997951,0.0,0.20290684647629903,0.1628522421550157,-0.3134785083232638,22.643769335256103,-0.4983845104632119,-0.9890282131661442,-40.93434886476764,0.06754214615271881,-4.6134556027137235,-5.321599708323205,-0.7868288001266461,-3.676407265845529,-9.807941553250362,-0.10523337515187618,-3.138801634426645,Airlines,Industrials,GOL
2021Q3,2021,Q3,2021-09-30,2021-09-30,-2526725000.0,1915051000.0,-752452000.0,-12.76,-230392000.0,-0.12030593441114623,12955075000.0,-18279614000.0,2768221000.0,11214551000.0,31234689000.0,199694000.0,-21397585000.0,8108608993.800001,27963731993.800003,-92.2746794548208,0.24684189317967345,1.6131501361435576,-1.143267084304953,-0.05965575268951133,-92.2746794548208,0.1382263870560943,4.234147807969606,-0.8022844783068993,-0.4435875393101846,0.0,10.743652788766813,0.0,0.1478224556785661,0.17208375083407262,-0.19503746601235422,813.1376848977137,-0.12030593441114623,-4.614730878186969,-2494.480795152822,-0.30296926715636513,-3.5508359347484295,0.6060058827553184,-4.930119627383488,0.07133239288169439,-4.434644160786782,-0.4172052699428902,-2.237455939217574,Airlines,Industrials,GOL
2021Q2,2021,Q2,2021-06-30,2021-06-30,642913000.0,1028372000.0,-810249000.0,3.53,-584760000.0,-0.568626917107817,11569160000.0,-15746300000.0,2570161000.0,10518175000.0,27315460000.0,195338000.0,-18870860000.0,8466324860.564181,25695994860.564182,-86.513616047514,0.24435427248548347,1.5549909414339502,-1.1424867429173837,-0.0801012225327745,-86.513616047514,-0.04082946469964373,8.232745407852589,3.292173614689772,-0.5376707455442981,0.0,8.258157654936571,0.0,0.08888908097044211,0.16788768013462413,0.05557127743068641,-33.80296677153002,-0.568626917107817,1.2484166080225194,1.4159092821057304,-0.5319839579723251,-3.1549250629473655,-0.6163369552298213,1.2542763159195744,-0.5507039180561297,1.4639169711838522,-0.5819760158591563,-2.2332955693693517,Airlines,Industrials,GOL
2021Q1,2021,Q1,2021-03-31,2021-03-31,-2528403000.0,1567627000.0,-522504000.0,-14.21,-361781000.0,-0.23078257774330246,11889360000.0,-16833747000.0,2596419000.0,11009943000.0,28297280000.0,188336000.0,-19513773000.0,7768350364.64877,26346980364.64877,-94.61320123991356,0.2358249266140615,1.5966665152707968,-1.1276956342518394,-0.04912433124130064,-94.61320123991356,0.15019846740003875,4.955483903153474,-0.768108403273605,-0.4614748198751455,0.0,10.244499192931782,0.0,0.1318512518756266,0.16782620945449037,-0.21266098427501565,-54.15560224928558,-0.23078257774330246,-42.017607584403244,-4.494524399242546,-0.4385771993195945,-3.2461137312219837,0.7724430259999698,-151.285485021398,-2.9372448695845614,-17.753730973004245,-0.483230014651426,-3.926037845753114,Airlines,Industrials,GOL
2020Q4,2020,Q4,2020-12-31,2020-12-31,16824000.0,1891322000.0,269715000.0,0.34643658752548234,-1589848000.0,-0.8406014417428656,12814136000.0,-14407092000.0,3245351000.0,10398216000.0,26581195000.0,195638000.0,-16985370000.0,2475958233.854,19374286233.854,-296.6680806375224,0.31210651904134323,1.3704519758491716,-1.2189245407747795,0.018087676416968963,-296.6680806375224,-0.0011677582124137195,1.3091151236299265,36.79205649450191,-0.1718569044921765,0.0,17.79393573845572,0.0,0.14759652933291795,0.21328918345223835,0.0013129250384107051,10.418901762970195,-0.8406014417428656,1.0077537284584934,1.043931190786591,1.2003811755887688,-8.777280267454742,-100.67699059561129,1.0097827035010496,1.3511804318615044,9.498169904358567,1.273387727892945,-13.81653355263112,Airlines,Industrials,GOL
2020Q3,2020,Q3,2020-09-30,2020-09-30,-1719770000.0,974920000.0,-768024000.0,-44.68,15950000.0,0.016360316743937963,12820829000.0,-14759201000.0,2894761000.0,12007286000.0,26957775000.0,199717000.0,-17002055000.0,1671383544.03,19439731544.03,-303.9186417643062,0.24108370534357224,1.42479881761156,-1.2376755354168563,-0.0671668377284051,-303.9186417643062,0.1165218903109999,1.7143801994317482,-0.24296614431435598,-0.11324349766833583,0.0,4.801644326722312,0.0,0.07604188465504064,0.160707507091944,-0.13413875187010138,-4.224409878528696,0.016360316743937963,-2.0933259484907225,-1.4353742594283625,0.20822232224597195,-12.388346763952597,1.1106424894906977,0.13878571575226362,0.14435828877005347,-19.769259276522494,0.2825503785575376,-13.912623325853813,Airlines,Industrials,GOL
2020Q2,2020,Q2,2020-06-30,2020-06-30,-1996913000.0,357848000.0,-897600000.0,-14.444,-144158000.0,-0.4028470188459905,14759813000.0,-13002649000.0,3902284000.0,12291791000.0,27164666000.0,218169000.0,-15282285000.0,5195080178.140499,23719623178.1405,-90.21754651328183,0.31747074124511226,1.2832435614191047,-1.45665971603171,-0.0642379557968664,-90.21754651328183,0.15357739795944658,14.517561026303065,-0.6503888975309013,-0.3995401381780358,0.0,2.3009960168493233,0.0,0.024244751610335444,0.20906684794754482,-0.13529392276175856,-9.751294543001698,-0.4028470188459905,-0.12264884190890729,-3.8084375778750386,-0.8399175320443258,-6.686921705626599,-1.253881091971533,0.12732593938911901,-3.1487975256270917,-4.063733377551734,-0.8072433018690748,-3.0361670659134314,Airlines,Industrials,GOL
2020Q1,2020,Q1,2020-03-31,2020-03-31,-2288269000.0,3147727000.0,417722000.0,-12.866,567817000.0,0.18038953187490528,15624827000.0,-11037301000.0,4871612000.0,12134440000.0,26064272000.0,215780000.0,-13285372000.0,3985580429.1239996,20268896429.124,-62.0620491107325,0.4014698659353048,1.0843219576127148,-1.535007788588895,0.03196545031262247,-62.0620491107325,0.20732142758451547,1.2661772857442846,-0.4354361778623929,-0.3611010000655051,0.0,11.956205394383169,0.0,0.20145675852923042,0.26672339226202446,-0.14645083750367285,5.092176603321634,0.18038953187490528,-7.497979797979798,-1.836747954098185,0.09743371872602323,-6.665007767434467,-0.4625545782296635,-7.5061428624231965,-0.3986816894758283,-14.893310420531034,0.158456708968612,-2.0990517899194905,Airlines,Industrials,GOL
2019Q4,2019,Q4,2019-12-31,2019-12-31,351709000.0,3803343000.0,694677000.0,1.98,1056511000.0,0.27778483297457,15298446000.0,-7676671000.0,4927377000.0,10362600000.0,22403863000.0,199213000.0,-10996413000.0,12912813353.505,25730009353.504997,-43.16373910598819,0.4754962075154884,0.9453653658678797,-1.883970408527342,0.04209416063973519,-43.16373910598819,-0.04581530197138838,3.395121963363546,9.178620218351677,-1.6820850279378914,0.0,13.788417422557766,0.0,0.24860976075609248,0.39935836566112753,0.022989851387520015,21.587232627409644,0.27778483297457,1.8061889250814331,1.4158225992660523,0.1010212786640059,-10.7025330093305,0.17159177354858313,2.4530307537223406,0.143862751684483,4.268042182458707,0.3899393861769961,-1.0476250464918937,Airlines,Industrials,GOL
2019Q3,2019,Q3,2019-09-30,2019-09-30,-242052000.0,3709937000.0,607308000.0,-2.456,901774000.0,0.24306989579607416,14804190000.0,-8137019000.0,4887903000.0,10329860000.0,22390537000.0,194635000.0,-11414954000.0,7485004018.765001,20739627018.765,-69.85015344335473,0.4731819211489798,0.9804040612826503,-1.783710717647335,0.046490613967626195,-69.85015344335473,0.029747011774213628,2.017555559235912,-7.730781008590097,-0.9198705347455869,0.0,14.427841857836464,0.0,0.25060047189343015,0.35906314315973303,-0.01635023598048931,11.017225748891288,0.24306989579607416,-1.2086330935251797,-0.07237486493603779,0.8186435268412461,-52.96133889777775,0.33027185946920357,-0.24369678814939652,0.9045152064425893,-405.528914108459,1.2962788593512187,-2.444895069977979,Airlines,Industrials,GOL
2019Q2,2019,Q2,2019-06-30,2019-06-30,-194623000.0,3140616000.0,318878000.0,-1.112,677887000.0,0.21584523545699316,14192402000.0,-7477065000.0,4406754000.0,8460625000.0,21189914000.0,191243000.0,-11059574000.0,11128891596.966,23740749596.966,-42.71888453089336,0.5208544286030878,0.9588470647886101,-1.8200113279742787,0.03207733825076769,-42.71888453089336,0.026029331027615784,3.543537827281654,-14.2954476050698,-1.4884037516011963,0.0,12.877485711895337,0.0,0.22128854580077426,0.40516616680209794,-0.013713182588824641,91.28701755351034,0.21584523545699316,-5.043478260869566,0.10948338756491668,0.051099659559680745,-13.283781739951573,-0.02280219978232822,-5.024174327545114,-0.37006775844017303,-1.7605107933482518,0.4863056867851988,-1.051628080151941,Airlines,Industrials,GOL
2019Q1,2019,Q1,2019-03-31,2019-03-31,-32307000.0,3210808000.0,506210000.0,-0.184,693705000.0,0.216053093177792,13735205000.0,-7191786000.0,4047502000.0,7510750000.0,20386784000.0,187007000.0,-10864951000.0,8889404738.939999,15572441738.939999,-41.100969547687285,0.5388945178577372,0.6234835956216161,-1.1907577617020306,0.06602709534038691,-41.100969547687285,0.004492208194181529,2.768588074696462,-68.78853451991827,-1.2360496737444635,0.0,13.459940002245904,0.0,0.23376484005881237,0.4445225842958426,-0.002352130892840697,31.386148703831196,0.216053093177792,-1.0638675688103527,0.8052859165558437,0.018217535971919677,-11.054470252225395,3.1140519290546718,-1.0643105826709585,-0.24711576072972705,-1.0454028151111483,0.1692463348215196,-0.8445564559266678,Airlines,Industrials,GOL
2018Q4,2018,Q4,2018-12-31,2018-12-31,502359000.0,3200868000.0,672361000.0,2.8809613928841786,-328140000.0,-0.10251594255058316,10378266000.0,-4985412000.0,3310835000.0,7200556000.0,14883617000.0,180141000.0,-8396567000.0,9167433528.0,15697198528.0,-28.590668226550136,0.4598026874591351,0.7087842998049964,-1.475495305102166,0.18150054955680445,-28.590668226550136,-0.1007657942813954,2.8640461049940202,4.562192340537345,-1.8388517394349753,0.0,19.59025430079771,0.0,0.3084203083636515,0.34978896074136495,0.048404906946883035,12.027974546561424,-0.10251594255058316,2.2280312842643557,5.352780112908653,-0.07224673424765189,-7.056363860338931,-1.5910419694914704,2.2275382965049935,2.7249297795604503,1.3653311144288076,0.03711990618607405,0.0577382788061291,Airlines,Industrials,GOL
2018Q3,2018,Q3,2018-09-30,2018-09-30,-409241000.0,2892391000.0,180503000.0,-2.346,555189000.0,0.19194811489871183,10556956000.0,-4969989000.0,3509936000.0,7639484000.0,15057851000.0,203383000.0,-8898926000.0,3696915176.0639997,11292387176.064,-28.502219393021814,0.45944673750216636,0.7848770043182902,-1.6671892030344535,0.05555529247637511,-28.502219393021814,0.08234243576796649,1.2781519428265402,-2.2583973600299085,-0.7438477582272315,0.0,11.49162909387707,0.0,0.27397963958550176,0.39363391558906335,-0.03876505689708283,13.183587273513112,0.19194811489871183,0.6918833727344366,-0.6527761804820494,0.03192014357473106,-7.234528538962053,0.4343559867205766,0.6913676052917762,3.2167686772882305,0.8386001083921325,-0.0016941049058103162,-0.2555912811428188,Airlines,Industrials,GOL
2018Q2,2018,Q2,2018-06-30,2018-06-30,-1325982000.0,2353828000.0,42806000.0,-7.614,387065000.0,0.16444064732002509,10240103000.0,-4659709000.0,3186269000.0,6582028000.0,14531369000.0,205659000.0,-8489685000.0,3589153564.9049997,11270989564.904999,-26.757100979910824,0.48408621172684163,0.8102610881941325,-1.780616987026443,0.008437083506242437,-26.757100979910824,0.284563263499931,1.5248155620992696,-0.6766972637835581,-0.7702527271348918,0.0,9.563223588561648,0.0,0.22986370351938842,0.4267797098401891,-0.12948912720897438,12.216398903004785,0.16444064732002509,-10.107655502392344,-1.341176094107511,-0.024354438539415782,-5.316062858400355,-0.5407293938408746,-9.991476290253678,-0.9151166387727745,-1.6424303918132306,-0.1285529774932123,-1.2798197052702942,Airlines,Industrials,GOL
2018Q1,2018,Q1,2018-03-31,2018-03-31,147471000.0,2964267000.0,504292000.0,0.836,842782000.0,0.2843137949449223,9889173000.0,-3339296000.0,3270000000.0,5650631000.0,12748546000.0,180914000.0,-7163703000.0,7460782621.132501,14103934621.1325,-19.20675484080628,0.578696432309949,0.725601422889457,-2.148835562945004,0.07291732775606252,-19.20675484080628,-0.0441623024733357,2.5169064126586775,12.647880975128162,-2.2342381810814316,0.0,11.72648330145815,0.0,0.2997487251967379,0.518927532164107,0.014912369315411915,-57.31304250501245,0.2843137949449223,19.9,2.570767624558389,0.14140092479449007,-4.9900463072851045,3.2269077413045113,24.705246644587763,0.29972164948453606,1.187006262257932,0.057144637791326024,-1.3721409001387723,Airlines,Industrials,GOL
2017Q4,2017,Q4,2017-12-31,2017-12-31,5737000.0,2978250000.0,388000000.0,0.04,199385000.0,0.06694703265340385,10004748000.0,-3480959000.0,3344998000.0,5750045000.0,13073694000.0,178491000.0,-7293274000.0,5042255693.4,11260170693.4,-20.022772505033075,0.5817342299060269,0.7241338812331904,-2.08125892893309,-0.1331678961465133,-20.022772505033075,-0.0016481090412153662,1.6930263387559807,219.7252786037999,-1.4485248730019515,0.0,15.568656122717671,0.0,0.2976836597983277,0.5221070443796527,0.0005734277365107047,-10.04053384854338,0.06694703265340385,-0.9785177228786252,1.0099396724074672,0.0884366584926141,-4.679351334292239,-0.7758618557651341,-0.9824887521442656,0.20068079839084016,1.0069388680890254,-0.11799602216699964,-4.428564833160096,Airlines,Industrials,GOL
2017Q3,2017,Q3,2017-09-30,2017-09-30,327618000.0,2717935000.0,323150000.0,1.862,889563000.0,0.32729369907668876,8890034000.0,-3538778000.0,2283227000.0,5117852000.0,12025362000.0,193932000.0,-7299011000.0,4670517650.82504,10241474650.825039,-20.379958316080213,0.4461299388884243,0.6943912700446365,-1.7444332478612674,0.10540060361167307,-20.379958316080213,-0.09257941583224491,1.7184066766957413,3.5639965224934524,-1.3198108643223847,0.0,9.427902563785244,0.0,0.3057283020514882,0.3783008965480049,0.036852277505350375,114.70682149532234,0.32729369907668876,1.6805555555555558,1.82660310680595,0.06745490240184615,-3.3497365513750816,1.1110407085190301,1.690376145822358,11.722440944881889,1.9737638410710208,-0.10614298881465749,-16.160595483060806,Airlines,Industrials,GOL
2017Q2,2017,Q2,2017-06-30,2017-06-30,-474550000.0,2233998000.0,25400000.0,-2.736,421386000.0,0.18862416170471058,8466780000.0,-3876648000.0,1942917000.0,5031364000.0,12095416000.0,208106000.0,-7626629000.0,2602806844.60608,8344137844.60608,-22.35228250961028,0.3861610887226605,0.7452705751182859,-1.6277056880067522,0.006400569165483965,-22.35228250961028,0.12241245529643136,1.1650891561255112,-1.3711973683521652,-0.6714065462239749,0.0,8.71004199782803,0.0,0.2638544995854386,0.3175039611524827,-0.05604846234341745,10.527791081276211,0.18862416170471058,-3.986899563318777,0.4898066923728694,-0.06183609026173967,-3.0043478473927694,-0.3803156171829159,-3.958928538025552,-0.8996824594385378,-1.1913240329496109,-0.24544900230053737,-7.4273813034426555,Airlines,Industrials,GOL
2017Q1,2017,Q1,2017-03-31,2017-03-31,160379000.0,2645839000.0,253196000.0,0.916,680001000.0,0.25700770152681246,8085210000.0,-3468009000.0,1770274000.0,4664401000.0,11371388000.0,188034000.0,-7152079000.0,2889030607.221,8593626607.221,-20.026141322518782,0.37952868975030235,0.753314508837742,-1.7562543811160813,0.09099779969306537,-20.026141322518782,-0.046245266376182995,1.091914741305499,4.503442793665318,-0.8330516464118173,0.0,10.454694363785272,0.0,0.32724431400050213,0.31136023682354924,0.019836095784772443,-29.93255773245405,0.25700770152681246,2.5137477652538247,4.02400769659043,-0.046393905115838,-2.215446660503433,2.0525623529834265,2.5306698989282,0.27739351102097237,1.9766748043253357,-0.15220392892162904,-5.898965752146271,Airlines,Industrials,GOL
2016Q4,2016,Q4,2016-12-31,2016-12-31,-104777000.0,2664034000.0,198213000.0,-0.6051206290939795,222764000.0,0.08361905290998538,8404355000.0,-3649998000.0,2080714000.0,4848742000.0,11761106000.0,182588000.0,-7312458000.0,1533987084.9391203,7351000084.93912,-21.079903852484485,0.42912450280918224,0.7590374276193711,-1.7477324645109396,-0.038818491446733376,-21.079903852484485,0.028706043126598975,0.5758136288572594,-3.6601236076121673,-0.42027066451519157,0.0,13.370374832957259,0.0,0.31698256439667294,0.36730434409585,-0.012466988840904508,33.637117027873,0.08361905290998538,-99.85343818232991,-2.5073267302118665,-0.06881122207270977,-2.291807793983815,-0.6274157912254615,-117.39209039548022,-0.14771290730373313,0.08573677983440503,-0.22239823384893456,-5.465357957357939,Airlines,Industrials,GOL
2016Q3,2016,Q3,2016-09-30,2016-09-30,-885000.0,2401419000.0,232566000.0,-0.006,597889000.0,0.24897321125551183,8315108000.0,-3510875000.0,1948772000.0,4691886000.0,11552122000.0,181116000.0,-7207681000.0,2140014254.1993601,8002130254.19936,-20.276424107106763,0.4153493925470482,0.7631644712251483,-1.8074682237333999,0.02523899257483431,-20.276424107106763,0.0002520739131982768,0.891145716011808,-604.5238006212882,-0.6095387201764119,0.0,9.957872302833543,0.0,0.2888019013102415,0.3386578446279385,-0.0001064327727312742,20.874114847828327,0.24897321125551183,-1.004092769440655,0.9986622769659327,0.01688400976142152,0.0,1.3820278884462152,-1.003498023715415,2.3600350877192984,0.9964005932500899,-0.1372007098429603,-5.435231622517269,Airlines,Industrials,GOL
2016Q2,2016,Q2,2016-06-30,2016-06-30,253000000.0,2089000000.0,-171000000.0,1.466,251000000.0,0.12015318334131163,8753000000.0,-3603000000.0,2163000000.0,5035000000.0,12140000000.0,187000000.0,-7207000000.0,1183213219.58406,7530213219.58406,-20.821943774394846,0.4295928500496524,0.7944704672683651,-1.9300582847626977,-0.027024464251849043,-20.821943774394846,-0.07021926172633916,0.566401732687439,1.1691830233044072,-0.32839667487761864,0.0,9.828877005347593,0.0,0.23866103050382725,0.3598808341608739,0.02890437564263681,-3.1468436691065422,0.12015318334131163,-0.6396263520157325,1.5509818480854158,0.04184689820519948,-2.0806046568009493,-0.5912052117263844,-0.6401137980085349,-1.391304347826087,1.4495662691604596,-0.12856994614093364,-4.358690398927725,Airlines,Industrials,GOL
2016Q1,2016,Q1,2016-03-31,2016-03-31,703000000.0,2713000000.0,437000000.0,4.068,614000000.0,0.22631772945079248,9544000000.0,-3852000000.0,2338000000.0,4875000000.0,13116000000.0,185000000.0,-7459000000.0,924398006.36814,7825398006.36814,-22.282305003800488,0.4795897435897436,0.8243922883487007,-2.0425752855659396,0.0632601577789328,-22.282305003800488,-0.18250259605399793,0.3407290845440988,0.3287332881821266,-0.23997871401042054,0.0,11.345945945945946,0.0,0.2842623637887678,0.40164102564102566,0.07365884325230511,-3.6393622297958266,0.22631772945079248,1.5158579969752952,16.17844498621511,0.15125752657624553,-2.0070402846050905,6.614124918851207,1.5949544813274847,5.583499402152252,8.530700947076046,0.05061949473382645,-5.628966711717673,Airlines,Industrials,GOL
2015Q4,2015,Q4,2015-12-31,2015-12-31,-1181603000.0,2652057000.0,-95342000.0,-7.885891124791107,-109367000.0,-0.0412385555815731,10368397000.0,-4546462000.0,2461566000.0,5542008000.0,14690837000.0,199236000.0,-8162077000.0,678905205.31152,8911499205.31152,-30.342597585652733,0.44416500300973943,0.8974314930263569,-2.0466301049035494,-0.01724180444100445,-30.342597585652733,0.25989505685959763,0.25599193581115337,-0.14364071632170872,-0.1493260485431353,-0.08135304328103432,13.860065450019073,0.14159119601372258,0.2557827405721444,0.37617159700960373,-0.11396197502854105,-1.211331375385878,-0.0412385555815731,0.4577907642470361,-9.045741881261323,0.2768601382093348,-2.3973156460156,-1.232377338285413,0.45768498719256767,-11.757305652713528,-1.3752684108691458,0.12454995046202091,-6.575705206888852,Airlines,Industrials,GOL
2015Q3,2015,Q3,2015-09-30,2015-09-30,-2178813000.0,2489645000.0,8863000.0,-14.544,470644000.0,0.18904060619084248,11124073000.0,-3401349000.0,3591688000.0,4970306000.0,14312462000.0,180768000.0,-6980474000.0,1168133929.6000001,8204385929.6,-22.700236789697644,0.7226291499959963,0.8530281129942243,-2.7898186866446224,0.0012105569945834443,-22.700236789697644,0.6405731961054276,0.46919698575499724,-0.13403329354102442,-0.3434325409124439,-0.044118976708877725,11.169017746503807,0.08229107773020207,0.22380696351057747,0.6474891083164699,-0.19586468014008898,-1.4040493159049252,0.18904060619084248,-4.1684434968017055,-18.8365607964805,0.25287646122141566,-2.079974698160245,2.419309372797745,-4.5032759805209235,1.0352909321855053,-5.3705723957440314,0.1331231545396582,-3.61725638896601,Airlines,Industrials,GOL
2015Q2,2015,Q2,2015-06-30,2015-06-30,-395912000.0,2131073000.0,-251141000.0,-2.814,137643000.0,0.06458858987937063,9860095000.0,-1612586000.0,2647194000.0,4499364000.0,11305159000.0,168525000.0,-4801662000.0,2048642453.8905602,7273866453.89056,-11.73649868805679,0.5883484865861042,0.6945309350467719,-4.246682657545086,-0.04960852820123243,-11.73649868805679,0.24551372763995222,0.9613196985230258,-1.2936223541409202,-1.270408185294031,0.0,11.82869010532562,0.0,0.2161310819013407,0.5043034971164814,-0.04015295998669384,-15.825009685843531,0.06458858987937063,0.4085750315258512,-6.487956810059715,0.3150994531709102,-1.5833328555314632,-0.7462727011303559,0.43806879793799214,-2.632449965224287,0.4627188480677496,0.12965135942818592,-2.052421642900255,Airlines,Industrials,GOL
2015Q1,2015,Q1,2015-03-31,2015-03-31,-704556000.0,2505232000.0,153843000.0,-4.758,542484000.0,0.21654042420023376,10328493000.0,-1257707000.0,2914012000.0,4346397000.0,11365982000.0,159553000.0,-4405750000.0,2388121102.5912004,7556312102.5912,-8.096801855101722,0.6704431279517264,0.6897892073896937,-5.664660370022589,0.01716694008397571,-8.096801855101722,0.5601908870667015,0.953253472169923,-0.8473851271549743,-1.8987897042722992,0.0,12.301542434175477,0.0,0.2425554241068857,0.5796085815446679,-0.06821479183846085,7.4573553417974825,0.21654042420023376,-0.0004674315048834005,-26.150097607559964,0.23671444311784617,-1.407129513339507,-0.0011342294236788804,-0.054093357271095155,-0.09875219683655537,-13.810437276286724,0.006631525423094739,-1.4914192213591952,Airlines,Industrials,GOL
2014Q4,2014,Q4,2014-12-31,2014-12-31,-668400000.0,2729800000.0,170700000.0,-4.755777,543100000.0,0.19895230419810975,9976647000.0,-518387000.0,2986198000.0,4212646000.0,10309621000.0,138360000.0,-3701194000.0,4289730810.2946,8626196810.2946,-3.688409942665702,0.7088651645545342,0.6249834237895758,-12.028154641223642,0.024544136878276904,-3.688409942665702,1.289384185946021,1.5714450913233937,-1.604477412587747,-8.27515120999292,-0.10085128665469778,15.804423243712055,0.01571403964048985,0.2736189824096212,0.624103235828503,-0.06699645682562488,18.491494285358474,0.19895230419810975,-1.4514314432989692,-2.3557571206328674,0.36170480037882785,-1.160270044206259,0.10391115049859953,-1.4539156549098506,0.12333671145974545,-12.84641562477505,0.17554127562155847,-1.226031235468912,Airlines,Industrials,GOL
2014Q3,2014,Q3,2014-09-30,2014-09-30,-272381000.0,2461692000.0,151958000.0,-1.94,491978000.0,0.19985359663191007,10438386000.0,188973000.0,3298087000.0,4279490000.0,10069568000.0,136112000.0,-3032779000.0,3356252129.0739994,7483486129.073999,1.344271624346886,0.7706729072856813,0.581460677924729,32.118403158123115,0.01573903606836115,1.344271624346886,-1.4413752229154428,1.3633923858362458,-3.0804756288746273,17.76048498501902,0.0,14.471273656988362,0.0,0.23583071175946166,0.6945388352350397,-0.02609416819803368,-80.08428091994558,0.19985359663191007,-0.5495207667731629,-3.8213801720718643,0.32693624584349285,-0.9146893248135717,0.1947738449395908,-0.5638082880731206,3.0149545550623547,0.49287967277217665,0.2839510434918139,0.0,Airlines,Industrials,GOL
2014Q2,2014,Q2,2014-06-30,2014-06-30,-174178000.0,2381289000.0,37848000.0,-1.252,411775000.0,0.17292105242160863,10256690000.0,485110000.0,3357238000.0,3368462000.0,9163968000.0,135167000.0,-2760398000.0,3363608100.3280005,6320183100.328001,3.4776655459413734,0.9966679155056521,0.527165001574582,11.145859701923275,0.01030607152634022,3.4776655459413734,-0.35904846323514256,1.4125157006679998,-4.827831443018062,6.933701841495743,0.0,14.570967765800825,0.0,0.23216934508111292,0.9177808744762447,-0.01698189181890064,18.34458515534177,0.17292105242160863,-0.31789473684210534,-1.3918455524695212,0.3591896096006028,-0.7734020107871763,-0.07505991810256721,-0.32762681504630514,-0.7379854620976116,0.5294555580921612,0.4732218353211113,-0.8195182147998243,Airlines,Industrials,GOL
2014Q1,2014,Q1,2014-03-31,2014-03-31,-131195000.0,2493399000.0,144450000.0,-0.95,445191000.0,0.1785478377106913,10459784000.0,565582000.0,3434403000.0,3437981000.0,9253474000.0,127396000.0,-2586220000.0,3037040654.6700006,6380249654.67,4.087830439260611,0.9989592728988322,0.5228367048497369,9.669259276285313,0.03470936433564621,4.087830439260611,-0.23196459576153414,1.2180323544968137,-5.787264481630398,5.369761864185919,0.0,16.07749065904738,0.0,0.2383795879532503,0.9134963224055048,-0.012542802031093567,8.683064262020896,0.1785478377106913,-5.785714285714285,-2.5491075926521245,0.1922545434148182,-0.6643291718696452,-0.08088840991719158,-0.4375643750958778,-0.11302553774169978,-5.005615555948435,0.32201970190983437,-0.8152520608497089,Airlines,Industrials,GOL
2013Q4,2013,Q4,2013-12-31,2013-12-31,-91262000.0,2728210000.0,162857000.0,-0.14,484371000.0,0.17754168484097632,10638448000.0,650926000.0,3565709000.0,3446791000.0,9419948000.0,116858000.0,-2455025000.0,2972737674.754448,6926475674.754448,4.720764618153263,1.0345010765085554,0.5253947756289263,8.586820928953522,0.009894839367069941,4.720764618153263,-0.14020334108639076,1.0896293447918042,-8.14341586518608,4.56693644862004,-0.23098332274111896,19.201415393041128,0.00709110668560462,0.2564481210041164,0.9191764165567335,-0.00857850694011006,35.6969832577356,0.17754168484097632,0.9014084507042253,0.8587853281673742,0.23997674778449993,-0.5544016669598123,1.1885846997745315,0.5368375109748732,3.3973808559470773,-1.6752833296519463,0.42738065780724116,-0.782602717401444,Airlines,Industrials,GOL
2013Q3,2013,Q3,2013-09-30,2013-09-30,-197041000.0,2230501000.0,37035000.0,-1.42,221317000.0,0.09922299967585757,10397870000.0,634371000.0,3501759000.0,3367279000.0,9250552000.0,135342000.0,-2407246000.0,3002958132.861312,6878554132.861312,4.571671974055469,1.0399372906135784,0.5294253534618147,8.677723288107432,0.005880057878710218,4.571671974055469,-0.3106084609794584,1.3463155286015616,-3.810067616462198,4.733756954307986,0.0,14.84523651194751,0.0,0.2145151843598737,0.9047117865790153,-0.0189501311326262,4.067957557269611,0.09922299967585757,0.5633456334563346,0.6972282171781176,-0.05775311165519195,-0.7049691948799878,0.13508703546041093,0.5616645273524485,2.0557899538172073,-2.7418081245395585,0.2120646785024284,-0.7825005040251842,Airlines,Industrials,GOL
2013Q2,2013,Q2,2013-06-30,2013-06-30,-449521000.0,1914825000.0,-35078000.0,-3.252,194978000.0,0.1018254931912838,10348242000.0,856875000.0,3305002000.0,3018151000.0,8989548000.0,128547000.0,-2183289000.0,2015714470.6160002,6448156470.616,6.199423376754921,1.0950419644345164,0.5406263208765315,6.5289943107221005,-0.0038165805799691135,6.199423376754921,-0.5246051057622173,1.0526886115524918,-1.121034651671446,2.352402008012837,0.0,13.379129812442141,0.0,0.18503867613455502,0.9964773134279895,-0.04343935907181142,-3.23990155253772,0.1018254931912838,-5.022222222222221,-0.9055503704740415,-0.0485510979526061,-0.7019515113486552,-0.251670498290162,-4.970527294461416,-1.346706202125031,-7.4514807311107,0.17464738019247786,-0.6918734081493167,Airlines,Industrials,GOL
2013Q1,2013,Q1,2013-03-31,2013-03-31,-75290000.0,2082676000.0,101175000.0,-0.54,260551000.0,0.1251039527991872,8973657000.0,671150000.0,2087541000.0,2666268000.0,8302507000.0,139091000.0,-1733768000.0,3281579903.076768,7762458903.076768,4.813667151115066,0.7829449252663273,0.5958386865020582,7.966701929523952,0.22002083495270816,4.813667151115066,-0.11218058556209491,1.5756555043015659,-10.89646667245573,4.889488047495743,0.0,13.100236535793114,0.0,0.2320877653335758,0.6887462175595251,-0.008390113417528662,-38.854577459527434,0.1251039527991872,0.8373493975903614,-14.420216190672543,-0.05982673847516412,-0.7897009982128051,5.474442760231593,0.831596888266582,1.2829492159642926,-3.994221217370858,0.14542227329674945,-0.7579555484148344,Airlines,Industrials,GOL
2012Q4,2012,Q4,2012-12-31,2012-12-31,-447082000.0,2119495000.0,-357573000.0,-3.32,40243000.0,0.018987070033191868,9027098000.0,732828000.0,2087983000.0,4061693000.0,8294270000.0,122178000.0,-1658478000.0,3614129012.4188156,8029753012.418816,5.441930026746049,0.5140671636187176,0.5750657631057068,7.08375635210445,-0.05558060215604219,5.441930026746049,-0.6100776717046837,1.705184023750382,-2.0209542166866568,4.931756172551834,0.0,17.01821931935373,0.0,0.23479251028403592,0.45945471506586044,-0.04952665851196032,-18.427399516738127,0.018987070033191868,-0.456140350877193,-12.618360329866437,0.11357057817679556,-0.7682624545659592,-0.36878676182260217,-0.44522097804442834,-0.7820199744836935,-1.9464516973176254,0.10344413815658689,-0.7635354042767779,Airlines,Industrials,GOL
2012Q3,2012,Q3,2012-09-30,2012-09-30,-309352000.0,1987338000.0,-200656000.0,-2.28,63755000.0,0.03208060229311773,9404671000.0,1175483000.0,2595953000.0,2896062000.0,8229188000.0,152598000.0,-1211973000.0,3449464591.8240004,7658356591.824,8.673295014351172,0.8963734201823027,0.5592379573937248,4.474287590718029,-0.03465257937614662,8.673295014351172,-0.2631701181556858,1.7357211464904312,-2.787653378533192,2.9345082760227075,0.0,12.60555839526075,0.0,0.2113139311306052,0.7751232535767535,-0.03289344199281399,-24.140192954336463,0.03208060229311773,0.5749440715883669,-6.0547974414767936,0.13379866629271786,-0.6470438515160545,1.7038296369075876,0.5673840293228803,0.4342060370229384,-4.323672474561936,0.11113946272987958,-0.4495720653741592,Airlines,Industrials,GOL
2012Q2,2012,Q2,2012-06-30,2012-06-30,-715073000.0,1830658000.0,-354645000.0,-5.364,-90583000.0,-0.0494811155333219,10454148000.0,1486916000.0,2636622000.0,2856843000.0,8967232000.0,150149000.0,-902617000.0,2442310694.2079997,6691951694.208,11.1518978797447,0.9229145598830597,0.5005588212449259,3.5193084209195407,-0.04688205609287739,11.1518978797447,-0.4809101522883606,1.334116309112898,-0.8538676100929555,1.642534409615607,0.0,12.795563074013147,0.0,0.175113074733589,0.7287404313082658,-0.06840088737982282,-13.56048246416257,-0.0494811155333219,-16.52941176470588,-13.978468541108791,0.17787460262911803,-0.5616476022960568,-1.369435505907591,-16.27062602647087,-49.83572018727623,-2.683010269821929,0.0931755798120665,-0.27336381199565146,Airlines,Industrials,GOL
2012Q1,2012,Q1,2012-03-31,2012-03-31,-41404000.0,2166068000.0,7262000.0,-0.306,245193000.0,0.11319727727846032,10491333000.0,2227522000.0,3031573000.0,2424179000.0,8263811000.0,144265000.0,-187544000.0,3313354733.76,6872273733.76,16.476363770849513,1.250556580186529,0.46453038903635985,2.1878764833747995,0.002654859842746924,16.476363770849513,-0.01858747074102972,1.5296633040883298,-20.006247788619458,1.4874621816350189,0.0,13.314906595501334,0.0,0.20646261061392293,1.0866140660405028,-0.00394649564550091,18.676783257292637,0.11319727727846032,-1.7622314581068381,-1.2595550485731295,0.5202818148360236,-0.2794655983055621,-0.8266481620786977,-1.7629401684202768,1.2142182890855457,-1.5003209339176897,0.05996461542667061,0.3529510956277308,Airlines,Industrials,GOL
2011Q4,2011,Q4,2011-12-31,2011-12-31,54269000.0,2233548000.0,-33900000.0,0.4014528615232114,1414424000.0,0.6332633102131676,10655141000.0,2205911000.0,3138303000.0,3595665000.0,8449230000.0,151023000.0,0.0,3343383478.1879997,7104544478.188,16.318142645258412,0.8728018322062817,0.4684544296504382,2.2627603742852727,0.002453968826876505,16.318142645258412,0.024601627173535107,1.4968934977837949,15.401902919659472,1.5156474935697768,0.010632220973299673,5.423836104434424,0.0001725796648109042,0.20962162771942672,0.7925785633533714,0.005093222135680795,-3.3588611101837262,0.6332633102131676,1.1050923721264951,-0.5514948710527915,0.6478781529205959,-0.2740389813665116,5.171861432193147,1.1050706679574056,0.5483552938355161,1.0856532150704825,0.03545933103885557,0.540288014589394,Airlines,Industrials,GOL
2011Q3,2011,Q3,2011-09-30,2011-09-30,-516500000.0,1843698000.0,-75059000.0,-3.82,229173000.0,0.1243007260408158,,,,,,,,2747432050.3560004,,,0.0,0.0,0.0,0.0,,0.0,1.490174665458226,-1.3298315829409488,0.0,-0.0011345595353339788,0.0,0.00021329007933938485,0.0,0.0,0.0,15.36981930774524,0.1243007260408158,-0.44696969696969685,-2.9528736207096955,0.22305108416367683,0.0,147.90576923076924,-0.4399098976033097,0.7228392919125304,0.18533300913723888,-0.2005283408799824,0.0,Airlines,Industrials,GOL
2011Q2,2011,Q2,2011-06-30,2011-06-30,-358703000.0,1566341000.0,-270814000.0,-2.64,-1560000.0,-0.0009959517116643183,9195926000.0,2604649000.0,2659531000.0,1725982000.0,6591277000.0,141746000.0,316091000.0,5110070562.495001,7508752562.495001,19.268789601589056,1.5408799164765334,0.43955921350389293,1.551899699345286,-0.04084175806914157,19.268789601589056,-0.1377164447109764,3.262425335539963,-3.561491374824716,1.9619037200386695,0.0,11.061342119001594,0.0,0.17032988303733632,1.3648079759812095,-0.03900672971922567,-38.57763405727681,-0.0009959517116643183,-12.0,-3.4388900421656303,0.34614320807687543,-0.07262856451343871,-1.0013050822076301,-12.232284327540317,-4.449420455992867,-0.5548083366596521,-0.20418137311379847,-0.07361809802695746,Airlines,Industrials,GOL
2011Q1,2011,Q1,2011-03-31,2011-03-31,31935000.0,1838962000.0,78510000.0,0.24,1195327000.0,0.6500009244345452,9021205000.0,2984935000.0,2538562000.0,1546138000.0,6036270000.0,166029000.0,593741000.0,5987110077.356001,7794708077.356001,22.126527949712017,1.6418728470550494,0.3996377424080264,1.207803184993978,0.007218464854326801,22.126527949712017,0.010698725432882123,3.2557008123909035,46.86950115356193,2.005775696072444,0.0,3.8766420324160236,0.0,0.20384882063981474,1.4198545019914135,0.0035399927171591824,-424.31680208051034,0.6500009244345452,-0.7551350860738814,-0.8713736209136036,0.543062558240228,0.10020390414907689,-0.11194394667474986,-0.7584561159350135,-0.7002371070647214,7.759927150821855,-0.14201268249423335,-0.03333849334326896,Airlines,Industrials,GOL
2010Q4,2010,Q4,2010-12-31,2010-12-31,132212000.0,1869842000.0,261907000.0,0.9801322539513092,1346004000.0,0.719849056765224,9063847000.0,2929169000.0,2704852000.0,1659864000.0,6134678000.0,170990000.0,642860000.0,6896099903.04,8681329903.04,21.71492008421552,1.6295624219815599,0.412748361705576,1.277184075073852,0.023828566384730757,21.71492008421552,0.045136350958241055,3.6880655708022387,13.039852477536078,2.3542854314790302,0.0,3.0635592724720744,0.0,0.206296730295646,1.4276235884385708,0.014586742251937837,14.170087704996856,0.719849056765224,0.19528323652598692,-0.43904179822498995,0.6481200913293634,0.16341430358435569,0.14260441726499007,0.2022551604983177,0.3990833284365835,5.0204199409755645,-0.019261623844837452,-0.07529823888209883,Airlines,Industrials,GOL
2010Q3,2010,Q3,2010-09-30,2010-09-30,109970000.0,1788935000.0,187199000.0,0.82,1178014000.0,0.6585001690950202,8793816000.0,2835326000.0,2488915000.0,1563596000.0,5958490000.0,157095000.0,601189000.0,7125735727.296,9569867727.296,21.019230198973993,1.5917890554849206,0.4098312950828173,1.271099337430687,0.019156038516104985,21.019230198973993,0.03878566344751891,3.9832278575219333,16.199271908920615,2.513198033416969,0.0,3.8888634265890065,0.0,0.20343102471100147,1.1127509919442107,0.01250537877981527,-31.23500645367395,0.6585001690950202,3.130866379086326,-0.4239868284899233,0.8586909604542229,0.17024010831255984,0.0881743275199527,3.118596721058817,-0.6489141035258815,0.8053902551159797,0.02542713597635071,-0.14463113236068306,Airlines,Industrials,GOL
2010Q2,2010,Q2,2010-06-30,2010-06-30,-51907000.0,1590854000.0,533200000.0,-0.38482,1082560000.0,0.6804898501056665,8601342000.0,2713920000.0,2258750000.0,2123207000.0,5887422000.0,166672000.0,412428000.0,5851123210.98,7603548210.98,20.119728516515494,1.06383880610793,0.3802214817176203,1.2050521017568683,0.08268453622675653,20.119728516515494,-0.019126208583893408,3.6779762385360315,-28.18080033030227,2.155967460713654,0.0,3.0496664106748583,0.0,0.18495416180405336,0.8958278679375115,-0.006034755971800679,32.65901165998727,0.6804898501056665,-3.137888888888889,-1.5030737394992026,1.012477982778576,0.1958640613367609,-0.027822055945852017,-3.1698436585569767,0.08584089539108193,-0.07474562635514555,0.01177720277174688,-0.20914526554390658,Airlines,Industrials,GOL
2010Q1,2010,Q1,2010-03-31,2010-03-31,23922000.0,1729817000.0,491048000.0,0.18,1113541000.0,0.6437334122626844,8566906000.0,2637962000.0,2202368000.0,2140136000.0,5928944000.0,142870000.0,503458000.0,5798123916.48,7595133916.48,19.887533548445465,1.0290785258506936,0.37774279302235836,1.226737534505804,0.03467038113138388,19.887533548445465,0.009068364138679784,3.3518712768344856,60.59405480812641,2.197955814556843,0.0,4.313543781059705,0.0,0.20191852227630372,0.8784941704639332,0.0027923733492581804,-2089.4140239567564,0.6437334122626844,-0.9486863537644787,-0.8705556870878266,1.0825754858835788,0.4559128272530905,-0.0374286850385533,-0.9398678812741312,3.120740150211891,-0.8471527297182191,0.23744297712188156,-0.1302903792486257,Airlines,Industrials,GOL
2009Q4,2009,Q4,2009-12-31,2009-12-31,397824000.0,1617649000.0,119165000.0,3.507838814919319,1156840000.0,0.7151365963815389,8720120000.0,2609986000.0,2403204000.0,2439258000.0,6110134000.0,180942000.0,498520000.0,6068580441.0,7820034441.0,23.013720130499955,0.9852192756977737,0.3593828984004807,1.2007198506045627,0.17769658855171974,23.013720130499955,0.15242380610470707,3.7514815890220934,3.813608807538007,2.3251390777575054,0.0,2.5467221540604172,0.0,0.1855076535644005,0.8315172072818865,0.04562139053132296,8.072872980145664,0.7151365963815389,4.15858649252841,1.662762197945158,1.1468540269314285,0.8790789565537576,0.053927173307994285,4.107838479809976,0.2026300120096481,2.91897493031183,0.42259084745405745,0.023833659974676194,Airlines,Industrials,GOL
2009Q3,2009,Q3,2009-09-30,2009-09-30,77885000.0,1496657000.0,99087000.0,0.68,1097647000.0,0.7333991689478618,7680746000.0,1787043000.0,1808167000.0,2407915000.0,5893703000.0,248582000.0,284518000.0,4143843306.4599996,7025960306.459999,15.757367075213827,0.7509264238978536,0.39637530000341115,1.7036288438498681,0.010136741190367072,15.757367075213827,0.04358317063439436,2.7687327867774645,13.301159743403733,2.318826858928408,0.0,1.6051443789172184,0.0,0.19485828590087473,0.5256547677139766,0.010140291060269407,-217.7646385233065,0.7333991689478618,-0.7861635220125786,-0.33641474416414097,1.3889175965887817,0.3761953857186149,0.05612339642284308,-0.7797924165015028,0.10159090151085615,-0.6489867195594441,0.18343117137291812,-0.2909479523432336,Airlines,Industrials,GOL
2009Q2,2009,Q2,2009-06-30,2009-06-30,353689000.0,1394040000.0,89949000.0,3.18,1039317000.0,0.7455431694929844,7684703000.0,1703442000.0,1761584000.0,2299715000.0,5981261000.0,231213000.0,200917000.0,2470499064.9360003,5483945064.936001,15.347292171578388,0.7660010044722934,0.4160460072432207,1.876899829873867,0.014116159491104018,15.347292171578388,0.20763195929183384,1.772186640940002,1.7462368528113683,1.4502983165473202,0.0,1.5341827665399437,0.0,0.18140453834064896,0.493295473569551,0.04602507084528836,-19.18357429560032,0.7455431694929844,4.129032258064516,2.8096877998806358,1.852107405333291,0.38410578702720927,-0.1306489537092569,4.757219129472279,-0.14408465044580412,1.9287206312101142,0.4590808770167216,-0.2613630297351641,Airlines,Industrials,GOL
2009Q1,2009,Q1,2009-03-31,2009-03-31,61434000.0,1517036000.0,105091000.0,0.62,1195509000.0,0.7880557877334486,6951836000.0,1222236000.0,1349838000.0,2185085000.0,5729600000.0,231263000.0,-176842000.0,1310508444.87,4475096444.87,12.178092633278034,0.6177507968797552,0.47911228055437444,2.7250956443763723,0.015375138184184362,12.178092633278034,0.050263615210155814,0.8638611376855921,5.33299331343393,1.0722220952991075,0.0,1.390308869123033,0.0,0.21822091315157607,0.3238560513664228,0.008837089942858261,-4.24716164670843,0.7880557877334486,1.132282014735692,-0.43139514294940795,1.9390833069829558,1.3598119305779814,-0.6703754548329542,1.129583810566415,-0.6175519042160235,-0.6674034602776023,0.7110097122634446,-0.3944650922787012,Airlines,Industrials,GOL
2008Q4,2008,Q4,2008-12-31,2008-12-31,-474087000.0,1614032000.0,274785000.0,-4.686956131102177,3626881000.0,2.2470936140051747,7258578000.0,1071608000.0,1661921000.0,2582579000.0,6186970000.0,200514000.0,-227386000.0,1988720015.66784,5225723015.66784,10.594215166705988,0.643512163616292,0.46928379084718796,3.1787118050630454,0.05351147450380714,10.594215166705988,-0.44240711155571816,1.2321441059829297,-1.0487104770157376,1.8558278919790072,-2.1093174881403624e-06,-10.038446193283262,5.028359910503471e-07,0.2223620108511612,0.2942182988400355,-0.0653140325832415,-16.202705032327195,2.2470936140051747,0.0027752912548560864,-4.557817296577584,1.401676760669339,-0.13497832301450657,11.660286864215976,0.0006492479895445778,10.533863021303171,-3.6824813411681148,0.8972087535595351,-0.4323966465271319,Airlines,Industrials,GOL
2008Q3,2008,Q3,2008-09-30,2008-09-30,-474395000.0,1725586000.0,-28822000.0,-4.7,286477000.0,0.1660172254526868,4624421000.0,1567382000.0,1590313000.0,1866512000.0,3057039000.0,159642000.0,-765260000.0,2527341295.856,3558396295.856,15.495575020363756,0.8520239891305279,0.34973524253090277,1.0318626856758595,-0.010779993612701558,15.495575020363756,-0.3026671226286891,1.4646278399662491,-1.331876018853487,1.6124603292981545,-0.07616437778644379,9.014601420678769,0.014296446648992153,0.37314638956963475,0.5909836100705487,-0.10258473439161357,-12.216696455151878,0.1660172254526868,-1.7647058823529411,-5.531763102969066,2.0881592593136946,0.35333134909480773,-0.6236775110541292,-1.7628490725372004,0.903678800112289,-4.313731592247761,1.390937756638049,-0.13728793973239672,Airlines,Industrials,GOL
2008Q2,2008,Q2,2008-06-30,2008-06-30,-171705000.0,1464863000.0,-299228000.0,-1.7,761254000.0,0.5196759014324206,6191139000.0,2092589000.0,1679930000.0,1744317000.0,4098550000.0,133825000.0,838526000.0,3611011240.7999997,5713261240.799999,20.800049699319118,0.9630875580528081,0.3879751367236303,1.1478642007580084,-0.04089137073860591,20.800049699319118,-0.082053857685384,2.4650846125542114,-5.257580211409103,1.7256189537458142,-0.015156323345272414,5.257679805716421,0.000720689116277425,0.23660638212128657,0.6668885300091669,-0.027733992081263238,-16.53485472327713,0.5196759014324206,-47.613096940234485,-3.040453962314762,2.3064630593663433,0.8758663637482773,3.2209631462588453,-47.518436468977924,0.3786882262718694,-3.2312283535426145,1.4845811320807463,0.2363005737883649,Airlines,Industrials,GOL
2008Q1,2008,Q1,2008-03-31,2008-03-31,-3538964.0,1605621322.5,-481606840.0,-0.03497,180350781.0,0.11232460510625786,6500366977.0,2313192063.0,2000981651.5,1636361701.0,4187174914.0,201717451.0,1045256797.0,5235063745.135,7303857472.135,22.88963385563807,1.2228235666217173,0.38776285868452437,1.0896634662627234,-0.0747157613904174,22.88963385563807,-0.001529904955410527,3.260459780755683,-369.81612027806733,2.2631340600164425,-21.190217391304348,7.0656779293726055,0.01432483349790923,0.2470047196075404,0.8960075480891495,-0.0005444252628385107,19.598037007902185,0.11232460510625786,0.8565560058154154,-1.0325297605865604,2.0893142416215515,3.4354426169738264,0.6979017188885688,0.8564815520751381,0.8878283471637821,-1.025134855659421,1.537222068498315,0.6756885141322615,Airlines,Industrials,GOL
2007Q4,2007,Q4,2007-12-31,2007-12-31,-24658600.0,1429620280.0,-4293480820.0,-0.24378852665661535,106219800.0,0.0742993097439832,7002421000.0,2375263000.0,3129547000.0,2287342000.0,4627158000.0,209926000.0,1086163000.0,8873545965.87,11039955965.87,23.48316073061618,1.3682024813079985,0.3914036302587348,1.153881906971986,-0.23742792628106046,23.48316073061618,-0.010381418815516429,6.2069250765455015,-89.96400815405173,3.7358161878789846,-0.9591314997607325,6.304128502424664,0.002665320052543523,0.20416085808036963,1.0663136513910032,-0.00352143922794702,-32.82442865359689,0.0742993097439832,-1.5520573520303789,-1.1850572125244334,1.1273312513104539,0.9174089591795087,-0.24443547230625304,-1.5398788640969368,-11.603984644177077,-1.1850572125244334,1.1273312513104539,0.9174089591795087,Airlines,Industrials,GOL
2007Q3,2007,Q3,2007-09-30,2007-09-30,45674320.0,1308153520.0,-340644720.0,0.4416,140583360.0,0.10746701962014367,6642425760.0,2485527200.0,2906589120.0,1688586400.0,4156898560.0,218503680.0,1191090880.0,8901319855.6,10840896975.6,24.573293457574334,1.7213150123677414,0.34109064396980177,0.9115447539660801,-0.052337160813864025,24.573293457574334,0.018376109503046276,6.8044917660734505,48.72168789595554,3.5812602877972934,1.6972654655832862,5.343480530854217,0.008708983303327731,0.19693912544383485,1.4595580303145874,0.0068761506188064645,-100.09213020311664,0.10746701962014367,2.2327069306267378,-0.5636739009066164,1.3411745786039853,1.146148712967285,0.5028907666342877,2.2930534464386216,-0.13529464497161459,-0.5636739009066164,1.3411745786039853,1.146148712967285,Airlines,Industrials,GOL
2007Q2,2007,Q2,2007-06-30,2007-06-30,-35322840.0,1149954894.0,-300049614.0,-0.358236,93541968.0,0.08134403226427767,6203332062.0,2509780230.0,3088778202.0,1445590116.0,3693551832.0,145730790.0,1216230480.0,12546989234.344,13876996238.344,25.440485641592247,2.1366901778124774,0.3035332120191118,0.7502319460058859,-0.04986230128428442,25.440485641592247,-0.014074076916288404,10.910853373301093,-88.80223981384283,4.9992382139148495,-2.1668011971857304,7.249071565452984,0.006100074732709505,0.1853769687817173,1.8035775667962577,-0.005694172042857183,-88.40980392880061,0.08134403226427767,-1.3057821329190638,-1.4280640356800982,1.64701705899099,1.2943671761537234,-0.5554616376739562,-1.3051476779601796,-0.8350515566058143,-1.4280640356800982,1.64701705899099,1.2943671761537234,Airlines,Industrials,GOL
2007Q1,2007,Q1,2007-03-31,2007-03-31,115756542.0,1033905180.0,-163510182.0,1.17154,210424962.0,0.20352442958067005,4724621154.0,2243365344.0,3105664320.0,928120842.0,2481255810.0,122389674.0,1320083292.0,12269790000.15,13295302488.15,22.86686622054829,3.346185302021264,0.3470424160065893,0.7308858293569146,-0.030739569051168075,22.86686622054829,0.05159950531891608,11.867422890897982,26.49912866296144,5.469367721564481,0.6305919366527034,6.728347180661663,0.005949176147196295,0.21883345696927808,2.8515608638815593,0.024500703490690928,-114.53113594960902,0.20352442958067005,0.30885030131098573,0.09604846707319259,1.0491755388978012,3.431030814688049,-0.027277744157456027,0.3182449376589655,0.931725159382586,0.09604846707319259,1.0491755388978012,3.431030814688049,Airlines,Industrials,GOL
