Quarters,Year,Quarter,FillingDate,Date,NetIncome,Revenue,OperatingIncome,EPSDiluted,GrossProfit,GrossProfitRatio,TotalAssets,CommonStockEquity,CurrentAssets,CurrentLiability,TotalLiability,Inventory,RetainedEarnings,MarketCap,EnterpriseValue,bookValuePerShare,currentRatio,debtToAssets,debtToEquity,roic,shareholdersEquityPerShare,roe,priceToSalesRatio,peRatio,pbRatio,payoutRatio,inventoryTurnover,dividendYield,assetTurnover,quickRatio,returnOnAssets,priceToFreeCashFlowsRatio,grossProfitMargin,epsdilutedGrowth,fiveYNetIncomeGrowthPerShare,fiveYRevenueGrowthPerShare,fiveYShareholdersEquityGrowthPerShare,grossProfitGrowth,netIncomeGrowth,operatingIncomeGrowth,threeYNetIncomeGrowthPerShare,threeYRevenueGrowthPerShare,threeYShareholdersEquityGrowthPerShare,Industry,Sector,Symbol
2023Q4,2023,Q4,2023-05-19,2023-04-01,49155000.0,394422000.0,52395000.0,1.49,166412000.0,0.4219135849,4690400000.0,2535900000.0,913300000.0,309300000.0,2154500000.0,587200000.0,1029900000.0,6707784089.559999,8084084089.559999,87.9843476057252,2.9527966375687034,0.30737250554323725,0.5685161086793643,0.010609591529291158,87.9843476057252,0.019383650774872828,17.006617505007327,34.115471923303836,2.645129575125202,0.11494252873563218,0.38830040871934607,0.0008423049884377859,0.08409133549377452,0.9860976398318785,0.010479916425038377,113.84755494085098,0.4219135849420164,0.419047619047619,0.5379512442630179,0.830194944259438,1.5362413425058796,0.13949602848534648,0.3554765056254136,-0.25566825775656327,0.2503428029148309,0.8221152124726971,0.9473840972691376,Tools & Accessories,Industrials,RBC
2023Q3,2023,Q3,2023-02-09,2022-12-31,36264000.0,351625000.0,70392000.0,1.05,146040000.0,0.4153288304,4692881000.0,2480926000.0,901771000.0,282672000.0,2211955000.0,577627000.0,986473000.0,6030390601.75,7459904601.75,86.12739910235285,3.1901674025018396,0.3220942529759438,0.6092684747549907,0.013176998909488535,86.12739910235285,0.014617122800115763,17.15006214504088,41.5728449822827,2.430701521024811,0.1585594529009486,0.35591307193050187,0.0009535037412553954,0.07492732076521863,1.0491736004981038,0.007727449300333846,110.89965613678578,0.41532883043014573,-0.1984732824427481,0.2670659177715913,0.7547558736643694,1.587015036509075,-0.03378829880844476,-0.1720925985114835,0.621673923560716,0.019007381017896986,0.7032361265035796,0.9711717087933159,Tools & Accessories,Industrials,RBC
2023Q2,2023,Q2,2022-11-10,2022-10-01,43802000.0,369167000.0,43407000.0,1.31,151147000.0,0.4094271698,4727060000.0,2440137000.0,911531000.0,306249000.0,2286923000.0,557801000.0,955895000.0,5976283727.43,7457980727.43,84.84953076149604,2.976437474081548,0.33217094769264616,0.6434851813648168,0.008756614165629329,84.84953076149604,0.01795063146044669,16.188564328420473,34.10965097158805,2.449159095341778,0.13127254463266516,0.39085623726024155,0.0009621363814453117,0.0780965335747801,1.0612997919993208,0.009266224672417951,423.06978107249046,0.40942716981745386,0.20183486238532106,1.4605521503414505,0.8707472564747104,1.6410822667366745,0.07081019043300839,0.16998771301885784,0.23804226918798665,0.1974581940245979,0.7348542182911529,1.0022039642607292,Tools & Accessories,Industrials,RBC
2023Q1,2023,Q1,2022-05-26,2022-06-30,37438000.0,354080000.0,35061000.0,1.09,141152000.0,0.3986443742,4758017000.0,2397641000.0,916080000.0,330405000.0,2360376000.0,542050000.0,917843000.0,5302606669.588536,6797147669.588536,83.6274917957448,2.7725972669905117,0.3392438488555211,0.6732150476238936,0.0067480529115598546,83.6274917957448,0.015614514433144912,14.975730539958587,35.409254431249906,2.2115932575346084,0.15358726427693786,0.39281985056729085,0.001084372339547142,0.07441755672583768,1.073149619406486,0.007868404001078601,103.61105689140912,0.39864437415273385,-0.018018018018018032,0.42532041552955496,0.7937669200618402,1.6484019007850004,0.026664533116099093,0.16267080745341614,0.1895568976046685,0.04903093897025137,0.6563338510504748,1.0544626816934124,Tools & Accessories,Industrials,RBC
2022Q4,2022,Q4,2022-03-31,2022-03-31,32200000.0,358879000.0,29474000.0,1.11,137486000.0,0.3830984817,4845417000.0,2371847000.0,962237000.0,313460000.0,2473570000.0,516140000.0,911906000.0,5553783479.06734,7107864479.06734,82.80007853249246,3.069728194985006,0.3584713142336356,0.7323166291923552,0.00517907373673098,82.80007853249246,0.013575917839557104,15.47536489754859,43.11943694928059,2.341543733245585,0.0,0.4289398225287713,0.0,0.07406565833239946,1.3728992534932687,0.006645454870034922,142.88465046868558,0.3830984816609498,3.111111111111111,0.23492361002099554,0.8543627759811454,1.7382754936453235,1.2010438012295082,3.6471352287487373,0.1870796246324862,-0.12372026653900044,0.6854592275738226,1.095006823456687,Tools & Accessories,Industrials,RBC
2022Q3,2022,Q3,2021-11-12,2022-01-01,6929000.0,160900000.0,24829000.0,0.27,62464000.0,0.3882162834,2567797000.0,2337097000.0,1859881000.0,112291000.0,230700000.0,370745000.0,891270000.0,5150314399.710393,3843869399.710393,91.64945026533513,16.56304601437337,0.016421080015281583,0.01804204104493737,0.0061209945385938495,91.64945026533513,0.0029647892235538363,32.009412055378455,185.82459228281112,2.203722994685455,0.0,0.2655086380126502,0.0,0.0626607165597592,12.986445930662297,0.002698422032582794,140.4656739134455,0.38821628340584213,-0.7378640776699029,-0.4982215904959348,0.014585181719971774,2.1527087089813435,-0.020525927900522163,-0.7334897496057541,-0.08457766471260554,-0.589217536138424,-0.09992827126104456,1.4059230010950237,Tools & Accessories,Industrials,RBC
2022Q2,2022,Q2,2021-08-11,2021-10-02,25999000.0,156205000.0,27123000.0,1.03,63773000.0,0.4082647803,1490599000.0,1274376000.0,786124000.0,95502000.0,216223000.0,369854000.0,884851000.0,3767921877.17,3637632877.17,50.93212866295888,8.231492534187765,0.030512565753767446,0.03568962378450316,0.016864179824106942,50.93212866295888,0.02040135721325574,24.121647048237893,36.23141156554098,2.9566798787563484,0.9384976345244048,0.24991483125773953,0.006475718126705505,0.1047934420994513,4.20773386944776,0.01744198137795611,75.4701333407443,0.4082647802567139,0.04040404040404044,0.32938629291495897,-0.05828602794112064,0.8421556991216976,0.020874353679424994,0.0,-0.11717605702568108,-0.16055543953083073,-0.12174565977785817,0.35806024155514854,Tools & Accessories,Industrials,RBC
2022Q1,2022,Q1,2021-05-21,2021-07-03,25999000.0,160295000.0,30723000.0,0.99,62469000.0,0.3897127172,1434260000.0,1229951000.0,728202000.0,88238000.0,204309000.0,364147000.0,858852000.0,3322647356.28,3223376356.28,49.29950627182843,8.252702917110541,0.03612664370476761,0.042127694517911686,0.01963352101319815,49.29950627182843,0.021138240466490127,20.728328121775476,31.9497611088888,2.7014469326664234,0.0,0.2686442563030864,0.0,0.11176146584301312,3.987023731272241,0.01812711781685329,85.40631699259717,0.3897127171777036,0.0,0.34240557605464783,-0.08004815941454345,0.8450023062791967,0.0,0.041877053778953274,0.03305312710154674,-0.08409287235563616,-0.11864606964103165,0.3733814731421166,Tools & Accessories,Industrials,RBC
2021Q4,2021,Q4,2021-03-31,2021-03-31,24954000.0,160295000.0,29740000.0,0.99,62469000.0,0.3897127172,1434260000.0,1229951000.0,728202000.0,88238000.0,204309000.0,364147000.0,858852000.0,3559658543.28,3460387543.28,49.29950627182843,8.252702917110541,0.03612664370476761,0.042127694517911686,0.019005335251522083,49.29950627182843,0.020288613123612242,22.206921883277708,35.66220388795384,2.894146631272303,0.0,0.2686442563030864,0.0,0.11176146584301312,3.987023731272241,0.01739851909695592,91.4985231153609,0.3897127171777036,0.15116279069767444,0.22826158191386828,-0.07977600444358408,0.8450023062791967,0.12378570914585882,0.1569381983402105,0.12053049998116122,-0.0980208395250071,-0.14071414706929528,0.42111011076705435,Tools & Accessories,Industrials,RBC
2021Q3,2021,Q3,2020-12-31,2020-12-31,21569000.0,145861000.0,26541000.0,0.86,55588000.0,0.3811025565,1408982000.0,1204807000.0,692342000.0,88412000.0,204175000.0,372104000.0,833898000.0,3053276675.52,2984887675.52,48.46018340109997,7.830860064244673,0.0410246546797617,0.04797697888541484,0.016767557219294755,48.46018340109997,0.01790245242599022,20.932783098429326,35.38964109972646,2.534245464642885,0.0,0.24260153075484273,0.0,0.10352225933333428,3.486370628421481,0.01530821543497362,91.67347251306072,0.38110255654355857,0.04878048780487809,0.1817484983784122,-0.05535473766516415,0.8900447450051494,-0.017810445967912928,0.05621663973360756,0.0067518871145165575,-0.12684054141780865,-0.1566337921572435,0.45560210150602676,Tools & Accessories,Industrials,RBC
2021Q2,2021,Q2,2020-09-30,2020-09-30,20421000.0,146335000.0,26363000.0,0.82,56596000.0,0.3867564151,1367885000.0,1172104000.0,661014000.0,88510000.0,195781000.0,371546000.0,812329000.0,2330196776.46,2214204776.46,47.217215125989895,7.468240876737092,0.03681596040602828,0.042965470640830505,0.016655071517637336,47.217215125989895,0.017422515408189034,15.923714603204974,28.526967049360955,1.9880460918655682,0.0,0.24152863979157357,0.0,0.10697902235933576,3.100553609761609,0.014928886565756624,97.14415210155501,0.38675641507499914,-0.09890109890109898,0.31510865658615483,-0.07982535485529928,0.9037508700080882,-0.048054765949573613,-0.09996033320111067,-0.08506281668633303,0.32896830880155664,-0.14090845934907115,0.46971407425310596,Tools & Accessories,Industrials,RBC
2021Q1,2021,Q1,2020-06-30,2020-06-30,22689000.0,156493000.0,28814000.0,0.91,59453000.0,0.3799083665,1349209000.0,1142635000.0,638849000.0,100290000.0,206574000.0,371009000.0,791908000.0,2162384009.96,2072641009.96,46.14115149780711,6.370016950842556,0.03992858037561267,0.047147164230047216,0.018792172619572684,46.14115149780711,0.01985673465279814,13.817768270529672,23.826347679051523,1.8924538544329554,0.0,0.261556997269608,0.0,0.11598870152808052,2.5605643633462956,0.0168165199016609,48.610376988580164,0.37990836650840615,-0.32592592592592595,0.5832459984698051,0.028568131117651534,0.8851916418753486,-0.22368902120547374,-0.3277731689973927,-0.33791360294117645,7.187054754683912e-05,-0.08214195017197254,0.46124570649168856,Tools & Accessories,Industrials,RBC
2020Q4,2020,Q4,2020-03-31,2020-03-31,33752000.0,185843000.0,43520000.0,1.35,76584000.0,0.4120897747,1321912000.0,1117999000.0,612006000.0,103755000.0,203913000.0,367494000.0,769219000.0,1557698316.55,1506559316.55,45.18078777017216,5.898568743675003,0.039424712083709054,0.046615426310756984,0.028524480551819793,45.18078777017216,0.03018965133242516,8.381797089747797,11.537822325714032,1.3932913325951097,0.0,0.29730825537287686,0.0,0.1405865140796059,2.238446339935425,0.025532713221454985,44.90208747369635,0.41208977470230246,0.10655737704918042,1.112563207311929,0.5311190833191384,0.9013741803158498,0.0830563844380648,0.1060789775520236,0.16158650509795547,0.4984837593049336,0.11163232761987343,0.49417061103515114,Tools & Accessories,Industrials,RBC
2020Q3,2020,Q3,2019-12-31,2019-12-31,30515000.0,177019000.0,37466000.0,1.22,70711000.0,0.3994542959,1272517000.0,1079206000.0,554736000.0,99002000.0,193311000.0,362138000.0,735467000.0,2114520856.21,2106739856.21,43.69350408091901,5.603280741803196,0.04129375088898616,0.04869042610956573,0.026760098457167453,43.69350408091901,0.028275417297531705,11.945163266146572,17.32361835335081,1.9593301521766928,0.0,0.29355659997017713,0.0,0.1391093399931003,1.8401143411244216,0.02398003327263997,53.89923418240677,0.3994542958665454,-0.03174603174603177,1.0302734753670122,0.5564857389754012,0.8937043393944328,-0.005666957279860506,-0.024144547489606653,0.004208099922270766,1.2814669462538246,0.1524225601716918,0.5030411032801138,Tools & Accessories,Industrials,RBC
2020Q2,2020,Q2,2019-09-30,2019-09-30,31270000.0,181909000.0,37309000.0,1.26,71114000.0,0.3909317296,1246560000.0,1041838000.0,533950000.0,103904000.0,204722000.0,353995000.0,704952000.0,1790971281.6499999,1820827281.6499999,42.37806550983676,5.138878195257161,0.05314946733410345,0.06359338016083114,0.028014209082401816,42.37806550983676,0.030014263253979986,9.8454242596573,14.318606345139111,1.7190496810924538,0.0,0.3129846466758005,0.0,0.14592879604672057,1.5977825685247922,0.025085034013605442,109.83510865019011,0.39093172960106426,0.024390243902439046,1.2211923042383177,0.5208906585677396,0.8819919079971233,0.005941098254448751,0.025279517361224958,-0.030683294362171994,0.6273056199767948,0.11615615839922215,0.5327652102134457,Tools & Accessories,Industrials,RBC
2020Q1,2020,Q1,2019-06-30,2019-06-30,30499000.0,182690000.0,38490000.0,1.23,70694000.0,0.3869615195,1191934000.0,997349000.0,514441000.0,99851000.0,194585000.0,342921000.0,673682000.0,2011835161.77,2031851161.77,40.70528637045574,5.152086609047481,0.044238187684888595,0.05286915613290834,0.0288675790618997,40.70528637045574,0.03058006775963078,11.012289461765834,16.490992833945377,2.017182713142541,0.0,0.32659417183549566,0.0,0.15327190935068552,1.6304393546384113,0.025587826171583325,71.60575034773633,0.3869615195139307,-0.03149606299212601,0.7875460281257061,0.5182104447747199,0.8234697715168495,-0.031164346014691372,-0.029837452683144066,-0.045268510479970235,0.6034728147589709,0.0676005541288169,0.5233691554059577,Tools & Accessories,Industrials,RBC
2019Q4,2019,Q4,2019-03-31,2019-03-31,31437000.0,182162000.0,40315000.0,1.27,72968000.0,0.4005665287,1147367000.0,968566000.0,503281000.0,90129000.0,178801000.0,335001000.0,641894000.0,2050961371.12,2064723371.12,39.52258179086752,5.584007367218098,0.038040138857052715,0.04506249445055887,0.03153248983074183,39.52258179086752,0.03245726155987305,11.258996778252325,16.31009138212934,2.117523608220813,0.0,0.325951265817117,0.0,0.15876524250741045,1.7821012104871905,0.027399254118342257,117.91878175817857,0.4005665286942392,0.9538461538461538,0.6191794628757659,0.5018461087175045,0.6864718095846125,0.07105846433866161,0.9431944616145382,1.0322109083576974,0.5752631710750667,0.06461526946087262,0.47910719738642765,Tools & Accessories,Industrials,RBC
2019Q3,2019,Q3,2018-12-31,2018-12-31,16178000.0,171453000.0,19838000.0,0.65,68127000.0,0.3973508775,1174925000.0,931668000.0,538290000.0,83603000.0,243257000.0,329496000.0,610457000.0,1713251727.75,1746105727.75,38.09325993542691,6.43864454624834,0.09749643594271974,0.12295259684780416,0.016122403865139568,38.09325993542691,0.0173645547555567,9.992544474287413,26.475023608449742,1.8389079884143278,0.0,0.31358802534780394,0.0,0.14592676128263507,2.372761742999653,0.013769389535502266,176.82441198782124,0.39735087749995623,-0.4672131147540983,0.1871967848732831,0.5972208359707974,0.6874275187386444,0.004541500169569,-0.4627212646541131,-0.4471630810389031,-0.09896996164514076,0.1287403296676148,0.48571385223925057,Tools & Accessories,Industrials,RBC
2019Q2,2019,Q2,2018-09-30,2018-09-30,30111000.0,172916000.0,35884000.0,1.22,67819000.0,0.3922077772,1179298000.0,912303000.0,517093000.0,90504000.0,266995000.0,324238000.0,594279000.0,2026092050.66,2090185050.66,37.50358570591481,5.71348227702643,0.10553566613358116,0.13642178092147017,0.03056099746824033,37.50358570591481,0.03300548173139845,11.717204021952856,16.821859541861777,2.220854311188279,0.0,0.3241353573609509,0.0,0.14662621322176414,1.987602757889154,0.025532986573368225,152.6016457528056,0.3922077771866108,0.08928571428571416,1.0004547182715966,0.5915596281352096,0.7163074344683634,0.0011810035577732177,0.09626096770670259,-0.003166842602366798,0.9788336128668915,0.1095750940229505,0.5121070509039554,Tools & Accessories,Industrials,RBC
2019Q1,2019,Q1,2018-06-30,2018-06-30,27467000.0,175985000.0,35998000.0,1.12,67739000.0,0.3849134869,1147963000.0,866568000.0,490798000.0,84779000.0,281395000.0,311305000.0,564168000.0,1974715640.3999999,2063352640.3999999,35.896440454404576,5.789145896979205,0.1256948176901172,0.16651087970015047,0.029414896623845162,35.896440454404576,0.03169630080963064,11.220931558939682,17.97352860159464,2.2787774766665745,0.0,0.3477168693082347,0.0,0.15330197924497566,2.0272355182297503,0.02392672934580644,73.56812608598464,0.38491348694491007,0.027522935779816536,0.7151805141174727,0.6179907722135013,0.7051977719276028,-0.028497260706192813,0.029613524759155827,-0.05118608328940432,0.9661294273806742,0.18653794802692938,0.4666229021383611,Tools & Accessories,Industrials,RBC
2018Q4,2018,Q4,2018-03-31,2018-03-31,26677000.0,179877000.0,37940000.0,1.09,69726000.0,0.3876315482,1142751000.0,834552000.0,483650000.0,105203000.0,308199000.0,306124000.0,536978000.0,1696007149.5,1815199149.5,34.6908419680574,4.5973023582977675,0.15169971411094804,0.20772222701521295,0.028037337696453973,34.6908419680574,0.03196565342842627,9.428704890008172,15.89390813715935,2.03223663654272,0.0,0.3598247768877971,0.0,0.15740699417458395,1.6259327205497942,0.023344543124442684,55.86505318027603,0.38763154822462015,0.12371134020618568,1.4223117226900581,0.676820331942631,0.7338102953561288,0.07826490373463234,0.11937730782141659,0.14542764846179393,0.7174980103032509,0.5243596768605083,0.45991857306720174,Tools & Accessories,Industrials,RBC
2018Q3,2018,Q3,2017-12-31,2017-12-31,23832000.0,166858000.0,33123000.0,0.97,64665000.0,0.3875450982,1129150000.0,798544000.0,470062000.0,101140000.0,330606000.0,303013000.0,510301000.0,1855311298.7499998,2009442298.7499998,33.29219114960128,4.647636938896579,0.17531151751317361,0.2478924141938328,0.025279623451253546,33.29219114960128,0.02984431665631449,11.11910306218461,19.46239613492363,2.3233676525651683,0.0,0.3372561573265834,0.0,0.14777310366204668,1.520120624876409,0.021106141788070673,89.80644265211286,0.38754509822723515,0.5901639344262295,0.8493571356074255,0.6275224959135499,0.6616128525867243,0.046173011276310044,0.6077717061323619,0.31034892000949443,0.6327987580333515,0.5107872159301805,0.442904801848587,Tools & Accessories,Industrials,RBC
2018Q2,2018,Q2,2017-09-30,2017-09-30,14823000.0,164317000.0,25278000.0,0.61,61811000.0,0.3761692339,1114646000.0,769320000.0,457859000.0,97897000.0,345326000.0,297259000.0,486469000.0,1891762440.0,2069105440.0,32.12680340561154,4.67694617812599,0.19757662971023984,0.28626319346955753,0.01625122232509815,32.12680340561154,0.0192676649508657,11.51288326831673,31.90586318558996,2.459005927312432,0.0,0.3448373304088354,0.0,0.1474163097521545,1.5585053678866563,0.01329839249411921,110.33901662292213,0.3761692338589434,-0.32222222222222224,-0.16339104409358915,0.5239451284450968,0.648749177917682,-0.0015829685506146118,-0.32032647072309595,-0.2050943396226415,0.0809707588784302,0.41041156973174564,0.4267377076270947,Tools & Accessories,Industrials,RBC
2018Q1,2018,Q1,2017-06-30,2017-06-30,21809000.0,163897000.0,31800000.0,0.9,61909000.0,0.377731136,1120604000.0,751685000.0,459065000.0,101597000.0,368919000.0,292435000.0,471646000.0,1941309003.8999999,2133711003.8999999,31.576586533545825,4.518489719184622,0.21226499280745026,0.3164423927576046,0.02383924906871762,31.576586533545825,0.02901348304143358,11.844689066303836,22.253530697189234,2.5826097419796854,0.0,0.34875442406004753,0.0,0.14625773243714996,1.5561778398968473,0.019461825943865987,56.846530128843334,0.377731136018353,0.0,0.17588920230701977,0.4678339183336382,0.7205288663021475,-0.0208764965443072,0.010377577021079453,-0.07528570182325743,0.31562774791277765,0.4018896906695508,0.4145325132363681,Tools & Accessories,Industrials,RBC
2017Q4,2017,Q4,2017-03-31,2017-03-31,21585000.0,160210000.0,34389000.0,0.9,63229000.0,0.3946632545,1108847000.0,717044000.0,447960000.0,93138000.0,391803000.0,289594000.0,448693000.0,1793911977.15,2024788977.15,30.238038036948954,4.809637312375185,0.2433158046150641,0.3762670073245156,0.0232945888823175,30.238038036948954,0.03010275520051768,11.197253462018601,20.777298785615013,2.501815756285528,0.0,0.3348860818939619,0.0,0.14448341385240704,1.5957289183791792,0.01946616620687976,88.86031192540123,0.394663254478497,0.6666666666666666,0.2915764964687435,0.33700299809214634,0.7266104290925223,0.20700582227736947,0.6902897415818324,0.6751424813678212,0.14894082244502385,0.36505133467988343,0.2902901687016104,Tools & Accessories,Industrials,RBC
2017Q3,2017,Q3,2016-12-31,2016-12-31,12770000.0,146656000.0,20529000.0,0.54,52385000.0,0.3571964325,1097709000.0,685528000.0,437232000.0,91191000.0,412181000.0,287374000.0,427108000.0,1633048029.25,1888519029.25,29.070066005224934,4.794683685890055,0.2686896071727571,0.43024209076799197,0.014348874860306744,29.070066005224934,0.018627977267157578,11.135228216029347,31.970399946162882,2.3821755336762322,0.0,0.3280428988008658,0.0,0.13360189266918646,1.5109385794650787,0.01163331994180607,52.22745392254062,0.35719643246781585,-0.28947368421052627,-0.02555829756918959,0.4316917579659965,0.7337801176990308,-0.08577661431064572,-0.29942944919903447,-0.30537321513162347,-0.0280976400304092,0.41694689111564454,0.2877246376896514,Tools & Accessories,Industrials,RBC
2017Q2,2017,Q2,2016-08-04,2016-10-01,18228000.0,154600000.0,29554000.0,0.76,57300000.0,0.3706338939,1098600000.0,644770000.0,431100000.0,85600000.0,453900000.0,284300000.0,396100000.0,1387341244.71,1693841244.71,27.64811285345874,5.036214953271028,0.314062443109412,0.5351194999767359,0.020054275153376912,27.64811285345874,0.028270546086201283,8.973746731630014,19.027611980332455,2.151683925601377,0.0,0.3422441083362645,0.0,0.14072455852903695,1.6214953271028036,0.01659202621518296,98.7712690239214,0.370633893919793,-0.06172839506172845,0.4722098918280085,0.5513755044266395,0.7432924930233779,-0.05132450331125828,0.010421286031042129,0.011395913897539441,0.2631925277609278,0.48430860389176716,0.2652833254801993,Tools & Accessories,Industrials,RBC
2017Q1,2017,Q1,2016-05-26,2016-07-02,18040000.0,162300000.0,29221000.0,0.81,60400000.0,0.3721503389,1098500000.0,620947000.0,429000000.0,88300000.0,477600000.0,280500000.0,378100000.0,1295781101.9199998,1620281101.9199998,26.72056620419646,4.858437146092865,0.3310678197542103,0.5856828360552511,0.020138159923103433,26.72056620419646,0.02905239899701585,7.983863844239062,17.95705518181818,2.086782127814451,0.0,0.36327985739750446,0.0,0.14774692762858443,1.6036240090600227,0.016422394173873464,84.5203249572761,0.3721503388786198,0.0,0.6088296702342176,0.7440577309086873,0.7972004766703772,0.00041407867494824016,-0.046713168463326994,-0.05215868176067988,0.17024697013994394,0.5501056288635633,0.26931387567284587,Tools & Accessories,Industrials,RBC
2016Q4,2016,Q4,2016-03-31,2016-03-31,18924000.0,162252000.0,30829000.0,0.81,60375000.0,0.3721063531,1098510000.0,620947000.0,428957000.0,88317000.0,477563000.0,280537000.0,378070000.0,1466119614.78,1790607614.78,26.72056620419646,4.8570150707111885,0.33108119179616025,0.585711824036512,0.021198065470435595,26.72056620419646,0.03047603096560576,9.036064977812291,19.36852164949271,2.3611026621917817,0.0,0.3631499588289602,0.0,0.14770188710161947,1.6028510932210107,0.01722697107900702,95.63104916704715,0.37210635308039347,0.10958904109589052,0.7901168057990475,0.7035372209156312,0.7559250962094198,0.12806188225182638,0.11010735026690914,0.13961999112819753,0.7788350024237155,0.5657796320271419,0.3354646400695339,Tools & Accessories,Industrials,RBC
2016Q3,2016,Q3,2015-12-31,2015-12-31,17047000.0,144216000.0,27052000.0,0.73,53521000.0,0.3711169357,1098894000.0,595372000.0,428459000.0,72684000.0,503522000.0,274522000.0,359146000.0,1358875773.64,1699446773.64,25.63970166799831,5.894818667106929,0.3503286031227762,0.6466108584212895,0.01891590394663524,25.63970166799831,0.028632518828564327,9.422503561602042,19.928371174400187,2.282397851494528,0.0,0.3303742505154414,0.0,0.13123740779365434,1.853709206978152,0.015512870213141577,81.35032169779694,0.3711169357075498,0.17741935483870966,1.1495294230209427,0.6162820815327,0.8077438298603388,0.026919682259488084,0.17411667470211448,0.14631975931183525,0.3664359865638821,0.4530295448312558,0.27967719627085874,Tools & Accessories,Industrials,RBC
2016Q2,2016,Q2,2015-09-30,2015-09-30,14519000.0,148696000.0,23599000.0,0.62,52118000.0,0.3505003497,1096459000.0,575675000.0,424734000.0,76128000.0,520784000.0,262883000.0,342099000.0,1310240628.0,1668461628.0,24.802202782861652,5.579208701134931,0.36690656011761497,0.6988283319581361,0.01598171078752745,24.802202782861652,0.025220827723976203,8.811539167159843,22.56079323644879,2.27600751813089,0.0,0.367380165320694,0.0,0.13561473798837895,1.8548891340899538,0.013241717200551959,96.75384935755427,0.3505003497067843,0.08771929824561413,0.5802581410421352,0.6800904038686778,0.8331299610855151,-0.012243196118565688,0.08318412414204715,0.055364250257144136,-0.15457419910432976,0.42278248501130805,0.27285030298557944,Tools & Accessories,Industrials,RBC
2016Q1,2016,Q1,2015-06-30,2015-06-30,13404000.0,142308000.0,22361000.0,0.57,52764000.0,0.3707732524,1106078000.0,566917000.0,438720000.0,82928000.0,539161000.0,255518000.0,327580000.0,1681370230.4,2047254230.4,24.475576102123426,5.290372371213583,0.3864519500433062,0.7539833873388874,0.015038215040012522,24.475576102123426,0.023643672706939463,11.815008505495124,31.359486541330945,2.965813744163608,0.0,0.35044106481735143,0.0,0.12866000408651107,1.9718671618753618,0.012118494355732598,99.37763640877121,0.370773252382157,-0.1093750000000001,0.3922852590948263,0.678403436440181,0.8817605512535512,0.1747523099187354,-0.10215017750686584,-0.11731733312280425,-0.25723878964834684,0.3098433997650664,0.33361264867376395,Tools & Accessories,Industrials,RBC
2015Q4,2015,Q4,2015-03-31,2015-03-31,14929000.0,113417000.0,25333000.0,0.64,44915000.0,0.3960164702,632073000.0,549433000.0,425384000.0,42018000.0,82640000.0,206158000.0,314176000.0,1847923586.64,1731666586.64,23.762175924081856,10.123851682612214,0.014552116606784344,0.01674089470417685,0.030882477629168112,23.762175924081856,0.027171647862432726,16.293179916943668,30.94520039252462,3.3633283523923754,0.0,0.33227912571910867,0.0,0.17943655242353335,4.809986196392022,0.023619107286658343,424.03019427260216,0.3960164701940626,0.06666666666666674,0.4423193732813904,0.326580848680797,0.8093486514651584,0.0783136868892997,0.06248665575403886,0.23041429889746953,-0.08385869963103684,-0.029301005391404556,0.35683474960635175,Tools & Accessories,Industrials,RBC
2015Q3,2015,Q3,2014-12-31,2014-12-31,14051000.0,106322000.0,20589000.0,0.6,41653000.0,0.3917627584,617247000.0,532771000.0,413426000.0,45240000.0,84476000.0,205198000.0,299247000.0,1736415752.0,1626296752.0,23.07303372124673,9.138505747126437,0.014776904545506094,0.017119925821788347,0.026487864455824878,23.07303372124673,0.02637343248787941,16.331669381689583,30.894878513984768,3.2592159708392536,0.0,0.3151541438025712,0.0,0.17225195100178697,4.107427055702917,0.02276398265200155,130.90205442894836,0.3917627584131224,0.052631578947368474,1.5036581000157674,0.47362163128879686,0.8109412930350474,0.04784785288420417,0.06061292270531401,0.12526643712083949,0.09500348702793325,0.06002505501784049,0.3761085755259994,Tools & Accessories,Industrials,RBC
2015Q2,2015,Q2,2014-09-30,2014-09-30,13248000.0,112555000.0,18297000.0,0.57,39751000.0,0.3531695615,606989000.0,520944000.0,403619000.0,46320000.0,86045000.0,199332000.0,285196000.0,1486417453.5,1386544453.5,22.517666165173296,8.713708981001727,0.015772938224580677,0.018378175005374857,0.025071849782968093,22.517666165173296,0.025430756472864646,13.206143249966683,28.049846269248185,2.8533152382981664,0.0,0.3652399012702426,0.0,0.1854316964557842,3.91727115716753,0.02182576620004646,151.10475282098201,0.3531695615476878,-0.17391304347826086,1.8075258998658525,0.6502106554335728,0.7977513946695629,-0.09287784395609411,-0.17303370786516853,-0.2442691338647722,0.0785808262462369,0.13852847573287264,0.41980317406156664,Tools & Accessories,Industrials,RBC
2015Q1,2015,Q1,2014-06-30,2014-06-30,16020000.0,112984000.0,24211000.0,0.69,43821000.0,0.3878513772,600513000.0,513550000.0,397252000.0,47495000.0,86963000.0,201362000.0,271948000.0,1807307130.72,1715411130.72,22.32298391028173,8.364080429518896,0.01708206150408068,0.01997468600915198,0.030529503342662766,22.32298391028173,0.031194625645019958,15.996133352687107,28.20391901872659,3.519242782046539,2.8722846441947567,0.3434759289240274,0.02545997811764778,0.18814580200595157,3.739741025371092,0.02667719100169355,77.12657921392908,0.38785137718615026,-0.11538461538461549,1.9660947680875704,0.6631553378833928,0.8287443635218953,-0.031387458278994716,-0.1199252870405977,-0.03844473569244211,0.4431598399192626,0.22641561738632918,0.5014231741078461,Tools & Accessories,Industrials,RBC
2014Q4,2014,Q4,2014-03-31,2014-03-31,18203000.0,113718000.0,25179000.0,0.78,45241000.0,0.3978349953,620993000.0,538452000.0,417545000.0,42820000.0,82541000.0,198021000.0,301942000.0,1670609390.56,1559849390.56,23.435068150117583,9.751167678654834,0.016823055976476386,0.019401915119639263,0.03355050096136781,23.435068150117583,0.033806170280730685,14.690808759914876,22.944149186397844,3.102615257367416,0.0,0.3458067578691149,0.0,0.18312283713342983,4.653619803829986,0.029312729773121438,292.47363280112046,0.3978349953393482,0.4181818181818181,1.6518313937972933,0.2810076508045731,0.986402845415047,0.17521300914380714,0.42612033845189595,0.28091773922775604,0.7415642556937118,0.2075882655050772,0.5400206710330447,Tools & Accessories,Industrials,RBC
2014Q3,2014,Q3,2013-12-31,2013-12-31,12764000.0,100546000.0,19657000.0,0.55,38496000.0,0.3828695324,603025000.0,517155000.0,403291000.0,47050000.0,85870000.0,198425000.0,283739000.0,1688818748.32,1583494748.32,22.574753293049113,8.57154091392136,0.017685833920650058,0.02062244394813934,0.024581401190437547,22.574753293049113,0.024681188425133664,16.796478709446422,33.07777241303667,3.2655949344393846,0.0,0.31271261181806725,0.0,0.16673603913602256,3.944123273113709,0.021166618299407157,264.0429562726704,0.3828695323533507,-0.09836065573770482,0.5612209747219427,0.1104034963260688,0.9414743151411029,-0.051612426399940875,-0.09635398230088496,-0.08640081799591003,0.6313980994112819,0.142210725316655,0.5916476527129141,Tools & Accessories,Industrials,RBC
2014Q2,2014,Q2,2013-09-30,2013-09-30,14125000.0,101954000.0,21516000.0,0.61,40591000.0,0.3981305295,582668000.0,498811000.0,393114000.0,47642000.0,83857000.0,193179000.0,270975000.0,1550671939.14,1450951939.14,21.851321594683746,8.25141681709416,0.017989661350889356,0.021013971223569648,0.028044744032491537,21.851321594683746,0.02831733863126515,15.209525267669735,27.445521046725666,3.1087364535665816,0.0,0.31764839863546246,0.0,0.17497786046256186,3.87032450358927,0.0242419353731456,-334.7014761795813,0.39813052945445987,-0.06153846153846159,0.3918837078352557,0.02155729727888839,0.9407875208922453,0.0030146531913316367,-0.06555967187086531,-0.03507040990223338,0.5631785603237895,0.17129539785063888,0.6150304331923552,Tools & Accessories,Industrials,RBC
2014Q1,2014,Q1,2013-06-30,2013-06-30,15116000.0,102668000.0,22298000.0,0.65,40469000.0,0.3941734523,563902000.0,479693000.0,392909000.0,51014000.0,84209000.0,180649000.0,256850000.0,1498015999.4599998,1382157999.4599998,21.05118892679894,7.701983769161407,0.018129036605651336,0.021311547177048654,0.030922220676093407,21.05118892679894,0.031511821102246644,14.590875437916388,24.775337381913204,3.122863997306611,0.0,0.3443085762998965,0.0,0.18206709676504074,3.875171521543106,0.026806076233104333,129.36234883074263,0.39417345229282735,0.41304347826086957,0.33885441710641195,0.05159096210896142,0.9351964162533555,-0.005186823992133727,0.42940898345153666,-0.10106833299737956,0.5959912071547583,0.2308409934320027,0.6184827157551196,Tools & Accessories,Industrials,RBC
2013Q4,2013,Q4,2013-03-31,2013-03-31,10575000.0,103006000.0,24805000.0,0.46,40680000.0,0.3949284508,542442000.0,462195000.0,373521000.0,46568000.0,80247000.0,174585000.0,241734000.0,1849848000.0,1745668000.0,20.008441558441557,8.02098007215255,0.018988205190601022,0.022284966302101927,0.03568359677179884,20.008441558441557,0.022879953266478435,17.958643185833836,43.73163120567376,4.0023107130107425,0.0,0.3569951599507403,0.0,0.1898931129964125,3.9832717746091735,0.0194951718340394,317.5704721030043,0.39492845076985805,-0.1320754716981132,-0.17103828142950994,0.05503837223648811,0.9480328077085701,0.12140258021832617,-0.12668263275249814,0.29469178975938204,0.02265147405620772,0.20596483433717308,0.5235240605636784,Tools & Accessories,Industrials,RBC
2013Q3,2013,Q3,2012-12-31,2012-12-31,12109000.0,96336000.0,19159000.0,0.53,36276000.0,0.3765570503,532684000.0,451583000.0,366070000.0,43263000.0,81101000.0,172625000.0,231159000.0,1588288235.94,1487234235.94,20.03606983285757,8.461502900862168,0.020464290273407876,0.02413952695296324,0.026898549111008394,20.03606983285757,0.026814561221303726,16.48696474775785,32.7914822846643,3.5171568370377093,0.0,0.3479217958001448,0.0,0.1808501851003597,4.044934470563761,0.022732051272424177,4755.35399982036,0.3765570503238665,-0.27397260273972596,0.20330880564090098,0.14070778854401,1.0662890552139586,-0.033413269384492406,-0.26585425003031404,-0.09606039160179287,1.2104815546636871,0.3679250070332359,0.5725780427843544,Tools & Accessories,Industrials,RBC
2013Q2,2013,Q2,2012-09-30,2012-09-30,16494000.0,100375000.0,21195000.0,0.73,37530000.0,0.3738978829,505332000.0,434375000.0,355250000.0,43129000.0,70957000.0,167181000.0,219050000.0,1544622865.63,1446378865.63,19.485561440089192,8.236917155510213,0.0018601632194280196,0.002164028776978417,0.03842277376221484,19.485561440089192,0.03797179856115108,15.388521699925281,23.411890166575727,3.5559663093640292,0.0,0.3759099419192372,0.0,0.19863179058519945,3.9300238818428435,0.03263992780983591,-650.6414766764954,0.37389788293897885,-0.03947368421052635,0.8124590517554426,0.23350738787202704,1.1393467845214118,-0.02374944723356658,-0.03903518993241668,-0.036328089478948805,2.627565042333038,0.5272703442366562,0.555676107722872,Tools & Accessories,Industrials,RBC
2013Q1,2013,Q1,2012-06-30,2012-06-30,17164000.0,103334000.0,21994000.0,0.76,38443000.0,0.3720266321,483221000.0,404318000.0,335909000.0,49035000.0,78903000.0,161517000.0,202556000.0,1371604734.72,1281675734.72,18.352837404821873,6.850392576730907,0.002052890913267428,0.002453514312991259,0.03713709045121388,18.352837404821873,0.04245173353647377,13.273508571428572,19.977929601491493,3.392390976211794,0.0,0.4017595671043915,0.0,0.21384418309634723,3.268930355868257,0.03551997947109087,67.03835458064516,0.3720266320862446,0.10144927536231894,0.6952066094366205,0.2561800308352796,1.1609482990036588,-0.06632826541021032,0.1055004508566276,-0.08602061170212766,2.3185750597751085,0.5884360574033273,0.503501865771771,Tools & Accessories,Industrials,RBC
2012Q4,2012,Q4,2012-03-31,2012-03-31,15526000.0,111323000.0,24064000.0,0.69,41174000.0,0.3698606757,459518000.0,385815000.0,314298000.0,43864000.0,73703000.0,158805000.0,185392000.0,1444084329.6,1376504329.6,17.51294763859475,7.165283603866497,0.002265417241544401,0.0026981843629718906,0.040431183501254936,17.51294763859475,0.04024208493708124,12.972021321739442,23.252678242947315,3.742945011469227,0.0,0.4417304241050345,0.0,0.24226036847305218,3.218607514134598,0.033787577418077204,221.58728396501456,0.3698606756914564,0.27777777777777757,1.242623003030706,0.3329919242536751,1.2262026325050204,0.224469160768453,0.27607462809238104,0.3219072731267853,1.3589755240244334,0.307881288195442,0.4844321679830401,Tools & Accessories,Industrials,RBC
2012Q3,2012,Q3,2011-12-31,2011-12-31,12167000.0,95104000.0,18204000.0,0.54,33626000.0,0.3535708277,440579000.0,367096000.0,298640000.0,46158000.0,73483000.0,161641000.0,169866000.0,1115943704.16,1057336704.1600001,16.766870094118385,6.4699510377399365,0.0025057935126277012,0.003007387713295705,0.03357011130932942,16.766870094118385,0.03314391875694641,11.733930267496635,22.92972187392126,3.039923355634494,0.0,0.3803366720077208,0.0,0.21586140056607328,2.656202608431908,0.02761593267041779,102.13652792970896,0.3535708277254374,0.1250000000000001,0.2216257474587516,0.16753994098524855,1.1584035305297247,0.057421383647798745,0.0496031746031746,-0.008874612076005881,0.5571525171604811,0.0989675488797037,0.4419846458770118,Tools & Accessories,Industrials,RBC
2012Q2,2012,Q2,2011-08-09,2011-10-01,11592000.0,93300000.0,18367000.0,0.48,31800000.0,0.3408360129,418500000.0,346277000.0,279000000.0,45900000.0,72200000.0,150400000.0,146100000.0,990815756.5200001,940915756.5200001,15.859709695364343,6.078431372549019,0.002709677419354839,0.003274834886521484,0.03470490292672036,15.859709695364343,0.033476089951108505,10.619675846945338,21.368524769668742,2.8613386292476832,0.0,0.4089095744680851,0.0,0.22293906810035843,2.5294117647058822,0.027698924731182795,98.78521999202394,0.3408360128617363,0.0666666666666666,0.4753425053828691,0.19607663326780334,1.1809628342712004,0.04950495049504951,0.08215085884988797,0.07958619878916123,0.19427067363780065,-0.02260524199789187,0.40862540182583185,Tools & Accessories,Industrials,RBC
2012Q1,2012,Q1,2011-05-27,2011-07-02,10712000.0,88900000.0,17013000.0,0.45,30300000.0,0.340832396,426000000.0,330067000.0,285300000.0,69600000.0,95900000.0,144200000.0,135400000.0,1529358000.0,1496658000.0,14.867882882882883,4.099137931034483,0.004570422535211268,0.005898802364368447,0.033374603258645094,14.867882882882883,0.032454016911717926,17.20312710911136,35.69263442867812,4.6334774454883405,0.0,0.406380027739251,0.0,0.20868544600938968,1.839080459770115,0.025145539906103288,239.2238385734397,0.3408323959505062,0.3636363636363636,0.9293680350892295,0.06929878185399181,1.1224795348950811,-0.0006266697450443617,0.08563899868247694,0.0597358913666376,-0.02613038902423899,-0.0653537203852478,0.3667766591368812,Tools & Accessories,Industrials,RBC
2011Q4,2011,Q4,2011-03-31,2011-03-31,9867000.0,88898000.0,16054000.0,0.33,30319000.0,0.341053792,425982000.0,330067000.0,285342000.0,69551000.0,95915000.0,144175000.0,135395000.0,1601383331.52,1568704331.52,15.217372461888681,4.102629724950036,0.07346789300956379,0.09481711288920128,0.028884668385303708,15.217372461888681,0.029893930626206194,18.013716073702444,40.57422041958042,4.851691721741343,0.0,0.4063048378706433,0.0,0.2086895690428234,1.840117323978088,0.02316295054720622,250.49011911778507,0.3410537919863214,-0.15384615384615383,-0.012176731070934048,-0.3003521405533851,1.6831014251239158,0.11466911764705882,0.33590576766856217,0.3154703375942314,-0.17626262382118707,-0.030277956963537706,0.48157170143885153,Tools & Accessories,Industrials,RBC
2011Q3,2011,Q3,2010-11-05,2011-01-01,7386000.0,83100000.0,12204000.0,0.39,27200000.0,0.3273164862,394000000.0,306730000.0,255000000.0,64700000.0,87300000.0,137000000.0,118100000.0,1443764978.48,1436064978.48,14.183260506539337,3.9412673879443587,0.07973857868020305,0.10242558602027842,0.02359783899173573,14.183260506539337,0.024079809604538194,17.37382645583634,48.86829740319524,4.706957188667558,0.0,0.40802919708029195,0.0,0.21091370558375636,1.6290571870170016,0.018746192893401015,200.3559503857896,0.32731648616125153,-0.04878048780487796,0.10829407319905504,-0.056512204231109614,2.786966487149113,0.034220532319391636,-0.13654430675707271,-0.12125576036866359,-0.23506771418550088,0.02549062302404644,0.4626978342753588,Tools & Accessories,Industrials,RBC
2011Q2,2011,Q2,2010-08-09,2010-10-02,8554000.0,82400000.0,13888000.0,0.41,26300000.0,0.3191747573,379800000.0,292378000.0,240600000.0,64800000.0,87500000.0,134500000.0,109600000.0,1279291161.6000001,1280391161.6000001,13.529975129627285,3.712962962962963,0.0828436018957346,0.10761411597315804,0.029342444122361165,13.529975129627285,0.029256647216958868,15.525378174757284,37.3886825344868,4.375469979273406,0.0,0.4171003717472119,0.0,0.21695629278567669,1.4490740740740742,0.02252238020010532,92.30094961038962,0.3191747572815534,-0.06818181818181825,3.46346291480546,-0.28845640728700467,1.959058421222441,0.04780876494023904,-0.05595408895265423,0.09760531099344029,-0.030348519887741753,0.04459420907063785,0.48547471301860073,Tools & Accessories,Industrials,RBC
2011Q1,2011,Q1,2010-06-02,2010-07-03,9061000.0,79800000.0,12653000.0,0.44,25100000.0,0.3145363409,376000000.0,283547000.0,234500000.0,31800000.0,92400000.0,136400000.0,100500000.0,1209464000.0,1226564000.0,13.006743119266055,7.3742138364779874,0.17995744680851064,0.238634159416252,0.0323230886819189,13.006743119266055,0.031955901490758144,15.156190476190476,33.37004745613067,4.265479797000144,0.0,0.4010263929618768,0.0,0.21223404255319148,2.59748427672956,0.024098404255319148,319.7948175568482,0.31453634085213034,0.0,-0.2292891411664678,-0.6559957205263363,16.051221140276258,-0.001193792280143255,-0.06249353336782204,0.09882761615284412,-0.09563524802390454,-0.019664112583034885,0.5314743327792437,Tools & Accessories,Industrials,RBC
2010Q4,2010,Q4,2010-03-31,2010-03-31,9665000.0,79832000.0,11515000.0,0.44,25130000.0,0.3147860507,375955000.0,283547000.0,234503000.0,31789000.0,92408000.0,136366000.0,100527000.0,1282686911.61,1299750911.61,13.133000046641055,7.3768599200981475,0.10228085808141932,0.135614201525673,0.03219344302792716,13.133000046641055,0.034086059806663446,16.067327783470287,33.17865782747025,4.523718860047893,0.0,0.4011410468885206,0.0,0.21234456251413067,2.598414545912108,0.025707863973081883,339.15571433368586,0.31478605070648363,0.8333333333333334,-0.6006083809204731,-0.6827251286826278,11.49847352110993,0.2295122070551397,0.8413031053534007,0.41479297210959576,0.4244830876531977,-0.024609829109807347,0.669434516670938,Tools & Accessories,Industrials,RBC
2010Q3,2010,Q3,2009-12-31,2009-12-31,5249000.0,67481000.0,8139000.0,0.24,20439000.0,0.3028852566,380623000.0,275157000.0,240288000.0,32216000.0,105466000.0,138194000.0,90862000.0,1121714107.36,1141259107.36,12.740906516399257,7.458654084926745,0.14108973971620212,0.19516857648542468,0.016346872541242275,12.740906516399257,0.019076381847454364,16.6226657482847,53.42513370927796,4.076633003557969,0.0,0.34040551688206433,0.0,0.17729091515751808,2.69164390365036,0.013790548653129212,92.65004603617741,0.30288525659074406,0.1999999999999999,-0.3890270771604588,-0.6674150641727431,0.0,0.0704970408002933,0.1918710263396912,0.12463728064114965,-0.46570801608174295,-0.16014968571273083,0.6401401962786127,Tools & Accessories,Industrials,RBC
2010Q2,2010,Q2,2009-09-30,2009-09-30,4404000.0,63657000.0,7237000.0,0.2,19093000.0,0.2999355923,384333000.0,270447000.0,245590000.0,30440000.0,113886000.0,138879000.0,85613000.0,986960218.09,1013170218.09,12.525461658346911,8.068002628120894,0.16393335987281862,0.23296616342573592,0.01428290751445265,12.525461658346911,0.016284151793142465,15.504347017452913,56.02635207141235,3.649366486187682,0.0,0.3208836469156604,0.0,0.16562980540312697,2.951708278580815,0.011458813060549055,345.21168873382305,0.29993559231506356,-0.13043478260869565,-0.24320803305366476,-0.6764349381246317,0.0,-0.04074557877813505,-0.13084665482534044,-0.06967476539400952,-0.43321052228651513,-0.17479183542399898,0.7224505923288257,Tools & Accessories,Industrials,RBC
2010Q1,2010,Q1,2009-06-30,2009-06-30,5067000.0,63732000.0,7779000.0,0.23,19904000.0,0.3123077889,384526000.0,263453000.0,244639000.0,32671000.0,121073000.0,137618000.0,81209000.0,857261150.04,886714150.04,12.206727389327897,7.487955679348658,0.1772337891325944,0.2586837120852676,0.015568467835887004,12.206727389327897,0.019233032077827925,13.451031664469967,42.29628725281231,3.2539433980254544,0.0,0.3184757807844904,0.0,0.16574171837535043,2.834501545713324,0.01317726239578078,68.58637891351307,0.31230778886587585,-0.23333333333333328,1.380147773512496,-0.6747988283997656,0.0,-0.31237476680715814,-0.2184173993521518,-0.21905431181608273,-0.061261799649110535,-0.21149594638173336,0.7425836130118921,Tools & Accessories,Industrials,RBC
2009Q4,2009,Q4,2009-03-31,2009-03-31,6483000.0,83841000.0,9961000.0,0.3,28946000.0,0.3452487446,382067000.0,256011000.0,244113000.0,38209000.0,126056000.0,134275000.0,76142000.0,664888000.0,702482000.0,11.79774193548387,6.388887434897537,0.17837447358709335,0.26620340532242753,0.021462252226771925,11.79774193548387,0.025323130646730023,7.93034434226691,25.639672990899278,2.5971071555519103,0.0,0.40882517222118786,0.0,0.21944056932422848,2.4666701562459106,0.0169682280856499,286.5896551724138,0.3452487446476068,-0.14285714285714282,-0.7334525773109087,-0.6684748397061172,10.431072936776854,0.01557785418567118,-0.15805194805194805,-0.2214927706135209,-0.35125675782655635,-0.3404516011104049,1.0801579431415325,Tools & Accessories,Industrials,RBC
2009Q3,2009,Q3,2008-12-31,2008-12-31,7700000.0,85281000.0,12795000.0,0.35,28502000.0,0.3342127789,363814000.0,250875000.0,229733000.0,40325000.0,112939000.0,135105000.0,69659000.0,819662970.44,858754970.44,11.627634276175536,5.697036577805331,0.14894973805296113,0.2160039860488291,0.027553321861263497,11.627634276175536,0.030692575984055805,9.611319877112136,26.612434105194808,3.2672166235774793,0.0,0.42025831760482585,0.0,0.2344082415739911,1.9355734655920644,0.02116466106307069,428.0224388720627,0.3342127789308287,-0.2045454545454546,-0.10288043020607861,-0.5792854196220423,0.0,-0.05675613065492934,-0.19691280767626199,-0.15644778481012658,0.15811206349424567,-0.029486233519439423,2.1046078092129106,Tools & Accessories,Industrials,RBC
2009Q2,2009,Q2,2008-09-30,2008-09-30,9588000.0,94294000.0,15168000.0,0.44,30217000.0,0.3204551721,353038000.0,242829000.0,222227000.0,42553000.0,110209000.0,131136000.0,61959000.0,917052268.5200001,958980268.5200001,11.258997370633319,5.222358000611003,0.14499855539630294,0.21080678172705897,0.03466469722415008,11.258997370633319,0.039484575565521415,9.725457277451376,23.91145881622862,3.776535210044929,0.0,0.48863012445095166,0.0,0.26709306080365286,1.7883110473997132,0.02715854950458591,-217.2594808149728,0.3204551721212378,-0.10204081632653059,0.6494715199466273,-0.5201703228777782,0.0,-0.01106201930944199,-0.10249929795001404,-0.11017247448081662,3.76663372873708,-0.18415957897336382,1.4623867128284669,Tools & Accessories,Industrials,RBC
2009Q1,2009,Q1,2008-06-30,2008-06-30,10683000.0,92380000.0,17046000.0,0.49,30555000.0,0.3307534098,345361000.0,234546000.0,218113000.0,42394000.0,110815000.0,129549000.0,52371000.0,910968093.75,948821093.75,10.878063203297563,5.144902580553852,0.14839544708290744,0.2185072437816036,0.039505005307089655,10.878063203297563,0.04554756849402676,9.861096490041135,21.318171247542825,3.883963460259395,0.0,0.47723255293363903,0.0,0.2674882224686632,1.8266971741284144,0.03093284997437464,53.136263051213255,0.3307534098289673,-0.10909090909090918,1.8022730895604162,-0.5281543433597476,0.0,-0.0552532310926968,-0.11263393969598803,-0.05104937927963035,-0.08126847979824414,-0.5973581132315283,13.58794252715067,Tools & Accessories,Industrials,RBC
2008Q4,2008,Q4,2008-03-31,2008-03-31,12039000.0,92138000.0,17963000.0,0.55,32342000.0,0.3510169528,337112000.0,223910000.0,215359000.0,39090000.0,113202000.0,123820000.0,41688000.0,798534000.0,846425000.0,10.271100917431193,5.509311844461499,0.17130805192339638,0.25791612701531863,0.045018641524106576,10.271100917431193,0.05376713858246617,8.66671731533135,16.582232743583354,3.5663168237238176,0.0,0.48292682926829267,0.0,0.2733156933007428,1.9441289332310054,0.03571216687629037,-799.3333333333334,0.35101695283162215,0.2500000000000001,-0.5072891560279663,-0.6373379891230748,9.210681537451034,0.1737678739928867,0.2565494207285252,0.1887366818873668,-0.5072891560279663,-0.6373379891230748,9.210681537451034,Tools & Accessories,Industrials,RBC
2008Q3,2008,Q3,2007-12-31,2007-12-31,9581000.0,80407000.0,15111000.0,0.44,27554000.0,0.3426816073,308775000.0,208078000.0,195403000.0,37372000.0,100697000.0,117946000.0,29649000.0,964571441.8000001,1007223441.8000001,9.696644224243297,5.2285935994862465,0.1679086713626427,0.24916617806783994,0.038031169807948476,9.696644224243297,0.0460452330376109,11.996112798636936,25.168861334933723,4.635624341833352,0.0,0.44811184779475355,0.0,0.2604064448222816,1.7898694209568662,0.031029066472350417,-450.1033326178255,0.34268160732274555,0.09999999999999995,0.12235892399743974,-0.6011675774903363,0.0,0.050196287685329875,0.0950965824665676,0.0797427652733119,0.12235892399743974,-0.6011675774903363,0.0,Tools & Accessories,Industrials,RBC
2008Q2,2008,Q2,2007-09-30,2007-09-30,8749000.0,78232000.0,13995000.0,0.4,26237000.0,0.3353742714,299691000.0,195202000.0,186555000.0,34785000.0,104489000.0,113877000.0,20068000.0,1047571622.24,1096676622.24,9.108182731790377,5.363087537731781,0.18311193863012237,0.28112929170807677,0.03678102640240465,9.108182731790377,0.044820237497566626,13.390577030371203,29.93403881129272,5.366602915134067,0.0,0.4565891268649508,0.0,0.2610422068063439,1.7772890613770302,0.02919340253794742,185.27973509727627,0.33537427139789344,-0.11111111111111108,0.5146891627449657,-0.5993770865970545,0.0,-0.04401530333394061,-0.10951653944020356,-0.11317407008427856,0.5146891627449657,-0.5993770865970545,0.0,Tools & Accessories,Industrials,RBC
2008Q1,2008,Q1,2007-06-30,2007-06-30,9825000.0,79823000.0,15781000.0,0.45,27445000.0,0.3438232088,290849000.0,181558000.0,182559000.0,37706000.0,109291000.0,108242000.0,11319000.0,994908012.28,1046344012.28,8.492955344319785,4.841643239802684,0.19271512021701984,0.3087222815849481,0.04366006980899604,8.492955344319785,0.05411493847696053,12.463926591082771,25.31572550330789,5.479835712444507,0.0,0.4838971933260657,0.0,0.2744482532173052,1.6875828780565427,0.033780415267028595,146.15954345232848,0.3438232088495797,0.4516129032258065,1.7441859376815816,-0.5887840483054496,0.0,-0.03883869160187715,0.46248883596308427,-0.08753975137322925,1.7441859376815816,-0.5887840483054496,0.0,Tools & Accessories,Industrials,RBC
2007Q4,2007,Q4,2007-03-31,2007-03-31,6718000.0,81039000.0,17295000.0,0.31,28554000.0,0.3523488691,273713000.0,168171000.0,172871000.0,33901000.0,105542000.0,103022000.0,1724000.0,991487615.1600001,1046333615.1600001,7.866735661384254,5.099289106516032,0.21931731412099534,0.3569580962234868,0.04809573469410856,7.866735661384254,0.03994743445659477,12.234697061414876,36.896681123846385,5.8957110034429245,0.0,0.5094542913164178,0.0,0.29607289387058705,1.7645497182973953,0.024543956626101062,183.88123426557866,0.35234886906304375,-0.29545454545454547,-0.7196234742684694,-0.6747200445665653,7.28864050447765,0.16342745385649676,-0.28218826797734803,0.20665596874345915,-0.7196234742684694,-0.6747200445665653,7.28864050447765,Tools & Accessories,Industrials,RBC
2007Q3,2007,Q3,2006-12-31,2006-12-31,9359000.0,76544000.0,14333000.0,0.44,24543000.0,0.3206391095,274786000.0,159820000.0,177189000.0,33675000.0,114966000.0,103277000.0,-4994000.0,,,,,,,,,,,,,,,,,,,,,,,,,,,,,,,Tools & Accessories,Industrials,RBC
2007Q2,2007,Q2,2006-09-30,2006-09-30,7378000.0,73248000.0,12610000.0,0.35,23503000.0,0.3208688292,272105000.0,149090000.0,172044000.0,30628000.0,123015000.0,103517000.0,-14353000.0,,,,,,,,,,,,,,,,,,,,,,,,,,,,,,,Tools & Accessories,Industrials,RBC
2007Q1,2007,Q1,2006-06-30,2006-06-30,5024000.0,75231000.0,24610000.0,0.24,23509000.0,0.3124908615,267738000.0,140719000.0,171807000.0,28983000.0,127019000.0,101436000.0,-21731000.0,,,,,,,,,,,,,,,,,,,,,,,,,,,,,,,Tools & Accessories,Industrials,RBC
