Quarters,Year,Quarter,FillingDate,Date,NetIncome,Revenue,OperatingIncome,EPSDiluted,GrossProfit,GrossProfitRatio,TotalAssets,CommonStockEquity,CurrentAssets,CurrentLiability,TotalLiability,Inventory,RetainedEarnings,MarketCap,EnterpriseValue,bookValuePerShare,currentRatio,debtToAssets,debtToEquity,roic,shareholdersEquityPerShare,roe,priceToSalesRatio,peRatio,pbRatio,payoutRatio,inventoryTurnover,dividendYield,assetTurnover,quickRatio,returnOnAssets,priceToFreeCashFlowsRatio,grossProfitMargin,epsdilutedGrowth,fiveYNetIncomeGrowthPerShare,fiveYRevenueGrowthPerShare,fiveYShareholdersEquityGrowthPerShare,grossProfitGrowth,netIncomeGrowth,operatingIncomeGrowth,threeYNetIncomeGrowthPerShare,threeYRevenueGrowthPerShare,threeYShareholdersEquityGrowthPerShare,Industry,Sector,Symbol
2023Q1,2023,Q1,2023-05-10,2023-04-01,28075000.0,229758000.0,40114000.0,2.4,102046000.0,0.4441455793,1169144000.0,684305000.0,408363000.0,57939000.0,484839000.0,179199000.0,685325000.0,2435722120.0,2532122120.0,58.58274120366407,7.048154093097914,0.15845695654256448,0.2707257728644391,0.02844508319170629,58.58274120366407,0.04102702742198289,10.601250533169683,21.689422261798754,3.559410087607134,0.10813891362422083,0.7126825484517213,0.0012464476038013728,0.19651813634590778,3.9552632941541965,0.024013295197169895,75.18357008364973,0.44414557926165793,0.07623318385650221,1.4442051030250986,0.45576044251193587,0.8830599246359282,0.02097048524262131,0.07653667701982438,0.029752278269798486,1.1926849048978856,0.4130871880458818,0.5841037940845171,Specialty Industrial Machinery,Industrials,KAI
2022Q4,2022,Q4,2023-02-28,2022-12-31,26079000.0,232100000.0,38955000.0,2.23,99950000.0,0.4306333477,1149881000.0,655571000.0,388592000.0,58060000.0,494310000.0,163672000.0,660644000.0,2071876320.0,2197133320.0,56.20464677640604,6.69293833964864,0.17826366380521114,0.3126770403205755,0.03203059886231827,56.20464677640604,0.03978058822004024,8.926653683757001,19.86153916944668,3.160414844463834,0.11626212661528433,0.8074074979226746,0.0014634078157715516,0.20184697373032515,3.8739235273854633,0.022679738164210036,89.4785713668754,0.4306333476949591,-0.05106382978723409,31.381636817738794,0.46859639298231676,0.8690675790819125,0.048177356432736275,-0.051224215083494014,0.0017744175281592346,1.899020087892467,0.23581303474701287,0.49775194219229735,Specialty Industrial Machinery,Industrials,KAI
2022Q3,2022,Q3,2022-11-09,2022-10-01,27487000.0,224510000.0,38886000.0,2.35,95356000.0,0.4247294107,1106853000.0,608049000.0,400993000.0,213000000.0,497349000.0,156567000.0,637601000.0,1945338220.0,2082069220.0,52.13934145086606,1.8825962441314554,0.18942623817254867,0.3448192497644104,0.028033270429962835,52.13934145086606,0.0452052383936163,8.664817691862277,17.69325699421545,3.1993116015321132,0.11034307127005494,0.8249120184968736,0.0015591119162815812,0.2028363296661797,1.0199671361502347,0.02483346930441531,105.03418929863399,0.42472941071667186,0.049107142857142794,0.9522854983167521,0.386458689658043,0.7410105245879323,-0.0071013557133634605,0.050324799388612916,0.0378456282694566,0.6479054491350192,0.250148072284191,0.45052509451228384,Specialty Industrial Machinery,Industrials,KAI
2022Q2,2022,Q2,2022-08-10,2022-07-02,26170000.0,221649000.0,37468000.0,2.24,96038000.0,0.4332886681,1124003000.0,604152000.0,393992000.0,212971000.0,517839000.0,156426000.0,613146000.0,2163046600.0,2314818600.0,51.814065180102915,1.8499795746838772,0.20312401301420013,0.37790489810511263,0.025764923749088155,51.814065180102915,0.043316913624385917,9.758882738022729,20.66341803591899,3.580301976985924,0.11581964081008789,0.8030058941608172,0.0014012643093311075,0.1971960928929905,1.0006291936460832,0.023282856006612083,182.53557805907172,0.433288668119414,-0.37078651685393255,2.0497682399541692,0.8969343765250832,0.8428563656906498,-0.02212583111871379,-0.3684997948891195,0.4085714285714286,0.5409775374235998,0.20108736905867186,0.45472629043044877,Specialty Industrial Machinery,Industrials,KAI
2022Q1,2022,Q1,2022-05-11,2022-04-02,41441000.0,226480000.0,26600000.0,3.56,98211000.0,0.4336409396,1144266000.0,599738000.0,367451000.0,67762000.0,544528000.0,143583000.0,590009000.0,2294599000.0,2458377000.0,51.56818572656922,5.422670523302146,0.22088308138142704,0.42143235879667457,0.02358810158431444,51.56818572656922,0.06909850634777186,10.131574531967503,13.842565333848121,3.8260023543614046,0.07009965975724523,0.8933439195447929,0.0012660164150686023,0.19792600671522181,3.3037395590448924,0.036216229443153954,109.78942583732058,0.4336409395973154,0.7115384615384615,3.359858455508173,1.0735271370880632,0.9244194456735637,0.06014745409600708,0.7011904761904761,-0.1567601838643208,2.6394539036184494,0.2655066308102368,0.5097751588879613,Specialty Industrial Machinery,Industrials,KAI
2021Q4,2021,Q4,2022-03-01,2022-01-01,24360000.0,218516000.0,31545000.0,2.08,92639000.0,0.4239460726,1132212000.0,563936000.0,383882000.0,221497000.0,566596000.0,134356000.0,551848000.0,2674950880.0,2850303880.0,48.59003963467172,1.7331250536124643,0.23804199213574842,0.47791593372297564,0.030449960724908007,48.59003963467172,0.043196391079838845,12.241441725091068,27.452287356321836,4.7433589627191735,0.11908866995073891,0.9368915418738277,0.0010845058956746151,0.19299919096423637,0.9797920513596121,0.0215154052421278,47.82932894666261,0.42394607259880285,0.1885714285714286,1.962582462296766,1.0501187863597168,0.8765246404737015,0.10689065991182058,0.19055764625384877,0.09805764411027569,0.2654783268392451,0.2756330497768296,0.447013068741283,Specialty Industrial Machinery,Industrials,KAI
2021Q3,2021,Q3,2021-11-10,2021-10-02,20461000.0,199789000.0,28728000.0,1.75,83693000.0,0.4189069468,1133128000.0,541887000.0,376028000.0,198659000.0,589742000.0,135476000.0,530596000.0,2395207200.0,2627103200.0,46.79507772020725,1.8928314347701338,0.2775467555298254,0.5803719225595004,0.025303560177525948,46.79507772020725,0.037758794730266644,11.988684061685078,29.26551976931724,4.4201230145768395,0.14148868579248325,0.8569488322654936,0.001208663701411719,0.17631635613981828,1.0621768960882718,0.01805709505016203,69.30175337075401,0.4189069468289045,-0.10714285714285712,1.1034462625966561,0.7823733772147966,0.7740659257630417,-0.01904639114840948,-0.1050997200839748,-0.12971826719176008,0.044220750287607385,0.15553919339751932,0.45526306171268216,Specialty Industrial Machinery,Industrials,KAI
2021Q2,2021,Q2,2021-08-11,2021-07-03,22864000.0,195811000.0,33010000.0,1.96,85318000.0,0.4357160732,1029476000.0,529235000.0,405496000.0,161180000.0,498350000.0,114316000.0,513036000.0,2052493540.0,2252782540.0,45.70645133431211,2.5157960044670555,0.26588769432216003,0.5172088013831285,0.02960498455875881,45.70645133431211,0.04320198021672792,10.4820134721747,22.44241536913926,3.8782271391725796,0.12657452764170748,0.9665576122327583,0.0014099922575152174,0.19020453123725078,1.1583819332423377,0.02220935699326648,48.49135398209181,0.43571607315217226,0.3706293706293707,1.5826016210706115,0.6437850176085776,0.7768710091734267,0.12683087895397213,0.3805929593623573,0.40905792461689505,0.7736144883408608,0.2108435365948867,0.49139965287333076,Specialty Industrial Machinery,Industrials,KAI
2021Q1,2021,Q1,2021-05-12,2021-04-03,16561000.0,172463000.0,23427000.0,1.43,75715000.0,0.4390217032,935665000.0,502588000.0,309754000.0,146594000.0,431357000.0,112590000.0,493067000.0,2159717820.0,2316219820.0,43.50281312213278,2.1130059893310777,0.23778168468415511,0.4426767053729894,0.02427324739804214,43.50281312213278,0.0329514433293274,12.522789351918963,32.60246694040215,4.297193367131726,0.16726043113338568,0.8592947863931077,0.0012825749615753043,0.18432131158053364,1.204442200908632,0.017699710900803172,128.30260916057745,0.43902170320590506,0.02142857142857145,1.2500806914255655,0.6689565984815861,0.7006076286873593,0.02015656368315391,0.02184241377182699,0.06423477036296733,0.4577722853265792,0.10484272143124795,0.398336819276231,Specialty Industrial Machinery,Industrials,KAI
2020Q4,2020,Q4,2021-03-02,2021-01-02,16207000.0,168431000.0,22013000.0,1.4,74219000.0,0.4406492867,927571000.0,495359000.0,289820000.0,134688000.0,430666000.0,106814000.0,479400000.0,1623102740.0,1789936740.0,43.02605750021715,2.1517878355904014,0.2517047212558392,0.4713228184003924,0.024027809328702757,43.02605750021715,0.03271768555734326,9.636603356864235,25.037063305978897,3.2766190580972583,0.17042018880730547,0.8820192109648548,0.0017016790939555684,0.18158286535478146,1.2306664290805418,0.017472516928623255,42.593296244784426,0.44064928665150715,0.0937499999999999,0.45949408637766487,0.4639153484811253,0.7376066115728952,0.08640728379881726,0.09130698269476803,0.03177876728380595,19.38775948927299,0.07971304916071047,0.43081780140514453,Specialty Industrial Machinery,Industrials,KAI
2020Q3,2020,Q3,2020-11-04,2020-09-26,14851000.0,154610000.0,21335000.0,1.28,68316000.0,0.4418601643,913891000.0,460941000.0,283541000.0,127862000.0,451646000.0,108715000.0,465963000.0,1232998720.0,1440031720.0,40.06788942976356,2.217554863837575,0.2851401315911854,0.5653369954072213,0.022501727044899465,40.06788942976356,0.03221887399905845,7.974896319772331,20.7561564877786,2.674959962337913,0.18584607097165173,0.7937635100952031,0.002238445146155545,0.16917772469583353,1.2262752029531838,0.016250296807825002,54.62756280182535,0.4418601642843283,0.28,0.6222288688362697,0.587837245699881,0.663719122283841,0.028112208042379003,0.2794865167571293,0.17736328017217592,0.0692908437732119,-0.03209443157834315,0.33792670283305226,Specialty Industrial Machinery,Industrials,KAI
2020Q2,2020,Q2,2020-08-05,2020-06-27,11607000.0,152860000.0,18121000.0,1.0,66448000.0,0.4346984169,915292000.0,438721000.0,287651000.0,148386000.0,474933000.0,109663000.0,453874000.0,1072648440.0,1298296440.0,38.20945828252918,1.9385319369751863,0.3093515511989616,0.6453919461343314,0.018168468451564036,38.20945828252918,0.026456449543103704,7.017195080465786,23.103481519772554,2.4449443723915656,0.23718445765486346,0.7879777135405743,0.0025665445427767554,0.16700681312630286,1.060315663202728,0.012681199005344743,50.76904770920106,0.4346984168520215,-0.08256880733944962,0.30755984792832625,0.4823075225318038,0.5818503043211877,-0.027443174333679727,-0.07373713191285612,-0.07804629865174256,0.37361209769475917,0.3284994955327192,0.35898511689428414,Specialty Industrial Machinery,Industrials,KAI
2020Q1,2020,Q1,2020-05-06,2020-03-28,12531000.0,159127000.0,19655000.0,1.09,68323000.0,0.4293614534,909048000.0,422774000.0,287681000.0,129899000.0,484776000.0,102718000.0,445027000.0,812014960.0,1047378960.0,36.98163051084675,2.21465138299756,0.3249289366458097,0.6986616963200197,0.0201208962851086,36.98163051084675,0.029639949476552484,5.102936396714574,16.200122895219852,1.9206832965130305,0.20971989466124014,0.8840125391849529,0.0032363935758030864,0.17504796226381886,1.2574692645824832,0.01378475064023022,233.13665231122596,0.429361453430279,0.43421052631578955,0.7310552158406415,0.6434564850108981,0.5664892762802184,-0.0844734479477937,0.4322779746256715,-0.08806198673038557,0.34117482328756865,0.4821127429234795,0.38007897476060765,Specialty Industrial Machinery,Industrials,KAI
2019Q4,2019,Q4,2020-02-25,2019-12-28,8749000.0,182659000.0,21553000.0,0.76,74627000.0,0.4085591184,939387000.0,425695000.0,297576000.0,146169000.0,512308000.0,102715000.0,435249000.0,1199741440.0,1432493440.0,37.52600493653033,2.0358352318207005,0.3204483349247967,0.7071377394613514,0.02037505411829684,37.52600493653033,0.020552273341241968,6.568203264005606,34.28224482798034,2.818312265824123,0.2962624299919991,1.0517645913449838,0.002160465508301522,0.1944448879961081,1.2121243218466295,0.009313520412779823,33.77079997748128,0.4085591183571573,-0.4609929078014184,-0.0785909525123869,0.6641165398668316,0.54382953515214,0.005118051907821192,-0.45708966801116974,-0.12218466175212805,0.0885989937981252,0.7532877860618248,0.44923678703257097,Specialty Industrial Machinery,Industrials,KAI
2019Q3,2019,Q3,2019-11-06,2019-09-28,16115000.0,173504000.0,24553000.0,1.41,74247000.0,0.4279267337,935557000.0,404994000.0,291296000.0,143691000.0,528684000.0,108377000.0,429127000.0,984623130.0,1252797130.0,35.94514955178841,2.027239005922431,0.33864745814525465,0.7822930710084594,0.025732236724497013,35.94514955178841,0.03979071294883381,5.674930433880487,15.274947719515978,2.4312042400628155,0.1607198262488365,0.915849303819076,0.0026304480578269577,0.1854552956153393,1.1437877111301333,0.017225032787954127,41.74785372058512,0.42792673367760975,-0.007042253521126767,1.3450015835522817,0.6999934709020619,0.4668028630417807,-0.0016673165615629748,-0.011592247301275761,0.060971394002247,0.7026882576449897,0.5908779781567207,0.3627301870843449,Specialty Industrial Machinery,Industrials,KAI
2019Q2,2019,Q2,2019-08-07,2019-06-29,16304000.0,177165000.0,23142000.0,1.42,74371000.0,0.4197838173,965791000.0,398705000.0,305178000.0,145720000.0,565231000.0,109788000.0,415605000.0,1016527140.0,1306267140.0,35.61774164731106,2.094276695031567,0.35907251154752945,0.869788440074742,0.026070361903345975,35.61774164731106,0.04089238910974279,5.737742443484887,15.587082004416093,2.5495720896402103,0.15763002944062807,0.936295405690968,0.0025282158231407378,0.18344030954937454,1.2145141367005214,0.01688149920635003,49.257505451373746,0.4197838173454125,0.47916666666666663,1.047952187599318,0.6680509045672809,0.45816740880864903,0.05468340069488761,0.49577981651376146,0.24586810228802153,0.9049567760304067,0.538408292785887,0.3846651992828241,Specialty Industrial Machinery,Industrials,KAI
2019Q1,2019,Q1,2019-05-08,2019-03-30,10900000.0,171316000.0,18575000.0,0.96,70515000.0,0.4116077891,958240000.0,380261000.0,294340000.0,142162000.0,576244000.0,103029000.0,401891000.0,979258679.9999999,1283697680.0,34.156202281505436,2.070454833218441,0.376645725496744,0.949129676722041,0.01845255610199405,34.156202281505436,0.028664522525318138,5.716095869621051,22.460061467889908,2.5752277514654405,0.22422018348623854,0.9783750206252608,0.0024957654702636896,0.17878193354483218,1.2492367862016573,0.011375020871597929,127.04445770627918,0.4116077891148521,-0.4037267080745342,1.156940615232599,0.8347018954727796,0.40307179367119256,-0.00606103319472831,-0.408316143741179,-0.25173219465033836,0.5368114866069864,0.7204006439576975,0.3352308505622677,Specialty Industrial Machinery,Industrials,KAI
2018Q4,2018,Q4,2019-02-26,2018-12-29,18422000.0,163935000.0,24824000.0,1.61,70945000.0,0.4327629853,725749000.0,372968000.0,252761000.0,128989000.0,351178000.0,86373000.0,393578000.0,900999840.0,1030990840.0,33.57954443143963,1.9595546907100605,0.24226144300577748,0.47141041590699473,0.038800773900848955,33.57954443143963,0.04939297741361189,5.496079787720743,12.227226142655523,2.4157564187812364,0.132667462816198,1.0766095886445997,0.0027125421021162444,0.2258838799640096,1.1954120118769818,0.02538343146184149,134.61823397579562,0.4327629853295513,-0.01829268292682915,2.1104227288793207,0.7305552508628477,0.38519234216579973,-0.029387219022341402,-0.019271720613287906,-0.09318721461187214,0.7196030957067979,0.47692130335436,0.35610933949457996,Specialty Industrial Machinery,Industrials,KAI
2018Q3,2018,Q3,2018-11-07,2018-09-29,18784000.0,165745000.0,27375000.0,1.64,73093000.0,0.4409967118,741762000.0,356961000.0,267468000.0,142580000.0,383323000.0,91736000.0,377602000.0,1197242850.0,1333473850.0,32.15575173407801,1.8759152756347315,0.26102038120043897,0.5423981891579193,0.03681425366962476,32.15575173407801,0.05262199511991506,7.223402515912999,15.9343437233816,3.353987830603343,0.1301107325383305,1.0099851748495683,0.002041356939404566,0.22344768267988924,1.1363795763781737,0.025323486509149836,83.29804842412858,0.44099671181634437,0.5185185185185184,1.9272513091613233,0.8235929816321211,0.362442821774933,0.0723108972478141,0.5210948254919426,0.38712946541677223,1.1263329914845905,0.7639879379619652,0.33518734859184857,Specialty Industrial Machinery,Industrials,KAI
2018Q2,2018,Q2,2018-08-08,2018-06-30,12349000.0,154913000.0,19735000.0,1.08,68164000.0,0.4400147179,741186000.0,339933000.0,263216000.0,140785000.0,399501000.0,96261000.0,361262000.0,1066495800.0000001,1213214800.0,30.6466822935449,1.8696309976204852,0.27914180785929577,0.608637584465174,0.02516408869742001,30.6466822935449,0.03632774693836727,6.884482257783402,21.59073204308041,3.13737059950049,0.19758684913758198,0.9011853190804168,0.0022878664876129847,0.20900691594282678,1.069595482473275,0.016661134991756456,45.782176432710884,0.44001471793845576,0.1250000000000001,1.1605461706635414,0.9000072110886443,0.3544919188703026,0.031553140937362854,0.13731810646527906,0.18428948631781086,0.4400615798303516,0.5550344094053781,0.26875558805409594,Specialty Industrial Machinery,Industrials,KAI
2018Q1,2018,Q1,2018-05-09,2018-03-31,10858000.0,149193000.0,16664000.0,0.96,66079000.0,0.4429095199,772277000.0,343521000.0,277915000.0,132189000.0,427050000.0,95840000.0,351355000.0,1043469000.0,1212195000.0,31.11039666727042,2.102406402953347,0.31198132276372337,0.7013719685259416,0.020926238268957262,31.11039666727042,0.03160796574299679,6.994088194486337,24.025349972370602,3.0375697555607952,0.21329895008288818,0.8672161936560935,0.002219519698237322,0.19318586465737034,1.2566401137764867,0.014059722094533439,505.31186440677965,0.44290951988364063,12.714285714285712,1.0774003971622492,0.9792646150875145,0.3957124461835912,0.02305310419569593,13.286842105263158,-0.0641356846006964,0.5529214944444657,0.5952812257163513,0.31779216024045237,Specialty Industrial Machinery,Industrials,KAI
2017Q4,2017,Q4,2018-02-27,2017-12-30,760000.0,149140000.0,17806000.0,0.07,64590000.0,0.4330830093,761094000.0,330991000.0,266023000.0,132230000.0,428590000.0,84933000.0,342893000.0,1105102800.0,1271757800.0,30.070954846915598,2.0118203130908268,0.3180684646048977,0.7313794030653401,0.0017022937524751812,30.070954846915598,0.002296134940224961,7.409835054311385,363.5206578947368,3.3387699363426804,3.042105263157895,0.9954905631497769,0.0020921130595271315,0.19595477037002,1.266149890342585,0.0009985625954218532,45.52806822395254,0.4330830092530508,-0.9401709401709402,-0.9187402478049767,0.9542750547972405,0.36187434243924876,-0.0005879804419137216,-0.942792623259315,-0.08490081200534484,-0.917509316997553,0.40034179651583157,0.2371268490055026,Specialty Industrial Machinery,Industrials,KAI
2017Q3,2017,Q3,2017-11-08,2017-09-30,13285000.0,152794000.0,19458000.0,1.17,64628000.0,0.4229747241,787659000.0,329545000.0,303669000.0,129080000.0,456772000.0,90450000.0,344449000.0,1084444200.0,1272620200.0,29.947746274082153,2.352564301208553,0.353957740595867,0.8460088910467463,0.02328064990230411,29.947746274082153,0.04031315905263318,7.097426600520963,20.407305231464054,3.2907317665265743,0.17395558901016184,0.9747484798231066,0.0021310455623258437,0.19398496049686476,1.4839014564611095,0.01686643585612556,649.7568603954463,0.4229747241383824,0.625,0.6182314316535453,0.8183779744262316,0.4082378254092011,0.22345903377252763,0.6409337944664032,0.7004282093856506,0.9793933269994906,0.5328574709053141,0.22206863858456147,Specialty Industrial Machinery,Industrials,KAI
2017Q2,2017,Q2,2017-08-09,2017-07-01,8096000.0,110242000.0,11443000.0,0.72,52824000.0,0.479164021,514814000.0,309306000.0,241163000.0,105357000.0,203477000.0,63390000.0,333476000.0,827275200.0,807202200.0,28.11617125715844,2.289007849502169,0.12774905111360607,0.21262762442370986,0.02212491923569128,28.11617125715844,0.026174726646104506,7.5041744525679865,25.54580039525692,2.674617369207193,0.28532608695652173,0.9057895567124152,0.0027922993460942624,0.21413947561643623,1.5305580075362815,0.01572606805564728,37.63763421292084,0.4791640209720433,-0.10000000000000009,0.3019143508593823,0.39782248055429176,0.42872368617001383,0.07821685173089483,-0.09552005362529327,-0.05005811057612485,0.034782996774697914,0.05616456595232201,0.1510579472903238,Specialty Industrial Machinery,Industrials,KAI
2017Q1,2017,Q1,2017-05-10,2017-04-01,8951000.0,102857000.0,12046000.0,0.8,48992000.0,0.4763117727,488827000.0,293478000.0,222149000.0,90616000.0,193537000.0,59841000.0,327691000.0,650001200.0,649011200.0,26.796749452154856,2.4515427739030633,0.14432508842596664,0.24039280627508705,0.025083019643562816,26.796749452154856,0.030499730814575538,6.319464888145678,18.15442967266227,2.2148208724333682,0.23215283208580048,0.9001353587005565,0.0031969171749221385,0.21041595492883985,1.6302639710426414,0.018311181665497202,-16666.697435897437,0.4763117726552398,0.15942028985507262,0.3503364306171047,0.3011130764149869,0.34188144374190743,0.06335597855577019,0.15750678908573645,0.12843091334894613,0.8005368802888072,0.1197477827763312,0.10075947579074172,Specialty Industrial Machinery,Industrials,KAI
2016Q4,2016,Q4,2017-03-15,2016-12-31,7733000.0,100241000.0,10675000.0,0.69,46073000.0,0.4596223102,470691000.0,282629000.0,207350000.0,88913000.0,186412000.0,54951000.0,321050000.0,667998000.0,662922000.0,25.893632615666515,2.3320549301002105,0.14109256391135586,0.2349758871170333,0.022661362081297494,25.893632615666515,0.027360957297375713,6.663919952913479,21.595693779904305,2.363515421276656,0.2682012155696366,0.9857509417481028,0.0031047997149692063,0.212965618633031,1.5803988168209373,0.016429037308977653,47.57481660850367,0.45962231023234007,-0.15853658536585366,-0.2721848821352036,0.1512287102757892,0.41467594589817747,-0.041722997566505125,-0.15550944632521568,-0.15014728126741503,0.3286288570186876,0.0767929581218619,0.06814020908794435,Specialty Industrial Machinery,Industrials,KAI
2016Q3,2016,Q3,2016-11-09,2016-10-01,9157000.0,105519000.0,12561000.0,0.82,48079000.0,0.4556430595,484118000.0,287539000.0,205867000.0,91498000.0,194885000.0,58652000.0,315395000.0,568051110.0,568333110.0,26.37730483441886,2.2499617477977663,0.13120148393573466,0.22089873025919962,0.026825288943233813,26.37730483441886,0.03184611478790703,5.383401188411566,15.508657584361691,1.9755619585517095,0.22605656874522223,0.9793357430266657,0.003644038297891892,0.21796132347898653,1.4624800542088352,0.018914810025654902,41.50903251735477,0.45564305954377887,0.09333333333333327,0.1806635529198495,0.3947392269298483,0.4549652398909116,-0.043413382145202045,0.1017928047166406,0.025890231950343026,0.4531850005806166,0.18226247654876884,0.11760937597168074,Specialty Industrial Machinery,Industrials,KAI
2016Q2,2016,Q2,2016-08-10,2016-07-02,8311000.0,111828000.0,12244000.0,0.75,50261000.0,0.4494491541,480782000.0,279609000.0,201477000.0,97895000.0,199571000.0,63464000.0,308312000.0,573175100.0,583279100.0,25.7229990800368,2.0580928545891006,0.133771647025055,0.23001763176435666,0.02509907256714844,25.7229990800368,0.029723649810986054,5.125506134420718,17.241460113103116,2.049916490527844,0.24822524365299,0.9701090381948821,0.0035992491648712587,0.23259606224858667,1.2859083712140558,0.017286420872661624,45.9311723695809,0.44944915405801766,0.20967741935483872,0.2897600815573073,0.5372320879264227,0.3947309038406477,0.14291886483536476,0.20869691681210006,0.2131180025760428,0.4837658118675254,0.3995817131715633,0.13687981130527624,Specialty Industrial Machinery,Industrials,KAI
2016Q1,2016,Q1,2016-05-11,2016-04-02,6876000.0,96538000.0,10093000.0,0.62,43976000.0,0.4555304647,457620000.0,276093000.0,244586000.0,84179000.0,180017000.0,58681000.0,302071000.0,487088090.0,454742090.0,25.580746780320577,2.90554651397617,0.1577094532581618,0.26140104964631483,0.020508694042003527,25.580746780320577,0.02490465169345112,5.045558122190226,17.709718222803957,1.7642174557123869,0.2662885398487493,0.8957243400760042,0.0037590736410738354,0.21095668895590228,2.0060228798156308,0.015025567064376556,97.53465959150981,0.4555304646874806,-0.3404255319148936,0.3495174086736666,0.5307225805043944,0.44248883310744014,-0.052098376910309746,-0.33789118921521427,-0.3002634498058791,0.34589694318513126,0.3102654111888747,0.14763456878471284,Specialty Industrial Machinery,Industrials,KAI
2015Q4,2015,Q4,2016-03-16,2016-01-02,10385000.0,107600000.0,14424000.0,0.94,46393000.0,0.43116171,415498000.0,266609000.0,205120000.0,96628000.0,147553000.0,56758000.0,297258000.0,437247870.0,402967870.0,24.761679204978176,2.122780146541375,0.0752109516772644,0.11721284727822391,0.035498035757753434,24.761679204978176,0.038952173407499374,4.063641914498141,10.525947761194029,1.6400341698892384,0.1765045739046702,1.078385425843053,0.004192130198370092,0.25896634881515673,1.4119199403899492,0.024994103461388504,40.05201703764771,0.43116171003717474,0.205128205128205,1.2907146232311502,0.6779517505118673,0.47963784600287396,0.062402674727489234,0.20155038759689922,0.13744972793943697,0.13512229982503787,0.44137861557576846,0.12142417015501579,Specialty Industrial Machinery,Industrials,KAI
2015Q3,2015,Q3,2015-11-12,2015-10-03,8643000.0,91929000.0,12681000.0,0.78,43668000.0,0.4750187645,422886000.0,261569000.0,210295000.0,101952000.0,160012000.0,67532000.0,288704000.0,433679730.0,406912730.0,24.08332566062057,2.0626863622096674,0.06946316501373893,0.1123030634364164,0.030394194356008264,24.08332566062057,0.03304290646062798,4.71755082726887,12.54424765706352,1.6579936078052062,0.2142774499595048,0.7146389859622105,0.004270432468679134,0.21738482711652785,1.1846849497802887,0.020438132262595592,29.855413052457664,0.4750187644812845,0.026315789473684233,1.1829619832489375,0.5697516863205218,0.4734509018966192,-0.04502810155925383,0.021148393194706995,0.0030056157557541725,0.0666559362948904,0.10843738658282218,0.13247420512191319,Specialty Industrial Machinery,Industrials,KAI
2015Q2,2015,Q2,2015-08-12,2015-07-04,8464000.0,98327000.0,12643000.0,0.76,45727000.0,0.4650502914,415833000.0,264448000.0,197645000.0,92418000.0,150158000.0,64207000.0,281894000.0,515869760.0,497007760.0,24.15491413956887,2.138598541409682,0.06853712908787903,0.10777166021297192,0.02959542565478167,24.15491413956887,0.032006292352371735,5.246471060847987,15.237173913043478,1.9507417715392061,0.22022684310018903,0.8192253181117324,0.003613315112713721,0.23645790497627653,1.1853210413555801,0.0203543249333266,40.520757206818004,0.4650502913746987,0.22580645161290325,0.8403554525258381,0.6142288333936351,0.5546684921413362,0.031350790536121075,0.22720023198492098,0.21907241346061132,0.36768141461077786,0.2527808380064586,0.2274323432219997,Specialty Industrial Machinery,Industrials,KAI
2015Q1,2015,Q1,2015-05-13,2015-04-04,6897000.0,92251000.0,10371000.0,0.62,44337000.0,0.4806126763,407131000.0,257138000.0,188149000.0,83904000.0,148864000.0,60644000.0,275282000.0,597535120.0,585445120.0,23.60796915167095,2.242431826849733,0.07552851539185176,0.11958559217229658,0.024474556185390756,23.60796915167095,0.026822173307718036,6.477275259888781,21.65924024938379,2.3237915827298963,0.23633463824851383,0.7900864059099004,0.002727873133214329,0.22658800238743795,1.2764826468344774,0.016940493354718752,-103.3797785467128,0.4806126762853519,-0.2439024390243902,1.17636573907633,0.7198072461011112,0.5088393986311623,-0.05663950296814826,-0.24217118997912318,-0.1553184557745561,0.04620419218238449,0.17337835721658026,0.18219919866105844,Specialty Industrial Machinery,Industrials,KAI
2014Q4,2014,Q4,2015-03-18,2015-01-03,9101000.0,105206000.0,12278000.0,0.82,46999000.0,0.4467330761,413747000.0,264291000.0,183674000.0,87170000.0,148288000.0,55223000.0,270249000.0,460797740.0,441280740.0,24.307090959256875,2.1070781232075255,0.06250438069641592,0.09785047542292398,0.0319234496462121,24.307090959256875,0.0344355275056661,4.379956846567686,12.657887594769806,1.7435241457333017,0.17943083177672783,1.054035456241059,0.003543854186437633,0.2542761639359319,1.2541241252724562,0.021996534113842517,31.01344326288868,0.4467330760603007,0.36666666666666664,6.954562314352621,1.0967847310355636,0.5514520351976023,0.06544704388828437,0.36918910786821124,0.20953600630479755,-0.14012261205918697,0.212916997298621,0.3279966316512376,Specialty Industrial Machinery,Industrials,KAI
2014Q3,2014,Q3,2014-11-05,2014-09-27,6647000.0,98719000.0,10151000.0,0.6,44112000.0,0.4468440726,418315000.0,267064000.0,191091000.0,95432000.0,150067000.0,57707000.0,262778000.0,439407360.0,421286360.0,24.505780877225178,2.0023786570542375,0.054982489272438234,0.08612167869873888,0.023616768493752525,24.505780877225178,0.024889165143935535,4.451092089668656,16.526529261320896,1.6453260641643952,0.24702873476756432,0.9462803472715615,0.0037368513809145115,0.23599201558634045,1.1907221896219298,0.01588993939973465,32.531824979640184,0.4468440725696168,-0.14285714285714282,63.88925884172719,1.0691636551147974,0.5480442933521744,-0.021516347988110553,-0.15411046067701706,-0.15661349285476903,-0.14272895085180567,0.3052167313422907,0.35173246761060106,Specialty Industrial Machinery,Industrials,KAI
2014Q2,2014,Q2,2014-08-06,2014-06-28,7858000.0,104835000.0,12036000.0,0.7,45082000.0,0.4300281395,423540000.0,269887000.0,188364000.0,91099000.0,152477000.0,60087000.0,257766000.0,425828460.0,416512460.0,24.4263734274595,2.067684606856277,0.06656750247910469,0.10446594315398666,0.027211453904490215,24.4263734274595,0.02911588924253484,4.061892116182572,13.54760944260626,1.577802784128172,0.21315856452023416,0.9944413933130294,0.003933508812445275,0.24752089531095056,1.1864784465252087,0.01855314728242905,52.649413946587536,0.43002813945724233,0.5555555555555555,8.173366635942285,1.3213244593328728,0.567890966452395,0.06880037932669511,0.5551157728082328,0.5793202991733368,0.1997043786926643,0.41775684754420783,0.32442635409762755,Specialty Industrial Machinery,Industrials,KAI
2014Q1,2014,Q1,2014-05-07,2014-03-29,5053000.0,93367000.0,7621000.0,0.45,42180000.0,0.4517656131,444898000.0,270996000.0,209444000.0,97308000.0,172844000.0,61962000.0,251547000.0,401197280.0,387111280.0,24.343873517786562,2.152382126854935,0.09651200949431106,0.1584451431017432,0.01670028387454635,24.343873517786562,0.01864603167574429,4.296992299206358,19.849459726894914,1.4804546192563728,0.27488620621413024,0.8261030954455957,0.0034621371311390745,0.2098615862512306,1.3144140255682986,0.011357659508471604,70.83285310734463,0.45176561311812524,-0.13461538461538464,2.983466617350576,0.6147774360872282,0.6606455182400971,0.013528125525626546,-0.14760458839406207,0.0035554385040821703,-0.03847429067854246,0.43535912821507167,0.3727420081028214,Specialty Industrial Machinery,Industrials,KAI
2013Q4,2013,Q4,2014-03-12,2013-12-28,5928000.0,94815000.0,7594000.0,0.52,41617000.0,0.4389284396,442168000.0,269496000.0,206288000.0,99802000.0,171747000.0,62805000.0,248170000.0,453462430.0,442065430.0,24.24179185031933,2.066972605759404,0.0873762913643683,0.1433601982960786,0.0196483563532789,24.24179185031933,0.021996615905245348,4.782602225386278,19.123752952091767,1.6826313934158577,0.23498650472334684,0.8470344717777247,0.0030719193208575183,0.21443207106801035,1.24227971383339,0.013406668958404951,60.80214936980424,0.4389284395928914,-0.08771929824561392,1.1635499982893482,0.6129513870678293,0.5975443348937836,0.03728720620124124,-0.0805025593299209,-0.23385794995964487,0.26642591726056936,0.4320274866093384,0.44857189933408365,Specialty Industrial Machinery,Industrials,KAI
2013Q3,2013,Q3,2013-11-07,2013-09-28,6447000.0,91315000.0,9912000.0,0.57,40121000.0,0.4393692164,398734000.0,263228000.0,210472000.0,90555000.0,134134000.0,50925000.0,243631000.0,370948780.0,312447780.0,23.601542185958934,2.324244934018,0.036365095527344043,0.05508532526934824,0.023607861297975364,23.601542185958934,0.024492075311137115,4.06229841756557,14.38455017837754,1.409229945142614,0.216379711493718,1.0052822778595973,0.003760627006240592,0.22901232400547733,1.5230522886643476,0.016168673852743936,33.627846976702024,0.4393692164485572,0.1176470588235293,0.13840090575067415,0.32061227150569294,0.21985377159702335,0.004531797696544817,0.11927083333333334,0.17649851632047478,0.5856869103147578,0.518443571649728,0.44397472799677323,Specialty Industrial Machinery,Industrials,KAI
2013Q2,2013,Q2,2013-08-07,2013-06-29,5760000.0,82165000.0,8425000.0,0.51,39940000.0,0.4860950526,388894000.0,252913000.0,202400000.0,91034000.0,134512000.0,54052000.0,238577000.0,337240260.0,288943260.0,22.625961710502775,2.223345123799899,0.04120660128466883,0.06336170936250805,0.021961916701748137,22.625961710502775,0.02277463001111054,4.104427189192479,14.637164062500002,1.3334239837414446,0.0,0.7811921853030415,0.0,0.21127865176629107,1.410835512006503,0.01481123390949719,35.023393914217465,0.4860950526379845,0.08510638297872349,0.025134612974839137,0.09002947280422308,0.0961955101861839,0.10864375728640427,0.09008327024981075,0.14283776451437874,0.22664593629111365,0.3211430808955451,0.45626142872900294,Specialty Industrial Machinery,Industrials,KAI
2013Q1,2013,Q1,2013-05-08,2013-03-30,5284000.0,76204000.0,7372000.0,0.47,36026000.0,0.4727573356,361258000.0,248823000.0,182413000.0,76499000.0,111063000.0,42349000.0,234212000.0,279075000.0,227298000.0,22.289975812953507,2.384514830259219,0.018338694229608755,0.026625352157959675,0.021099964317880006,22.289975812953507,0.02123597898908059,3.66220933284342,13.203775548826647,1.1215804005256749,0.0,0.9487355073319322,0.0,0.2109406573695254,1.5645433273637563,0.014626665707057007,48.98630858346498,0.4727573355729358,-0.43373493975903615,0.3115473835175259,0.12632473366985417,0.12375167644262361,0.07424856870229007,-0.4476270123353544,0.09620817843866171,0.6269011696545783,0.3861593799244141,0.4246034245914576,Specialty Industrial Machinery,Industrials,KAI
2012Q4,2012,Q4,2013-03-13,2012-12-29,9566000.0,78055000.0,6725000.0,0.83,33536000.0,0.4296457626,358948000.0,248583000.0,175593000.0,75292000.0,108981000.0,42077000.0,230329000.0,295635080.0,247957080.0,22.080564931604194,2.3321601232534666,0.01915319210582034,0.027656758507218916,0.038467417381284785,22.080564931604194,0.03848211663709908,3.7875226442892833,7.72619381141543,1.1892811656468865,0.0,1.0580364569717422,0.0,0.21745489597379009,1.5501248472613292,0.026650099735894894,29.581256754052433,0.42964576260329257,0.12162162162162159,0.5944460518111626,0.03510935990726249,0.14066006943508852,-0.10799021172465156,0.13059921995036047,-0.3259496842738298,7.044762616463676,0.5024575429940917,0.4093392524375302,Specialty Industrial Machinery,Industrials,KAI
2012Q3,2012,Q3,2012-11-07,2012-09-29,8461000.0,86601000.0,9977000.0,0.74,37596000.0,0.4341289362,362304000.0,241179000.0,180853000.0,80850000.0,119826000.0,43561000.0,220763000.0,262997790.0,221533790.0,21.266114099285776,2.236895485466914,0.03277634251898958,0.0492372884869744,0.031123315106738884,21.266114099285776,0.03508182719059288,3.0368909134998443,7.770883760784777,1.0904672048561443,0.0,1.124974174146599,0.0,0.23902855060943295,1.4939641311069882,0.023353316551845964,21.90188124583611,0.43412893615547166,0.3214285714285713,0.8291941494871727,0.16763653678196008,0.14179072722590885,0.03575954598049479,0.29313770441693415,0.05142796922752661,77.92507811695351,0.7442649503435984,0.3433926769406108,Specialty Industrial Machinery,Industrials,KAI
2012Q2,2012,Q2,2012-08-08,2012-06-30,6543000.0,82982000.0,9489000.0,0.56,36298000.0,0.4374201634,351146000.0,227787000.0,171850000.0,88361000.0,122188000.0,49167000.0,212302000.0,271433750.0,241402750.0,19.679222462203025,1.9448625524835617,0.03417381943692937,0.052680793899564066,0.028053849690879682,19.679222462203025,0.028724202873737305,3.270995517100094,10.371150466147027,1.1916121200946497,0.0,0.9494986474667968,0.0,0.23631765704293942,1.2429352316067044,0.018633275047985738,37.62075537075537,0.4374201634089321,-0.06666666666666654,0.6118361695899492,0.12733036344467166,0.09044530137692601,-0.05404982799958303,-0.07230965546575925,-0.12065610230747846,6.7015101028759805,0.7539427746602102,0.2631787202028496,Specialty Industrial Machinery,Industrials,KAI
2012Q1,2012,Q1,2012-05-09,2012-03-31,7053000.0,84113000.0,10791000.0,0.6,38372000.0,0.4561958318,361973000.0,232705000.0,177212000.0,93896000.0,128061000.0,51931000.0,205759000.0,277574460.0,247075460.0,19.969535741869045,1.8873221436482917,0.03349697353117498,0.05210459594765905,0.030614764721297746,19.969535741869045,0.0303087600180486,3.300018546479141,9.83887920034028,1.1928169141187341,0.0,0.8808033737074195,0.0,0.23237368533012132,1.1830961915310556,0.019484878706422855,-63.678472126634546,0.45619583179770073,-0.3814432989690722,0.972031377919388,0.14577695748322897,0.17201578453180139,0.025907012806459375,-0.4039046653144016,0.16395210872613525,3.644751866562106,0.3896897099197393,0.36224500208812727,Specialty Industrial Machinery,Industrials,KAI
2011Q4,2011,Q4,2012-03-14,2011-12-31,11832000.0,96965000.0,9271000.0,0.97,37403000.0,0.3857371216,358398000.0,222480000.0,174291000.0,95792000.0,134768000.0,50527000.0,198706000.0,274824550.0,240124550.0,18.303578774167008,1.8194734424586605,0.034179878235927656,0.055061129090255304,0.046896275417651595,18.303578774167008,0.05318230852211435,2.8342654566080543,5.8068067528735625,1.2352775530384754,0.0,1.1788152868763235,0.0,0.2705511749507531,1.1450434274260899,0.03301357708469355,22.62302848205466,0.38573712164182955,0.3857142857142858,2.6297262059973923,0.3284942247870045,0.09991459445963992,0.03865485546083141,0.3681776133209991,-0.15155120344101766,1.2985610520568378,0.5086617280170641,0.2062135818795683,Specialty Industrial Machinery,Industrials,KAI
2011Q3,2011,Q3,2011-11-09,2011-10-26,8648000.0,84358000.0,10927000.0,0.7,36011000.0,0.4268830461,361875000.0,220360000.0,175033000.0,96954000.0,140333000.0,58540000.0,186874000.0,226569200.0,197093200.0,18.129164952694364,1.8053200486828807,0.048013816925734025,0.07884824832092939,0.0426297350488497,18.129164952694364,0.039244872027591214,2.6858057327105906,6.549757169287697,1.0281775276819751,0.0,0.8258797403484797,0.0,0.23311364421416234,1.0559027992656311,0.02389775474956822,20.805252525252524,0.42688304606557764,0.18644067796610167,0.7589531775460425,0.06846398888981763,0.08736316825627322,-0.0449530578687742,0.18400876232201532,0.03046020369671822,0.4011672646225678,0.11942813719223334,-0.0629879153996369,Specialty Industrial Machinery,Industrials,KAI
2011Q2,2011,Q2,2011-08-11,2011-07-02,7304000.0,82457000.0,10604000.0,0.59,37706000.0,0.4572807645,368701000.0,227236000.0,176175000.0,93262000.0,140304000.0,60950000.0,178226000.0,396120150.0,369708150.0,18.442983524064605,1.8890330466856813,0.047463934190577185,0.07701244521114613,0.031021480183889286,18.442983524064605,0.03214279427555493,4.803960245946372,13.558329340087624,1.7432103627946276,0.0,0.7342247744052502,0.0,0.22364192123156704,1.0548883789753598,0.019810090018741473,98.02527839643652,0.4572807645196891,0.2553191489361702,0.6343398921244372,0.023805616243287087,0.12399094532615113,0.10597483354354266,0.26126748402693833,0.2613298441774712,0.17933537643491493,-0.00757645580200098,-0.10646380506633785,Specialty Industrial Machinery,Industrials,KAI
2011Q1,2011,Q1,2011-05-11,2011-04-02,5791000.0,71680000.0,8407000.0,0.47,34093000.0,0.4756277902,349508000.0,217540000.0,174512000.0,85981000.0,130334000.0,51517000.0,170922000.0,327774240.0,290436240.0,17.733757234857748,2.0296577150765867,0.05042803025967932,0.08101958260549784,0.025779022404188466,17.733757234857748,0.026620391652109957,4.572743303571428,14.15015714039026,1.5067309000643558,0.0,0.72960382009822,0.0,0.20508829554688304,1.247066212302718,0.016569005573549102,-412.81390428211586,0.47562779017857143,0.11904761904761903,1.418272525949331,0.0497582843287394,0.1375095566116622,0.09694337194337194,0.11816953079745124,0.2249745009471077,0.30802878345495177,-0.03589039641145176,-0.10595060355710102,Specialty Industrial Machinery,Industrials,KAI
2010Q4,2010,Q4,2011-03-17,2011-01-01,5179000.0,73256000.0,6863000.0,0.42,31080000.0,0.4242655892,336772000.0,205840000.0,163607000.0,84601000.0,129471000.0,41628000.0,165131000.0,289911000.0,250856000.0,16.734959349593495,1.9338660299523647,0.0675531219935149,0.11052273610571317,0.02385201002110412,16.734959349593495,0.025160318694131364,3.957505187288413,13.994545279011392,1.4084288767975126,0.0,1.0131642163928125,0.0,0.2175240221871177,1.3306816704294275,0.015378356870523678,22.95961035875505,0.42426558916675766,0.16666666666666666,4.8445827273522,0.34062468264020673,0.14454628664287847,0.06067845198279981,0.15165665999555258,0.23324348607367476,-0.2099010278609432,-0.11082991766747001,-0.13548860942509153,Specialty Industrial Machinery,Industrials,KAI
2010Q3,2010,Q3,2010-11-10,2010-10-02,4497000.0,66516000.0,5565000.0,0.36,29302000.0,0.4405255878,321692000.0,201630000.0,147510000.0,71210000.0,118649000.0,42769000.0,159952000.0,242525760.0,215913760.0,16.344844357976655,2.0714787248981885,0.07110838939109458,0.11345037940782622,0.01887793042505352,16.344844357976655,0.022303228686207408,3.6461266462204582,13.482641761174117,1.202825769974706,0.0,0.8701162056629802,0.0,0.20676920781368513,1.3065159387726444,0.0139792099275083,46.020068311195445,0.4405255878284924,-0.14285714285714285,0.8508892939097218,0.15339489194451827,0.07113558529579889,-0.059869096509240244,-0.1385057471264368,-0.23902639135785586,-0.10620486606803321,-0.17550527093688073,-0.12243526773350492,Specialty Industrial Machinery,Industrials,KAI
2010Q2,2010,Q2,2010-08-12,2010-07-03,5220000.0,69136000.0,7313000.0,0.42,31168000.0,0.4508215691,306345000.0,193063000.0,139304000.0,64922000.0,112066000.0,40903000.0,155455000.0,208259760.00000003,184053760.00000003,15.537019153388057,2.145713317519485,0.07507875108129723,0.11913209677669984,0.025538585450236188,15.537019153388057,0.027037806311929268,3.012320064799815,9.97412643678161,1.0787139949135776,0.0,0.9282448720142776,0.0,0.22568019716332893,1.333307661501494,0.017039612201929198,25.360418899171947,0.4508215690812312,0.4482758620689656,0.7398411835993949,0.1874595624101628,0.010585740385615083,0.15973953488372092,0.44558294101356966,0.6556486302920534,0.19785466960744594,-0.1250943805425462,-0.1390783062818896,Specialty Industrial Machinery,Industrials,KAI
2010Q1,2010,Q1,2010-05-12,2010-04-03,3611000.0,61121000.0,4417000.0,0.29,26875000.0,0.4397015756,310479000.0,194188000.0,138409000.0,116291000.0,116291000.0,40270000.0,0.0,180580050.0,160062050.0,15.646442671823383,1.1901952859636602,0.07448168797245547,0.11908562836014584,0.016988425812036884,15.646442671823383,0.018595381794961584,2.954468186057165,12.502080448629188,0.9299238366943374,0.0,0.8504097342935187,0.0,0.1968603351595438,0.7657342356674205,0.011630416227828613,-165.517919340055,0.43970157556322703,3.071428571428571,0.48744186360188513,0.3515289971327684,0.014788585197317522,0.14644654892927225,3.0884904569115097,1.3358011634056055,-0.052021699454758485,-0.2182671126917436,-0.08170735563466801,Specialty Industrial Machinery,Industrials,KAI
2009Q4,2009,Q4,2010-03-16,2010-01-02,-1729000.0,56760000.0,1891000.0,-0.14,23442000.0,0.4130021142,307656000.0,192708000.0,131271000.0,64354000.0,113625000.0,37435000.0,146624000.0,196308000.0,173883000.0,15.667317073170732,2.03982658420611,0.07557141742725641,0.12064885733856405,0.02391737513410066,15.667317073170732,-0.008972123627457085,3.4585623678646935,-28.384615384615387,1.0186811133943583,0.0,0.8900227060237745,0.0,0.1844917700288634,1.328293501569444,-0.005619913149751671,17.960475754803294,0.41300211416490484,-10.965811965811968,-7.6840469738030714,0.9932695660082765,0.025014978358725553,0.06845943482224248,-13.529411764705882,0.3772760378732702,-1.5241559873225852,-0.2315123235081005,-0.0585059393341816,Specialty Industrial Machinery,Industrials,KAI
2009Q3,2009,Q3,2009-11-12,2009-10-03,-119000.0,53716000.0,1373000.0,-0.0117,21940000.0,0.4084444113,308245000.0,194236000.0,126589000.0,62814000.0,112655000.0,39000000.0,148345000.0,150675600.0,139959600.0,15.830154849225753,2.0152991371350337,0.07583253580755568,0.12034329372515909,-0.002331389117795798,15.830154849225753,-0.0006126567680553554,2.8050413284682403,-316.5453781512605,0.7757346732840462,0.0,0.8147692307692308,0.0,0.17426397832892668,1.1552042538287643,-0.00038605654592937437,11.734859813084112,0.40844441134857395,0.8819374369323915,0.728346178910388,0.1485060985641634,0.04428589653157925,0.05561970746728252,0.9021381578947368,15.606382978723405,-1.0239770616427897,-0.3260189585833692,-0.05052839577791474,Specialty Industrial Machinery,Industrials,KAI
2009Q2,2009,Q2,2009-08-12,2009-07-04,-1216000.0,50132000.0,-94000.0,-0.0991,20784000.0,0.4145854943,306803000.0,191078000.0,125089000.0,61213000.0,114178000.0,42066000.0,148464000.0,132707300.0,135005300.0,15.579127598858541,2.043503830885596,0.09570962474291321,0.15367546237662105,-0.0003212651045668111,15.579127598858541,-0.006363893279184417,2.6471575041889412,-27.283573190789475,0.694518992244005,0.0,0.6976655731469595,0.0,0.16340127052212658,1.023034322774574,-0.003963455376903094,33.690606752982994,0.41458549429506103,0.5691304347826087,-1.3766038063823227,0.0057578209496049705,0.020680669630675736,-0.1564935064935065,0.5751222921034241,-1.0802047781569966,-1.273333962191412,-0.374707220635461,-0.050544163077006335,Specialty Industrial Machinery,Industrials,KAI
2009Q1,2009,Q1,2009-05-13,2009-04-04,-2862000.0,64957000.0,1172000.0,-0.23,24640000.0,0.379327863,330547000.0,183329000.0,153082000.0,63034000.0,145585000.0,45686000.0,149657000.0,143443820.0,150699820.0,14.659283543898928,2.428562363169083,0.163879871848784,0.29547971133863166,0.035485618865657854,14.659283543898928,-0.01561127808475473,2.2082888680203827,-12.53003319357093,0.7824393303841728,0.0,0.882480409753535,0.0,0.19651365766441686,1.3113240473395311,-0.008658375359631158,11.37269642432411,0.3793278630478624,0.9294478527607362,-2.193074362429201,0.42807467494768114,-0.04970472283783344,-0.14778819216269498,0.9308812519622286,-0.8296511627906977,-2.1723067005543863,-0.06688061019620639,-0.0596986919676379,Specialty Industrial Machinery,Industrials,KAI
2008Q4,2008,Q4,2009-03-10,2009-01-03,-41407000.0,67154000.0,6880000.0,-3.26,28913000.0,0.4305476963,356917000.0,192715000.0,177007000.0,78990000.0,162524000.0,55762000.0,152548000.0,172466000.0,187738000.0,15.174409448818897,2.2408785922268644,0.15524897945460708,0.2875282152401214,0.028633024090776088,15.174409448818897,-0.21486132371636874,2.5682163385650894,-1.041285289926824,0.8949277430402408,0.0,0.6857896058247552,0.0,0.1881501861777388,1.320255728573237,-0.11601296660007789,162.55042412818096,0.43054769633975637,-7.52,-21.25178466127857,0.47704505318474355,0.010394758301204418,-0.15624361630723438,-7.037766112569262,-0.10811511537464351,-46.25668675579775,0.19024752398626604,0.037816323531503195,Specialty Industrial Machinery,Industrials,KAI
2008Q3,2008,Q3,2008-11-05,2008-09-27,6858000.0,83734000.0,7714000.0,0.5,34267000.0,0.4092363914,434384000.0,261312000.0,205649000.0,85918000.0,171328000.0,56750000.0,193965000.0,328736040.0,330004040.0,19.347845402043536,2.3935496636327662,0.14061291391948139,0.23374357090374726,0.018767170801201858,19.347845402043536,0.02624448934606907,3.925956481238207,11.98367016622922,1.258021216017634,0.0,0.8716651982378855,0.0,0.19276492688496813,1.5847668707372145,0.01578787432317949,64.03117257499026,0.40923639143000456,0.0,1.599316396784806,0.841048450019638,0.33595625922206757,-0.11140212120426315,-0.004355400696864111,-0.23940051271938473,1.578117173807978,0.32617657508965264,0.26793288789052744,Specialty Industrial Machinery,Industrials,KAI
2008Q2,2008,Q2,2008-08-06,2008-06-28,6888000.0,92406000.0,10142000.0,0.5,38563000.0,0.4173213861,443968000.0,282836000.0,208475000.0,89187000.0,159304000.0,58045000.0,187107000.0,305439870.0,294512870.0,20.640443698460192,2.337504344803615,0.09676598313391956,0.1518936769011017,0.02187450025467603,20.640443698460192,0.024353335501845593,3.305411661580417,11.085941855400696,1.079918645434103,0.0,0.9276078904298389,0.0,0.20813662245927633,1.5315348649466851,0.0155146316851665,100.2099311023622,0.41732138605718244,0.38888888888888895,0.7579656229544491,0.6441661469879247,0.41979645945782074,0.13220786846741045,0.34715431253667123,0.5343419062027231,1.0818428044888384,0.4392307950036563,0.34253152879375987,Specialty Industrial Machinery,Industrials,KAI
2008Q1,2008,Q1,2008-05-07,2008-03-29,5113000.0,85864000.0,6610000.0,0.36,34060000.0,0.3966738097,439935000.0,281007000.0,205002000.0,86693000.0,157240000.0,53581000.0,180219000.0,427276720.0,411711720.0,19.835321521846545,2.3646891905920895,0.09765533544728199,0.15288587117046906,0.014180513940596521,19.835321521846545,0.018195276274256513,4.976203298239076,20.891683942890673,1.5205198447013775,0.0,0.9668352587671003,0.0,0.1951742871105959,1.5837264831070559,0.011622171457147078,90.50555390807033,0.39667380974564426,-0.3207547169811321,0.6357198233850846,0.6013609448777247,0.4295973915637212,-0.07324771441010013,-0.3337242637477196,-0.3479333136036303,0.8450884337834187,0.6633165734639372,0.28646864250727694,Specialty Industrial Machinery,Industrials,KAI
2007Q4,2007,Q4,2008-03-11,2007-12-29,7674000.0,96453000.0,10137000.0,0.53,36752000.0,0.3810353229,437069000.0,278751000.0,207253000.0,99766000.0,156856000.0,47470000.0,175106000.0,449568000.0,428715000.0,19.357708333333335,2.077391095162681,0.09312030823508416,0.14600844481275405,0.024050105796572272,19.357708333333335,0.02752994608091092,4.661005878510777,14.645817044566066,1.6127942141911598,0.0,1.257657467874447,0.0,0.22068140270758163,1.4778982819798328,0.01755786843724904,18.97391744745505,0.381035322903383,0.325,2.172670405522002,1.0150445805720265,0.47379894293737623,0.040013583111664495,0.3274519979242346,0.023525848142164782,33.92240740740741,1.893223663766315,0.2664542943567684,Specialty Industrial Machinery,Industrials,KAI
2007Q3,2007,Q3,2007-11-07,2007-09-29,5781000.0,92695000.0,9904000.0,0.4,35338000.0,0.381228761,422207000.0,263994000.0,194670000.0,100917000.0,156873000.0,46595000.0,167432000.0,396872000.0,404077000.0,18.625229293071822,1.9290109694105058,0.11281906742427293,0.18043213103328107,0.02382027285404474,18.625229293071822,0.021898224959658173,4.281482280597659,17.16277460646947,1.503337197057509,0.0,1.2309689880888508,0.0,0.21954870478225136,1.3447585639684096,0.013692335749999408,116.31652989449003,0.3812287609903447,0.142857142857143,1.0411053261774905,0.7689192344528754,0.19678024006775152,0.03499985355709809,0.17643467643467645,0.035658266234445256,12.424151675723396,0.7156870908668976,0.22867176320596982,Specialty Industrial Machinery,Industrials,KAI
2007Q2,2007,Q2,2007-08-08,2007-06-30,4914000.0,89107000.0,9563000.0,0.35,34143000.0,0.3831685502,406028000.0,252874000.0,180356000.0,93042000.0,151972000.0,45892000.0,161651000.0,437174400.0,447119400.0,18.046959748786755,1.9384364050643794,0.12365895948062695,0.19855342977134857,0.02177362324840198,18.046959748786755,0.01943260279823153,4.906173476831225,22.24126984126984,1.7288230502147315,0.0,1.1976815131177547,0.0,0.21946023426955777,1.3161905376066723,0.012102613612854286,-123.81036533559897,0.38316855017002033,0.16666666666666663,0.7123596464477514,0.7065910909430748,0.08802253928919122,0.04903677758318739,0.14305652477320308,0.29509750812567714,0.33215177037292337,0.5647956626683502,0.18236293042102916,Specialty Industrial Machinery,Industrials,KAI
2007Q1,2007,Q1,2007-05-10,2007-03-31,4299000.0,88241000.0,7384000.0,0.3,32547000.0,0.3688421482,391989000.0,238660000.0,167233000.0,89701000.0,152248000.0,42949000.0,156737000.0,355217520.0,366134520.0,17.03862354537017,1.8643381902096967,0.13303944753551758,0.21851169027067796,0.017365948109095298,17.03862354537017,0.018013072990865665,4.025538241860359,20.65698534542917,1.4883831391938322,0.0,1.296747304943072,0.0,0.2251109087244795,1.2359059542257054,0.010967144486197317,61.73401459854015,0.36884214820774924,0.111111111111111,3.708268947203193,0.7790261026781091,0.14879253424735597,-0.01780487068835441,0.12099087353324642,-0.07723069232691827,0.6000686816206475,0.7320829048011447,0.10453716486357377,Specialty Industrial Machinery,Industrials,KAI
