Quarters,Year,Quarter,FillingDate,Date,NetIncome,Revenue,OperatingIncome,EPSDiluted,GrossProfit,GrossProfitRatio,TotalAssets,CommonStockEquity,CurrentAssets,CurrentLiability,TotalLiability,Inventory,RetainedEarnings,MarketCap,EnterpriseValue,bookValuePerShare,currentRatio,debtToAssets,debtToEquity,roic,shareholdersEquityPerShare,roe,priceToSalesRatio,peRatio,pbRatio,payoutRatio,inventoryTurnover,dividendYield,assetTurnover,quickRatio,returnOnAssets,priceToFreeCashFlowsRatio,grossProfitMargin,epsdilutedGrowth,fiveYNetIncomeGrowthPerShare,fiveYRevenueGrowthPerShare,fiveYShareholdersEquityGrowthPerShare,grossProfitGrowth,netIncomeGrowth,operatingIncomeGrowth,threeYNetIncomeGrowthPerShare,threeYRevenueGrowthPerShare,threeYShareholdersEquityGrowthPerShare,Industry,Sector,Symbol
2023Q1,2023,Q1,2023-02-15,2023-03-31,8568000.0,66845000.0,9073000.0,0.0724,26010000.0,0.3891091331,1240345000.0,771057000.0,136064000.0,64868000.0,469288000.0,0.0,0.0,436924697.13,738621697.13,6.511878016255638,2.09755195165567,0.3354502174798141,0.5396150997915848,0.0033909935118532834,6.511878016255638,0.011112018955797042,6.536385625402049,12.74873649422269,0.5666568063450562,0.3204948646125117,0.0,0.006284835849375142,0.05389226384594609,1.3846426589381513,0.006907755503509104,13361.611533027522,0.3891091330690403,-0.7414285714285714,41.47108928334368,0.3177400088747968,0.46984998403443184,-0.4706636546797729,-0.7543084908095088,-0.7717426853505749,1.7508957023223901,0.27699050301971606,0.5343662709231337,Marine Shipping,Industrials,SB
2022Q4,2022,Q4,2022-12-31,2022-12-31,34873000.0,86657000.0,39749000.0,0.28,49137000.0,0.5670286301,1245918000.0,771916000.0,157701000.0,91317000.0,474002000.0,17323000.0,392789000.0,346104240.15000004,711280240.1500001,6.4901705885674055,1.726962120963238,0.3325756590722664,0.5367967499054301,0.034459513911385235,6.4901705885674055,0.045177195446136624,3.9939559429705627,2.481176269248416,0.4483703410086071,0.0,2.16590659816429,0.0,0.06955273139965873,1.3199732798931196,0.027989803502317168,-2.1406479394737823,0.5670286301164361,-0.3170731707317072,1.3241411850956812,0.7456188853790969,0.4439765147823249,-0.17415418746533556,-0.31604134387196736,-0.2650778389971527,10.278964870531091,0.40434646482511866,0.40900201494855243,Marine Shipping,Industrials,SB
2022Q3,2022,Q3,2022-09-30,2022-09-30,50987000.0,93714000.0,54086000.0,0.41,59499000.0,0.6348998015,1250154000.0,746964000.0,161900000.0,78464000.0,503190000.0,0.0,0.0,297466788.06,641876788.06,6.202376715843173,2.063366639477977,0.36443350179257916,0.6099330088197021,0.045839570885624195,6.202376715843173,0.06825897901371418,3.174197964658429,1.4585423150018635,0.3982344370813051,,0.0,,0.07496196468595069,1.4170575040783033,0.040784575340318076,0.0,0.6348998015237851,0.024999999999999883,5.385504658348611,1.1169622315469347,0.15357461903153144,-0.002497988197424893,0.01307397325597568,-0.007377771252385847,7.172006200580975,0.5540210641546608,0.39573443408281095,Marine Shipping,Industrials,SB
2022Q2,2022,Q2,2022-06-30,2022-06-30,50329000.0,91601000.0,54488000.0,0.4,59648000.0,0.6511719304,1197949000.0,707418000.0,151959000.0,76236000.0,490531000.0,0.0,0.0,464611136.64,928549136.64,5.816340907243218,1.9932708956398553,0.3709206318465978,0.6281208564102129,0.04591995685365493,5.816340907243218,0.0711446414990854,5.072118608312136,2.3078698992628506,0.6567703064383433,0.0,0.0,0.0,0.07646485785288021,1.6935437326197598,0.04201263993709248,11974.513830927835,0.6511719304374406,0.25000000000000006,7.085071735755519,1.180538623279232,0.08772040320715452,0.4291738547057696,0.2809294749433713,0.500013764624914,22.048790263227875,0.6755962559449983,0.3156691109484007,Marine Shipping,Industrials,SB
2022Q1,2022,Q1,2022-05-26,2022-03-31,39291000.0,77746000.0,36325000.0,0.32,41736000.0,0.5368250457,1173290000.0,706806000.0,179035000.0,73271000.0,466484000.0,0.0,0.0,579064924.1999999,1022177924.1999999,5.810050685850193,2.4434633074476944,0.35995619156389297,0.5975232241944749,0.03413090967337089,5.810050685850193,0.05558951112469334,7.44816356082628,3.6844628808124,0.8192699612057622,0.0,0.0,0.0,0.06626324267657613,2.129928621146156,0.03348788449573422,9.539784583196045,0.5368250456615131,-0.39622641509433965,4.574472636551652,0.9038888205538961,0.008997911347388463,-0.3737000855354972,-0.39326415269155934,-0.4467038323280327,5.053338213831671,0.34427099061025856,0.3142523550893159,Marine Shipping,Industrials,SB
2021Q4,2021,Q4,2022-03-30,2021-12-31,64758000.0,92441000.0,65652000.0,0.53,66639000.0,0.7208814271,1094320000.0,679240000.0,124116000.0,88692000.0,415080000.0,8653000.0,253861000.0,458601540.67,735250540.6700001,5.5837902250804925,1.399404681369233,0.34510289494846114,0.5559934632824922,0.060437188604571916,5.5837902250804925,0.09533890819150816,4.961018819246871,1.770443577125606,0.6751686306312938,0.04240402730164613,2.981856003698139,0.005987768806856154,0.0844734629724395,1.249616650881703,0.05917647488851524,11.760823220751911,0.720881427072403,-0.018518518518518535,5.710705801011956,1.0936789393070248,-0.1567923145129026,-0.008982347604955162,0.16936022680077287,0.11212372740670472,4.699237481049959,0.47583220780480723,0.22384714499760625,Marine Shipping,Industrials,SB
2021Q3,2021,Q3,2021-11-03,2021-09-30,55379000.0,92494000.0,59033000.0,0.54,67243000.0,0.726998508,1063808000.0,616789000.0,139817000.0,66219000.0,447019000.0,7213000.0,191402000.0,534388653.92,845593653.9200001,5.967190932308558,2.11143327443785,0.38137051046805437,0.6577695127507138,0.05392491584834089,5.967190932308558,0.08978597218821996,5.777549396933855,2.4124155994149405,0.8664043196619914,0.049603640369092976,3.500762512130875,0.00514045345059148,0.08694614065696066,1.5389842794364155,0.052057326134039225,27.347047434624635,0.7269985080113305,1.0,2.56583058684407,1.8824449047194907,-0.0866984135482711,0.03225261735900034,0.7068051531775874,0.5080597777493933,5.735057927813601,0.8140406187038752,0.3276626204974444,Marine Shipping,Industrials,SB
2021Q2,2021,Q2,2021-07-29,2021-06-30,32446000.0,81578000.0,39145000.0,0.27,65142000.0,0.7985241119,1077459000.0,554290000.0,171514000.0,67761000.0,523169000.0,9596000.0,138770000.0,439882475.78,800444475.78,5.052947144708825,2.5311609923112113,0.4401030572857065,0.8554962203900486,0.03496756759185824,5.052947144708825,0.05853614533908243,5.39217038637868,3.389342875701165,0.7935962687041079,0.0,1.7127969987494789,0.0,0.07571332180621258,1.7789141246439693,0.030113442831699398,5.123002086783549,0.7985241118929123,0.5000000000000001,2.7572748668666045,1.4760122311777917,-0.26341921382691935,0.4534785130974162,0.5220001876348626,0.4190168926266947,9.780013464073155,0.6061524247563284,0.13718715265133646,Marine Shipping,Industrials,SB
2021Q1,2021,Q1,2021-05-05,2021-03-31,21318000.0,62518000.0,27586000.0,0.18,44818000.0,0.7168815381,1113163000.0,457702000.0,149165000.0,121007000.0,637349000.0,0.0,0.0,253240271.20000002,850694271.2,4.428086791592411,1.232697281975423,0.5367174438963566,1.305334038304399,0.023671616291307512,4.428086791592411,0.04657615653853381,4.050677744009725,2.969793967539169,0.5532863548771909,0.0,0.0,0.0,0.05616248473943169,0.0,0.01915083415456676,6526.811113402062,0.7168815381170223,5.382978723404255,1.667856689874547,1.0457276643389828,-0.3956466938025013,5.141378673073369,6.409801876955162,1.2335033600518177,120.0525498736305,0.4118203018373568,-0.0004998122388548922,Marine Shipping,Industrials,SB
2020Q4,2020,Q4,2021-02-16,2020-12-31,2877000.0,52229000.0,12351000.0,0.0282,-10822000.0,-0.2072028949,1105629000.0,444747000.0,134734000.0,104715000.0,642770000.0,12036000.0,90306000.0,132841971.60000001,650470971.6,4.352322485403401,1.2866733514778208,0.549612030798758,1.366320627233011,0.0044344778949969715,4.352322485403401,0.0064688463328589066,2.5434523272511442,11.543445568300312,0.2986911021322235,0.954118873826903,5.2385343968095714,0.020663649951428453,0.047239173357428214,1.0247529007305545,0.002602138692092917,7.305431786185658,-0.20720289494342223,2.4387755102040813,1.069125321330494,0.4253404138504758,-0.42688671924303434,-1.327701065891473,2.434912718204489,0.4316680190100846,1.0311248121010812,0.22455829096094226,-0.03166621463662038,Marine Shipping,Industrials,SB
2020Q3,2020,Q3,2020-11-12,2020-09-30,-2005000.0,51933000.0,8627000.0,-0.0196,33024000.0,0.6358962509,1092904000.0,423185000.0,111773000.0,89156000.0,652511000.0,0.0,0.0,105225117.24000001,714078117.24,4.142362217623698,1.2536789447709633,0.5570965061890157,1.4387395583491853,-0.0050619669557668825,4.142362217623698,-0.0047378805959568514,2.026170589798394,-13.12033880798005,0.24865039460283328,-1.4344139650872818,0.0,0.027331877363846024,0.04751835476857986,0.0,-0.00183456186453705,13.660277455536805,0.6358962509387095,0.86,0.8555460130751786,0.26765676270608546,-0.4824472843418242,6.495756365451823,0.8654633295309669,2.2340151623515947,-1.2960121114910115,0.38296561719195304,-0.2295656752225735,Marine Shipping,Industrials,SB
2020Q2,2020,Q2,2020-08-04,2020-06-30,-14903000.0,48281000.0,-6991000.0,-0.14,-6009000.0,-0.1244588969,1113589000.0,440287000.0,121283000.0,89271000.0,656094000.0,11733000.0,85906000.0,126158792.11999999,687471792.12,4.257730523363543,1.3585934962081752,0.5616506628567631,1.4205461437653166,-0.007042762134942556,4.257730523363543,-0.033848376172814554,2.613011166297301,-2.1163321499027044,0.2865376268661123,0.0,4.627120088638882,0.0,0.043356211313150546,1.1663698177459645,-0.013382854895297997,6.196586938711357,-0.12445889687454692,-0.4522821576763487,-0.5737301162885279,0.22392033789520785,-0.4774050294936503,-1.3096624581293481,-0.49553437029603614,-0.9923055001424907,-1.1192864603047574,0.351787376292409,-0.2037570638521134,Marine Shipping,Industrials,SB
2020Q1,2020,Q1,2020-04-09,2020-03-31,-9965000.0,45715000.0,-3509000.0,-0.0964,19405000.0,0.4244777425,1105422000.0,438869000.0,128439000.0,98791000.0,649353000.0,0.0,0.0,123056526.74,635691526.74,4.244017963414851,1.3001083094613881,0.5475275505643998,1.3791108508461523,-0.0033661359925019176,4.244017963414851,-0.022706092250762755,2.6918194627583945,-3.0872184330155545,0.28039466615322567,0.0,0.0,0.0,0.04135524713638773,0.9374740614023545,-0.0090146568459828,47329.43336153846,0.4244777425352729,-4.707692307692308,0.20861688415877233,0.15108632477585066,-0.4857991161396296,3.6524056861673047,-4.735007496251874,-1.330601092896175,-0.0664949722224466,0.31699725160829156,-0.262965937416816,Marine Shipping,Industrials,SB
2019Q4,2019,Q4,2020-02-27,2019-12-31,2668000.0,53247000.0,10614000.0,0.026,-7316000.0,-0.1373974121,1114643000.0,472742000.0,135989000.0,86784000.0,624701000.0,9265000.0,115620000.0,174473153.9,696584153.9,4.606218103104973,1.5669823930678466,0.5392300494418393,1.2714101983745891,0.007420406983507883,4.606218103104973,0.005643670331808894,3.2766757545026013,16.348683836206895,0.3690663277220979,0.0,6.536751214247166,0.0,0.04777045206402409,1.411008941740413,0.0023935914907284215,9.4904892243255,-0.13739741206077338,0.29999999999999993,1.554993827136306,0.10857290677935247,-0.4509236616381842,-1.2122794800371401,-0.49151896321707644,-0.125484057015737,1.230034432887998,0.42940422837278064,-0.3044153972471409,Marine Shipping,Industrials,SB
2019Q3,2019,Q3,2019-10-25,2019-09-30,5247000.0,50714000.0,12137000.0,0.02,34464000.0,0.6795756596,1068839000.0,450067000.0,103360000.0,76682000.0,601774000.0,0.0,0.0,177239237.0,664692237.0,4.443808624610588,1.3479043321770428,0.5274639117771713,1.2526446062475143,0.011387227764351988,4.443808624610588,0.011658264213994806,3.494877883819064,8.444789260529827,0.3938063377230501,0.0,0.0,0.0,0.04744774470242946,0.9952922458986464,0.004909064882550131,11.14712182389937,0.6795756595811807,3.0,17.756607308514692,0.14429869259415015,-0.47596444034444263,0.1124955615094096,1.886138613861386,0.4010158143830082,1.1514103591936775,0.6129473166082017,-0.3198579511223084,Marine Shipping,Industrials,SB
2019Q2,2019,Q2,2019-07-15,2019-06-30,1818000.0,45515000.0,8663000.0,-0.01,30979000.0,0.6806327584,1067473000.0,447665000.0,104489000.0,62306000.0,602810000.0,0.0,0.0,168096261.28,657011261.28,4.420823487336041,1.6770294995666548,0.5325240076329799,1.2698223001574838,0.009153965036309953,4.420823487336041,0.004061072453732144,3.6932057844666595,23.115547480748074,0.3754956525080138,0.0,0.0,0.0,0.04263808077581353,1.2766025743909093,0.0017030875722383611,11.837764878873239,0.6806327584312863,-1.3333333333333335,1.951174872191406,0.00882438643629469,-0.48269133546789855,-0.0621518527488496,-0.6645137479239712,-0.3145276151289761,1.1066632309112379,0.4964995858272794,-0.35556546574127196,Marine Shipping,Industrials,SB
2019Q1,2019,Q1,2019-05-28,2019-03-31,5419000.0,48285000.0,12638000.0,0.03,33032000.0,0.6841047944,1059006000.0,448996000.0,94184000.0,57450000.0,593012000.0,0.0,0.0,153362176.05,644309176.05,4.420802948042155,1.63940818102698,0.5320706398264032,1.2549465919518215,0.012044786594318586,4.420802948042155,0.012069149836524157,3.176186725691209,7.075206497970106,0.3415669093934022,0.0,0.0,0.0,0.04559464252327182,1.2622976501305483,0.005117062603989024,15.649201637755104,0.684104794449622,-0.5714285714285715,-0.46322286488451714,-0.04049081503847974,-0.368134405186825,25.48628613787991,-0.43179196812414805,-0.25474702205448757,1.1727751761979432,0.6079789107954507,-0.39664080596393864,Marine Shipping,Industrials,SB
2018Q4,2018,Q4,2019-02-19,2018-12-31,9537000.0,52573000.0,16958000.0,0.07,-1349000.0,-0.0256595591,1076199000.0,465834000.0,101262000.0,54606000.0,593367000.0,4139000.0,111279000.0,181739475.62,704553475.62,4.562489889283857,1.8544116031205362,0.5340025404223568,1.2336862487495546,0.015031236743851541,4.562489889283857,0.020472958178235166,3.4568975637684742,4.764063007759253,0.39013785086532976,0.0,13.027784489007006,0.0,0.048850630784826966,1.7212394242390947,0.008861743971142883,6.819748419077639,-0.025659559089266353,0.4000000000000001,-0.7593400213581458,-0.3045716450642779,-0.36954101380619586,-1.0371410478786378,0.1804678796880802,0.09096757591353577,1.229335758397979,0.435926930262221,-0.3992119017748756,Marine Shipping,Industrials,SB
2018Q3,2018,Q3,2018-11-08,2018-09-30,8079000.0,50098000.0,15544000.0,0.05,36321000.0,0.724999002,1039127000.0,456460000.0,59378000.0,78958000.0,582667000.0,0.0,0.0,308740855.68,818821855.6800001,4.494508499510809,0.7520200612984118,0.5312295802149304,1.2093392630241424,0.014066442549841879,4.494508499510809,0.0176992507558165,6.162738146832209,9.553807887114743,0.676380965867765,0.0,0.0,0.0,0.048211623795743924,0.5310924795460878,0.007774795573592064,19.665022654777072,0.724999001956166,2.4836795252225516,-0.1792805103223069,-0.05872185137272638,-0.28892839715021307,0.08641421392677674,3.3615901783104354,0.3343634646750794,1.5855101630226938,0.2300997456422604,-0.43844961950116823,Marine Shipping,Industrials,SB
2018Q2,2018,Q2,2018-07-26,2018-06-30,-3421000.0,47019000.0,11649000.0,-0.0337,33432000.0,0.7110317106,1044653000.0,451224000.0,81440000.0,87816000.0,593429000.0,0.0,0.0,345269564.8,840118564.8,4.4433733998207305,0.9273936412498861,0.5360124366655722,1.2409512791872772,-0.009579720239324156,4.4433733998207305,-0.007581600269489211,7.343192428592697,-25.23162560654779,0.7651843979930145,0.0,0.0,0.0,0.04500920401319864,0.7412999908900428,-0.0032747716227302273,15.011720208695653,0.7110317105850826,-20.823529411764707,-1.1051177697639871,-0.1433150837139787,-0.3157236376298825,0.09995393827729157,-20.77456647398844,-0.007328504473796336,0.6321354485106067,0.2137481876955595,-0.4546191737391587,Marine Shipping,Industrials,SB
2018Q1,2018,Q1,2018-05-31,2018-03-31,173000.0,43501000.0,11735000.0,0.0017,30394000.0,0.6986965817,1022997000.0,449856000.0,78269000.0,59122000.0,573141000.0,0.0,0.0,314776256.8,815576256.8,4.430301110309156,1.323855755894591,0.5494297637236473,1.2494331519419548,0.0003369564375714001,4.430301110309156,0.00038456750604637927,7.236069442081791,454.87898381502896,0.699726705434628,0.0,0.0,0.0,0.042523096353166236,1.0362470823043874,0.00016911095535959537,15.660510288557214,0.6986965816877773,1.0018888888888888,-0.9918705310355774,-0.25729442431570493,-0.22467572663214522,6.19289253374338,1.0018836697807103,1.1443810133123355,1.013991781011577,0.11549038125493595,-0.46322924023263184,Marine Shipping,Industrials,SB
2017Q4,2017,Q4,2018-02-16,2017-12-31,-91842000.0,42378000.0,-81278000.0,-0.9,-5853000.0,-0.1381141158,1035097000.0,456348000.0,79086000.0,36933000.0,578749000.0,4227000.0,95105000.0,334038148.08,855243148.0799999,4.494651070932258,2.1413370156770366,0.5481650511981003,1.243358138964124,-0.08423689108386334,4.494651070932258,-0.20125430592442609,7.88234810703667,-0.9092739380675509,0.7319811812038182,0.0,11.410220014194465,0.0,0.04094109054513732,1.9335282809411638,-0.08872791632088586,22.72213781919597,-0.13811411581480956,-23.5,-3.152175818943558,-0.3089561990920804,-0.19083746327527304,-1.2495735971345727,-14.644629326994503,-14.984514796971782,-18.31181894637739,-0.10815559130571965,-0.4642228185899568,Marine Shipping,Industrials,SB
2017Q3,2017,Q3,2017-11-01,2017-09-30,6731000.0,37317000.0,5812000.0,0.04,23452000.0,0.6284535198,1126589000.0,545845000.0,83695000.0,36640000.0,580744000.0,0.0,0.0,278168181.16,779357181.1600001,5.376658443690706,2.2842521834061134,0.5050750539904082,1.0424424516117212,0.005924999051588777,5.376658443690706,0.012331339482820215,7.454194634080983,10.33160678799584,0.5096102028231457,0.0,0.0,0.0,0.03312388102493456,1.8510644104803493,0.005974672218528674,31.61002058636364,0.628453519843503,1.5882352941176472,-0.6808621050953554,-0.3984815176089375,0.03706894641148752,0.1080557524214505,1.9764978964166546,0.570386382058903,22.4446791839466,-0.15999244319228534,-0.36595824558868334,Marine Shipping,Industrials,SB
2017Q2,2017,Q2,2017-07-27,2017-06-30,-6893000.0,35010000.0,3701000.0,-0.068,21165000.0,0.6045415596,1155493000.0,542019000.0,102458000.0,67593000.0,613474000.0,0.0,0.0,232122593.62,741892593.62,5.347275724619744,1.515807849925288,0.518676443734406,1.1057306109195435,0.014004807879148028,5.347275724619744,-0.012717266368891127,6.63017976635247,-8.418779690265486,0.42825545528846776,0.0,0.0,0.0,0.03029875559609621,1.3249448907431243,-0.005965419089514173,14.153816684146342,0.604541559554413,0.2477876106194689,-1.3052629953685673,-0.4368712513647769,0.0559720030221627,0.1003379256563556,0.231635269200758,0.5026390580592773,-2.6028219690445926,-0.22478678122354862,-0.3742812686568371,Marine Shipping,Industrials,SB
2017Q1,2017,Q1,2017-04-10,2017-03-31,-8971000.0,33327000.0,2463000.0,-0.0904,19235000.0,0.5771596603,1186126000.0,571702000.0,119150000.0,24562000.0,614424000.0,0.0,0.0,218425198.20000002,716622198.2,5.7582385657187425,4.850989333116196,0.5066721410710161,1.0512067475712872,0.005790400081992141,5.7582385657187425,-0.01569174150169144,6.554001206229184,-6.0869802195964775,0.38206128052726773,0.0,0.0,0.0,0.028097352220590392,4.184512661835355,-0.007563277425838402,21.41423511764706,0.5771596603354637,0.17818181818181825,-1.3004463634759356,-0.4526127160037207,0.09448092259930074,2.2997499831069668,0.09136027549883521,3.1118530884808013,-1.9090273936018383,-0.3225232751812614,-0.17697466293642583,Marine Shipping,Industrials,SB
2016Q4,2016,Q4,2017-03-07,2016-12-31,-9873000.0,31710000.0,599000.0,-0.11,-14799000.0,-0.4666982025,1173753000.0,578536000.0,111008000.0,23779000.0,595217000.0,5174000.0,194246000.0,100469372.8,600809372.8,6.622081749474204,4.668320787249254,0.4958095953748361,1.0059149300994235,0.0010989956264262062,6.622081749474204,-0.017065489442316468,3.168381356039104,-2.5440436746682873,0.17366140188337456,-0.35460346399270737,8.988983378430614,0.03484644028752213,0.02701590539065715,4.315572564027082,-0.008411480098453423,16.39513263707572,-0.4666982024597919,0.6764705882352942,-1.34012787950333,-0.4004255897276718,0.414735460916819,-2.118509560879752,0.6697220084969725,1.0312908112626025,-1.2911619677394617,-0.5097932423322972,-0.08494023053685855,Marine Shipping,Industrials,SB
2016Q3,2016,Q3,2016-10-04,2016-09-30,-29893000.0,27122000.0,-19143000.0,-0.34,13231000.0,0.4878327557,1167533000.0,570810000.0,91992000.0,21490000.0,596723000.0,3895000.0,202384000.0,123184187.52,648526187.52,6.53364783421839,4.280688692415077,0.5005220409187577,1.0237662269406633,-0.020204241168135413,6.53364783421839,-0.052369439918712006,4.541854860261043,-1.0302093092028233,0.21580593808798024,-0.11745224634529823,3.566367137355584,0.028502034804020276,0.02323017850459045,3.5413215449046067,-0.02560355895722005,-11.11570001082837,0.48783275569648255,-1.0,-2.9720180050395424,-0.48255689688133396,0.4524091834501689,0.033671875,-1.0328459707582456,-4.719450253958769,-4.53013496600915,-0.40761511440773673,0.033681755956046555,Marine Shipping,Industrials,SB
2016Q2,2016,Q2,2016-07-05,2016-06-30,-14705000.0,26240000.0,-3347000.0,-0.17,12800000.0,0.487804878,1217506000.0,599322000.0,134373000.0,40911000.0,618184000.0,5263000.0,230413000.0,91732905.60000001,616380905.6,6.860004007111708,3.2845200557307326,0.49906940910352804,1.0138456455795049,-0.004517924942401575,6.860004007111708,-0.02453605908009384,3.495918658536586,-1.5595529683781026,0.15306113508264338,0.0,2.553676610298309,0.0,0.021552255183958025,2.929921048128865,-0.012077969225613673,120.5425829172142,0.4878048780487805,0.4516129032258064,-1.991410532706223,-0.4886766407796867,0.5529281220486308,0.41545947141435363,0.43001666731268656,0.6574557363627059,-1.5252083502945872,-0.4442811961027978,0.056435767477974234,Marine Shipping,Industrials,SB
2016Q1,2016,Q1,2016-04-14,2016-03-31,-25799000.0,24700000.0,-9771000.0,-0.31,9043000.0,0.3661133603,1233882000.0,612113000.0,143324000.0,37566000.0,621769000.0,0.0,0.0,66833832.800000004,548368832.8,7.326983647120714,3.8152584784113293,0.49514864468401354,0.9981081924415917,-0.011588771844451074,7.326983647120714,-0.042147446631586,2.705823190283401,-0.6476397612310556,0.10918544909191605,0.0,0.0,0.0,0.020018121668036327,3.445136559655007,-0.02090880651472345,-37.129907111111116,0.36611336032388664,0.2439024390243902,-1.7450248099916372,-0.5392330002607001,0.8453123252359542,1.435786227169775,0.24145129516920996,0.6211762881401931,-2.473509155754268,-0.4874357773434603,0.28225782644051584,Marine Shipping,Industrials,SB
2015Q4,2015,Q4,2016-03-04,2015-12-31,-34011000.0,29944000.0,-25793000.0,-0.41,-20751000.0,-0.692993588,1309631000.0,634146000.0,243162000.0,105726000.0,675485000.0,5167000.0,264261000.0,67638455.46000001,583761455.46,7.594174889220629,2.2999262243913514,0.4939299695868531,1.0200584723391775,-0.022901705428428978,7.594174889220629,-0.053632759648409044,2.258831667779856,-0.49718073167504634,0.10666069873499164,-0.1044367998588692,9.811302496613122,0.052514504889908074,0.022864455713097812,1.3224372434405918,-0.025969910608408017,-7.348012543183054,-0.6929935880309912,-1.9285714285714282,-2.2827261733718456,-0.42779458710454227,1.0493599488052734,-2.276042307219284,-1.9986774819255864,-5.878133333333333,-1.9690525365204845,-0.40630083340376816,0.36716326155623874,Marine Shipping,Industrials,SB
2015Q3,2015,Q3,2015-10-09,2015-09-30,-11342000.0,33477000.0,-3750000.0,-0.14,16262000.0,0.485766347,1314212000.0,668160000.0,190251000.0,43639000.0,646052000.0,0.0,0.0,230407214.99999997,688377215.0,8.003749361755013,4.359655354155686,0.47951928608169764,0.9431722940613027,-0.004341225321857726,8.003749361755013,-0.016974976053639845,6.882552648086746,-5.0786284385469935,0.34483838451867815,-0.3866161170869335,0.0,0.019031522081459126,0.025473059141143135,3.9464699007768282,-0.008630266654086251,-12.378167776942085,0.4857663470442393,-0.5283842794759827,-1.4066495891044988,-0.3530408122224657,1.365923992073629,0.07233761951862842,-0.4837781266352695,-1.9904306220095693,-1.6539707497078981,-0.34376607002316817,0.5437915584310774,Marine Shipping,Industrials,SB
2015Q2,2015,Q2,2015-07-02,2015-06-30,-7644000.0,31842000.0,-1254000.0,-0.0916,15165000.0,0.4762577728,1244268000.0,680061000.0,142916000.0,37168000.0,564207000.0,0.0,0.0,268776191.74,700275191.74,8.147285687112847,3.8451356005165733,0.4447185011589143,0.8136755379296857,-0.0017468207572138147,8.147285687112847,-0.011240168161385523,8.440933099051568,-8.790430132783884,0.39522365161360523,,0.0,,0.025590949859676533,3.2783577270770556,-0.006143371042251348,0.0,0.47625777275296777,0.23666666666666664,-1.3093763626833343,-0.38149658660706626,1.5471848526499685,-0.06017600396628656,0.24785988389255142,0.35059554634904194,-1.4110868351699437,-0.37803931345602626,0.6089137776463076,Marine Shipping,Industrials,SB
2015Q1,2015,Q1,2015-04-14,2015-03-31,-10163000.0,32054000.0,-1931000.0,-0.12,16136000.0,0.5034005116,1229120000.0,688864000.0,147651000.0,33192000.0,540256000.0,0.0,0.0,299628791.81,698063791.81,8.25361856936695,4.4483911785972525,0.4277751562093205,0.7632667696381289,-0.002671853973591153,8.25361856936695,-0.014753274957030705,9.34762562581893,-7.370579351815408,0.43496073507978356,,0.0,,0.026078820619630304,3.836828151361774,-0.008268517313199688,0.0,0.5034005116366133,-1.5641025641025639,-1.2102228856134183,-0.3788223615917744,1.3326889630605734,3.3100930565497495,-1.5998976720388847,-1.5344588984223637,-1.4048918022833945,-0.37371547809083,0.5687832248499257,Marine Shipping,Industrials,SB
2014Q4,2014,Q4,2015-03-10,2014-12-31,-3909000.0,39057000.0,3613000.0,-0.0468,-6985000.0,-0.1788411808,1182329000.0,700099000.0,135892000.0,28718000.0,482230000.0,11185000.0,329744000.0,326305538.82,688562538.8199999,8.389030415784715,4.731945121526569,0.397155106573551,0.670716570085088,0.08158488004867358,8.389030415784715,-0.005583496048416009,8.354598121207466,-20.868862805065234,0.4660848520280703,,4.116405900759946,,0.03303395247854024,3.901838568145414,-0.0033061863491464726,0.0,-0.17884118083826203,-14.096774193548388,-1.0604873829064945,-0.29052441836038734,3.783525429353182,-1.3571428571428572,-14.151162790697674,0.12414436838830119,-1.1409765659460747,-0.22690317251460285,0.7922247506024441,Marine Shipping,Industrials,SB
2014Q3,2014,Q3,2014-10-14,2014-09-30,-258000.0,36516000.0,3214000.0,-0.0031,19558000.0,0.5356008325,1192829000.0,707638000.0,149067000.0,42305000.0,485191000.0,0.0,0.0,555764479.2,947273479.2,8.479975342763863,3.5236260489303866,0.39276962582230984,0.6620715676659535,-0.00047701306884718217,8.479975342763863,-0.00036459319595612445,15.219752415379562,-538.5314720930232,0.7853796421334073,,0.0,,0.030612937814221485,3.0019619430327387,-0.00021629252809916594,0.0,0.5356008325117757,0.835978835978836,-1.0076058055722643,-0.3536587231779637,4.6224446842429,-0.10177275649857628,0.8361904761904762,-0.4380136387480329,-1.0178188787850697,-0.2706375790916987,0.8850716132505816,Marine Shipping,Industrials,SB
2014Q2,2014,Q2,2014-07-01,2014-06-30,-1575000.0,37178000.0,5719000.0,-0.0189,21774000.0,0.585668944,1257231000.0,713100000.0,230000000.0,90580000.0,544131000.0,0.0,0.0,814417002.4,1182747002.4,8.545813728704148,2.539191874586001,0.4161876377531257,0.7337596410040668,-0.003516183875877456,8.545813728704148,-0.002208666386201094,21.905885265479583,-129.27254006349207,1.1420796555882766,,0.0,,0.02957133573702844,2.2622433208213732,-0.001252753074017424,0.0,0.5856689439991393,-1.1901408450704225,-1.017704917992758,-0.4514125412820252,5.828383515732785,-0.18513528685303693,-1.1898963105859657,-0.5964008468595624,-1.111175193615289,-0.24149811841871777,0.9345519989982474,Marine Shipping,Industrials,SB
2014Q1,2014,Q1,2014-04-03,2014-03-31,8294000.0,41343000.0,14170000.0,0.0994,26721000.0,0.6463246499,1137511000.0,583790000.0,131743000.0,92894000.0,553721000.0,0.0,0.0,794359605.1999999,1265216605.1999998,6.996429279155898,1.4182078498073072,0.4666961462350694,0.9093543911337981,0.009387146390897305,6.996429279155898,0.01420716353483273,19.213883975521853,23.943802905714975,1.360694094109183,,0.0,,0.03634514303597943,1.1843068443602385,0.007291358061592371,0.0,0.6463246498802699,-0.738421052631579,-0.9399464736410659,-0.4236751024782087,19.874186254857324,0.18218820510551698,-0.732606873428332,-0.5817344589409056,-0.7601950895496864,-0.22783061383513478,0.7620616891292725,Marine Shipping,Industrials,SB
2013Q4,2013,Q4,2014-03-05,2013-12-31,31018000.0,59172000.0,33878000.0,0.38,22603000.0,0.3819881025,1112216000.0,578336000.0,173185000.0,57304000.0,533880000.0,12600000.0,341025000.0,831129104.0,1274753104.0,7.23677509432999,3.022214854111406,0.45701104821365635,0.8788922010734245,0.028302427461101787,7.23677509432999,0.053633182094837605,14.045986344892855,6.698764459346187,1.4371042162341616,0.18772970533238764,2.9023015873015874,0.007006131745327498,0.05320189603458321,2.635819489040905,0.027888467707711452,95.32390228237183,0.38198810248090315,2.9215686274509807,3.171369930720594,-0.13465545401215687,12.097226202469901,-0.21715789838257196,3.0043893622514846,1.193318658552376,0.22236768010752433,0.18149505436019406,0.9529122324905305,Marine Shipping,Industrials,SB
2013Q3,2013,Q3,2013-10-15,2013-09-30,7746000.0,41881000.0,15446000.0,0.0969,28873000.0,0.6894056971,1056124000.0,505131000.0,80517000.0,58108000.0,550993000.0,7733000.0,315830000.0,543430568.0,1042412568.0,6.320753748986752,1.385643973291113,0.49250750858800674,1.0297309014889207,0.010063355866287354,6.320753748986752,0.015334635965719783,12.975587211384637,17.53907074619158,1.0758210602794127,,1.682141471615156,,0.039655381375671796,1.0480140428168239,0.007334366040351322,0.0,0.6894056970941477,-0.6971875000000001,-0.865403930276275,-0.4652338029190684,16.977786610379315,-0.06966328338972128,-0.6847888011719704,-0.37523763297334467,-0.7098917837284571,-0.15452798571105672,0.868427191657833,Marine Shipping,Industrials,SB
2013Q2,2013,Q2,2013-07-16,2013-06-30,24574000.0,41443000.0,24723000.0,0.32,31035000.0,0.7488598798,1060546000.0,497920000.0,117898000.0,42057000.0,562626000.0,0.0,0.0,410234404.79999995,870038404.8,6.493536302248241,2.8032907720474594,0.49559000741127684,1.0555832262210796,0.024008512388155833,6.493536302248241,0.049353309768637534,9.898762271071108,4.173459803043867,0.8238962178663238,,0.0,,0.039077041448461455,1.5643531397864803,0.02317108357393267,0.0,0.7488598798349541,0.523809523809524,-0.6073285921825111,-0.42690955200565267,7.695000538640355,-0.010237275162648296,0.5292799800858796,0.31505319148936173,0.08267705027846653,-0.12370653105026519,1.03015310183394,Marine Shipping,Industrials,SB
2013Q1,2013,Q1,2013-04-05,2013-03-31,16069000.0,44227000.0,18800000.0,0.21,31356000.0,0.7089786782,1034601000.0,438122000.0,97795000.0,53741000.0,596479000.0,0.0,0.0,371866397.4,872382397.4,5.714126672527363,1.8197465622150686,0.5321085133302597,1.2565449806218358,0.01578413021785112,5.714126672527363,0.036676998644213255,8.40813072105275,5.785462651689588,0.8487736233286618,,0.0,,0.042747880583915925,0.9304627751623528,0.015531591405768987,0.0,0.7089786781830104,-0.5,0.10133520239635666,-0.3626850843752832,0.0,0.7687274368231047,-0.5013189336809112,-0.4676332332785864,-0.6381814615447381,-0.06703584383810561,0.6149619843114427,Marine Shipping,Industrials,SB
2012Q4,2012,Q4,2013-02-28,2012-12-31,32223000.0,46306000.0,35314000.0,0.42,17728000.0,0.3828445558,1082214000.0,425856000.0,171829000.0,47493000.0,656358000.0,5900000.0,275510000.0,257597612.16,770540612.16,5.554694967868137,3.6179858084349275,0.5688958006457133,1.4457163923955516,0.030653662941722858,5.554694967868137,0.07566642245266006,5.562942429922688,1.9985539223535984,0.6048937015329124,0.11895230115135152,4.843728813559322,0.014879796314335525,0.042788210095230705,2.95464594782389,0.029775072213074308,35.22943273522976,0.38284455578110826,1.0,3.3513571234111756,-0.29410082351363137,9.517841958699291,-0.5108032782361545,1.0232952404872535,0.38161189358372455,-0.45723700779993776,-0.08436798107574263,2.1673534740202656,Marine Shipping,Industrials,SB
2012Q3,2012,Q3,2012-11-14,2012-09-30,15926000.0,46845000.0,25560000.0,0.21,36239000.0,0.7735937667,1061863000.0,397436000.0,133598000.0,56146000.0,664427000.0,0.0,0.0,434655764.55,930116764.55,5.184475402812186,2.379474940334129,0.5810787267284009,1.5525166316086112,0.01934462030241104,5.184475402812186,0.040071860626616614,9.278594610951009,6.823052940945623,1.0936497059903985,,0.0,,0.0441158605206133,2.165158693406476,0.014998168313614845,0.0,0.7735937666773401,-0.0454545454545455,0.9119319282534364,-0.2509205165514592,0.0,-0.00379360584985018,-0.06734598266572968,-0.01730103806228374,-0.48892292943959226,-0.09739837976535543,2.437442326292051,Marine Shipping,Industrials,SB
2012Q2,2012,Q2,2012-08-07,2012-06-30,17076000.0,47015000.0,26010000.0,0.22,36377000.0,0.7737317877,922713000.0,388163000.0,20829000.0,57465000.0,534550000.0,0.0,0.0,472954242.15999997,944701242.16,5.0638423266109225,0.36246410858783606,0.5198918840419502,1.235849372557405,0.02375547064038811,5.0638423266109225,0.04399182817527688,10.059645690949695,6.924253955258843,1.2184423609669133,,0.0,,0.05095300488884409,0.13858870616897243,0.01850629610724028,0.0,0.7737317877273211,-0.26666666666666666,-0.6513257138462543,-0.037736149938652395,0.0,0.04941726286637434,-0.20995650966965856,0.040025590787316566,-0.7910402883014837,-0.24480458388276544,3.046174953844122,Marine Shipping,Industrials,SB
2012Q1,2012,Q1,2012-03-31,2012-03-31,21614000.0,44072000.0,25009000.0,0.3,34664000.0,0.7865311309,909064000.0,378114000.0,29792000.0,52325000.0,530950000.0,0.0,0.0,480084586.0,935458586.0,5.261159374110795,0.5693645484949833,0.5214418346783065,1.2536536600072994,0.024738637834789624,5.261159374110795,0.05716265464912698,10.8931881012888,5.552935435365967,1.2696821223228971,,0.0,,0.048480635026796795,0.356426182513139,0.02377610377267167,0.0,0.7865311308767471,-0.09090909090909098,0.5804098043987106,-0.3224626226965362,0.0,-0.003421211511370497,-0.08240288686053916,-0.03242155762757767,-0.8183026750229461,-0.2867084869892369,14.69692428948944,Marine Shipping,Industrials,SB
2011Q4,2011,Q4,2012-02-29,2011-12-31,23555000.0,42917000.0,25847000.0,0.33,34783000.0,0.810471375,877271000.0,331842000.0,37959000.0,51673000.0,545429000.0,2653000.0,216853000.0,424657575.8,880827575.8,4.680791520686677,0.7346002748050239,0.5520426413274804,1.4594023661863176,0.0286511249974834,4.680791520686677,0.07098257604522634,9.894856951790667,4.507085287624708,1.279698096684567,,3.0659630606860158,,0.04892102896368397,0.6520813577690476,0.026850311933256658,0.0,0.8104713749796119,0.9411764705882353,2.858772478875015,-0.29250191988437385,8.177755510512007,-0.02527672691607118,0.9150406504065041,-0.05085928319623972,2.858772478875015,-0.29250191988437385,8.177755510512007,Marine Shipping,Industrials,SB
2011Q3,2011,Q3,2011-10-07,2011-09-30,12300000.0,42531000.0,27232000.0,0.17,35685000.0,0.8390350568,828931000.0,318896000.0,37541000.0,48132000.0,510035000.0,0.0,0.0,438806432.11,856203432.11,4.498489756652351,0.7799592786503782,0.5374886450138793,1.397135743314435,0.022167879873377604,4.498489756652351,0.03857056846119111,10.317331643036844,8.91882992093496,1.3760173602365662,,0.0,,0.05130825122959571,0.5847253386520402,0.014838388237380434,0.0,0.8390350567821119,0.0,0.5968012898742805,-0.2645548266343255,0.0,0.05237547553746793,0.03326612903225806,0.03504370961611555,-0.7590578327353559,-0.38778310007980143,12.371414273541426,Marine Shipping,Industrials,SB
2011Q2,2011,Q2,2011-07-15,2011-06-30,11904000.0,41186000.0,26310000.0,0.17,33909000.0,0.8233137474,799963000.0,309735000.0,31796000.0,51386000.0,490228000.0,0.0,0.0,534284087.64,934647087.64,4.41746395709671,0.6187677577550306,0.5328271432553756,1.3761505803348024,0.022271887296729923,4.41746395709671,0.0384328538912296,12.972468499975719,11.22068396421371,1.7249716294251538,,0.0,,0.05148488117575438,0.5036196629432141,0.014880688231830723,0.0,0.8233137473898897,-0.5853658536585366,-0.7342682882713539,-0.07843910474573576,0.0,-0.07045149263960086,-0.564083784971437,-0.09460064007708455,-0.7919789073203359,-0.3771512047289266,5.554517322394451,Marine Shipping,Industrials,SB
2011Q1,2011,Q1,2011-04-07,2011-03-31,27308000.0,42274000.0,29059000.0,0.41,36479000.0,0.8629181057,808245000.0,261589000.0,53440000.0,53245000.0,546656000.0,0.0,0.0,596887296.0,1035091296.0,3.9705926996308527,1.0036623157103954,0.6017568930212992,1.8592792510388434,0.03649231023480041,3.9705926996308527,0.104392768809086,14.119489426124805,5.464399589863777,2.2817752122604547,,0.0,,0.052303447593242146,0.9045544182552352,0.03378678494763345,0.0,0.8629181056914416,0.2812499999999999,1.17821941299341,-0.29104118893187486,0.0,0.046352866936293494,0.3054161288780534,-0.22807809802098553,1.17821941299341,-0.29104118893187486,0.0,Marine Shipping,Industrials,SB
2010Q4,2010,Q4,2011-03-04,2010-12-31,20919000.0,41287000.0,37645000.0,0.32,34863000.0,0.8444062296,805372000.0,244133000.0,104276000.0,52983000.0,561239000.0,1417000.0,168901000.0,583710976.0,978039976.0,3.7056325286574703,1.9681029764264009,0.6143049423123724,2.026534716732273,0.03885246710221473,3.7056325286574703,0.08568690017326622,14.137887858163587,6.975847029016683,2.3909548319973126,,4.533521524347212,,0.05126450882325186,1.9194836079497197,0.02597433235821459,0.0,0.8444062295637852,-0.030303030303030328,2.7763639910125826,-0.2675851305560932,6.682398838947163,0.004060825989286331,-0.049525194238720524,0.36716905756310153,2.7763639910125826,-0.2675851305560932,6.682398838947163,Marine Shipping,Industrials,SB
2010Q3,2010,Q3,2010-10-12,2010-09-30,22009000.0,40832000.0,27535000.0,0.33,34722000.0,0.8503624608,787434000.0,222849000.0,140613000.0,42628000.0,564585000.0,0.0,0.0,521068093.91,881484093.9100001,3.38292751101445,3.2986065496856525,0.6314268878407587,2.231138573653012,0.02918554840160531,3.38292751101445,0.09876194194275047,12.761267973893025,5.918807009746013,2.338211497067521,,0.0,,0.05185450463149927,3.2089471708736044,0.02795027900751047,0.0,0.8503624608150471,0.10000000000000009,2.074754260206715,-0.24018178800872897,0.0,0.00812960919807212,0.12878243922453586,-0.06957491383388524,2.074754260206715,-0.24018178800872897,0.0,Marine Shipping,Industrials,SB
2010Q2,2010,Q2,2010-07-26,2010-06-30,19498000.0,40627000.0,29594000.0,0.3,34442000.0,0.847761341,741689000.0,210690000.0,96796000.0,40507000.0,530999000.0,0.0,0.0,463070128.19,834084128.19,3.1985451227211885,2.3896116720566813,0.62551015317741,2.2019744648535764,0.03463421365458467,3.1985451227211885,0.09254354739190279,11.398088172643808,5.9374054799210185,2.1978742616640563,,0.0,,0.054776328083603776,2.293924506875355,0.026288646589069004,0.0,0.8477613409801363,-0.48275862068965514,-0.5366956688064909,-0.03235734539045513,0.0,0.17734326929650646,-0.3927748364995329,-0.2119614421899132,-0.5366956688064909,-0.03235734539045513,0.0,Marine Shipping,Industrials,SB
2010Q1,2010,Q1,2010-04-16,2010-03-31,32110000.0,34274000.0,37554000.0,0.58,29254000.0,0.8535332905,729400000.0,196144000.0,158909000.0,41056000.0,533256000.0,0.0,0.0,433505109.52000004,746449109.52,3.538242217487024,3.870542673421668,0.6383794899917741,2.3739395546129374,0.04743860077764154,3.538242217487024,0.16370625662778368,12.648220503005195,3.375156567424478,2.2101369887429647,,0.0,,0.04698930627913354,3.7190666406858925,0.04402248423361667,0.0,0.8535332905409349,-0.24675324675324684,2.043888262603588,-0.3168923892568864,0.0,-0.0639019551374356,-0.25200335445396943,0.4575021345959792,2.043888262603588,-0.3168923892568864,0.0,Marine Shipping,Industrials,SB
2009Q4,2009,Q4,2010-02-23,2009-12-31,42928000.0,36568000.0,25766000.0,0.77,31251000.0,0.85459965,628724000.0,97219000.0,105648000.0,65551000.0,531505000.0,1245000.0,97074000.0,485614419.36,846028419.36,1.7537338391277377,1.6116916599289104,0.6946386649785916,4.492290601631368,0.04549727121863661,1.7537338391277377,0.4415597774097656,13.27976425727412,2.828075028885576,4.995056721011324,,4.270682730923695,,0.05816224607299864,1.1933761498680417,0.06827797252848626,0.0,0.8545996499671844,2.8780487804878048,5.3321986893028015,-0.2290580037647615,3.689261564446656,-0.011513522062312194,0.9372715375242565,-0.12118421501415465,5.3321986893028015,-0.2290580037647615,3.689261564446656,Marine Shipping,Industrials,SB
2009Q3,2009,Q3,2009-10-06,2009-09-30,22159000.0,36906000.0,29319000.0,-0.41,31615000.0,0.8566357774,609094000.0,82217000.0,150645000.0,62011000.0,526877000.0,0.0,0.0,442637553.67999995,786025553.68,1.5082363311691254,2.4293270548773607,0.7731745838901714,5.727963803106413,0.038385728226505114,1.5082363311691254,0.26951846941630075,11.993647474123447,4.993880067692585,5.383771649172312,,0.0,,0.060591632818579724,2.056860879521375,0.0363802631449333,0.0,0.8566357773803718,-1.3831775700934579,2.7409855350328263,-0.1700884790636576,0.0,-0.19970129607128392,-0.618684609030837,-0.4758661375093854,2.7409855350328263,-0.1700884790636576,0.0,Marine Shipping,Industrials,SB
2009Q2,2009,Q2,2009-07-08,2009-06-30,58112000.0,44271000.0,55938000.0,1.07,39504000.0,0.8923222877,602310000.0,68220000.0,211141000.0,72952000.0,534090000.0,0.0,0.0,357585613.12,693574613.12,1.2515134378457737,2.8942455313082576,0.8061264133087612,7.117238346525945,0.10462269519375163,1.2515134378457737,0.8518323072412782,8.07719755867272,1.538346697411894,5.241653666373497,,0.0,,0.07350201723365045,2.6071115253865553,0.09648187810263818,0.0,0.8923222877278579,-0.3554216867469879,0.6686196746711031,0.27419185753104236,0.0,-0.060122290690204847,-0.35587133388015696,-0.16123614880568593,0.6686196746711031,0.27419185753104236,0.0,Marine Shipping,Industrials,SB
2009Q1,2009,Q1,2009-05-06,2009-03-31,90218000.0,46860000.0,66691000.0,1.66,42031000.0,0.8969483568,570174000.0,18269000.0,150596000.0,67750000.0,551905000.0,0.0,0.0,172240375.68,524008375.68,0.33517135440562923,2.222819188191882,0.8722565392318836,27.223055449121464,0.1229192324897516,0.33517135440562923,4.938310799715365,3.6756375518565942,0.47728938704028023,9.42801333844217,,0.0,,0.08218543812941313,2.1486346863468633,0.1582288915313571,0.0,0.8969483568075117,10.222222222222221,7.698035618291553,-0.050125558842531434,0.0,0.012209806377034968,10.259776249615108,0.8028980022167554,7.698035618291553,-0.050125558842531434,0.0,Marine Shipping,Industrials,SB
2008Q4,2008,Q4,2009-05-19,2008-12-31,-9743000.0,46638000.0,36991000.0,-0.18,41524000.0,0.8903469274,482282000.0,-35545000.0,88086000.0,70863000.0,517827000.0,1189000.0,-35630000.0,364103072.64,783417072.64,-0.6521246807350206,1.243046441725583,0.9709879282245657,-13.174567449711633,-0.054217217686737325,-0.6521246807350206,0.2741032494021663,7.807004430721729,-9.342683789387252,-10.243439939231958,,4.301093355761144,,0.0967027589667456,0.7001679296671042,-0.02020187359262838,0.0,0.8903469273982589,-1.25,0.0,0.0,0.0,-0.16246798039492527,-1.248248273753408,-0.18414203793559772,0.0,0.0,0.0,Marine Shipping,Industrials,SB
2008Q3,2008,Q3,2008-10-07,2008-09-30,39247000.0,53409000.0,45340000.0,0.72,49579000.0,0.9282892396,432645000.0,-21560000.0,63096000.0,20524000.0,454205000.0,0.0,0.0,594050000.0,1021450000.0,-0.39559633027522934,3.0742545312804523,0.987876896762935,-19.823747680890538,0.09588196569992494,-0.39559633027522934,-1.8203617810760668,11.122657230054859,3.7840471883201268,-27.553339517625233,,0.0,,0.12344763027424331,0.0,0.09071409585225762,0.0,0.928289239641259,-0.1219512195121951,5.627321850726106,0.20128205128205137,0.0,0.06603165046873656,-0.11764838129496404,0.10008492053863885,5.627321850726106,0.20128205128205137,0.0,Marine Shipping,Industrials,SB
2008Q2,2008,Q2,2008-07-09,2008-06-30,44480000.0,51398000.0,41215000.0,0.82,46508000.0,0.9048601113,381269000.0,-52860000.0,26024000.0,18328000.0,434129000.0,0.0,0.0,1028415054.4999999,1434839054.5,-0.9699082568807339,1.4199039720646005,1.065977039832769,-7.688687097994703,0.12441531413401521,-0.9699082568807339,-0.8414680287552024,20.008853544885014,5.780210513151978,-19.455449385168368,,0.0,,0.13480770794373526,0.0,0.11666303843218305,0.0,0.904860111288377,3.3157894736842097,0.27742676622630674,0.4795900742702517,0.0,0.027301643399893973,3.2888824607077427,0.018131963143202985,0.27742676622630674,0.4795900742702517,0.0,Marine Shipping,Industrials,SB
2008Q1,2008,Q1,2008-03-31,2008-03-31,10371000.0,49327000.0,40481000.0,0.19,45272000.0,0.9177935005,,,,,,,,1030049999.9999999,,,0.0,0.0,0.0,0.0,,0.0,20.882072698522105,24.8300549609488,0.0,,0.0,,0.0,0.0,0.0,0.0,0.9177935005169583,0.0,0.0,0.0,0.0,0.0,0.0,0.0,0.0,0.0,0.0,Marine Shipping,Industrials,SB
2007Q3,2007,Q3,2007-09-30,2007-09-30,5922000.0,44460000.0,38376000.0,0.11,41293000.0,0.9287674314,,,,,,,,1030049999.9999999,,,0.0,0.0,0.0,0.0,,0.0,23.16801619433198,43.484042553191486,0.0,,0.0,,0.0,0.0,0.0,0.0,0.9287674313990103,-0.828125,0.0,0.0,0.0,0.3153988277268094,-0.8299253302699597,0.3300984333841675,0.0,0.0,0.0,Marine Shipping,Industrials,SB
2007Q2,2007,Q2,2007-06-30,2007-06-30,34820000.0,34738000.0,28852000.0,0.64,31392000.0,0.9036789683,,,,,,,,1030049999.9999999,,,0.0,0.0,0.0,0.0,,0.0,29.65196614658299,7.395534175761056,0.0,,0.0,,0.0,0.0,0.0,0.0,0.903678968276815,0.0,0.0,0.0,0.0,0.0,0.0,0.0,0.0,0.0,0.0,Marine Shipping,Industrials,SB
