Year,Date,FillingDate,NetIncome,Revenue,OperatingIncome,EPSDiluted,GrossProfit,GrossProfitRatio,TotalAssets,CommonStockEquity,CurrentAssets,CurrentLiability,TotalLiability,Inventory,RetainedEarnings,EnterpriseValue,bookValuePerShare,currentRatio,debtToAssets,debtToEquity,roic,shareholdersEquityPerShare,roe,priceToSalesRatio,peRatio,pbRatio,payoutRatio,inventoryTurnover,dividendYield,assetTurnover,quickRatio,returnOnAssets,priceToFreeCashFlowsRatio,grossProfitMargin,epsdilutedGrowth,fiveYNetIncomeGrowthPerShare,fiveYRevenueGrowthPerShare,fiveYShareholdersEquityGrowthPerShare,grossProfitGrowth,netIncomeGrowth,operatingIncomeGrowth,threeYNetIncomeGrowthPerShare,threeYRevenueGrowthPerShare,threeYShareholdersEquityGrowthPerShare,Industry,Sector,Price,MarketCap,AvgVolume,Symbol
2022,2022-09-30,2022-09-30,-8735954.0,102391636.0,1833272.0,-0.3,7595599.0,0.0741818306,128923580.0,84677705.0,66769931.0,43848943.0,43859199.0,21141501.0,13394137.0,37276009.624392,2.9240299307506166,1.5227261236376894,0.15772157428454903,0.2401344013751908,0.02061901382318965,2.9240299307506166,-0.10316710874485793,0.2388586370901623,-2.7995942543186465,0.28882604487677127,0.0,4.483883949394133,0.0,0.794204101375404,0.894065929935871,-0.06776071530126607,-5.85006913374169,0.0741818306331193,-0.764705882352941,-1.563535056907946,-0.13685666281693332,0.512347972614098,0.17375650344264454,-1.2975621674520306,1.5017729142495229,-1.6159038160564345,-0.08392465419828174,0.1121293769014827,Steel,Basic Materials,0.7001,21278069,35300,ZKIN
2021,2021-09-30,2021-09-30,-3802271.0,99407217.0,-3653589.0,-0.17,6471188.0,0.0650977685,133662301.0,88799785.0,78703663.0,44510115.0,44537949.0,20689252.0,19737504.0,72058078.25999999,4.059679675868538,1.7682197181472121,0.1837170901314949,0.27653275286646245,-0.02813075517071868,4.059679675868538,-0.042818470787964184,0.613912441186237,-16.050230838359496,0.687246340292378,0.0,4.491995602354304,0.0,0.7437191807733431,1.0192994783320601,-0.028446846803871797,-10.849038389642777,0.06509776850507745,-2.3596837944664033,-1.2980197568409562,0.11118348311140808,2.8500730199252637,0.6412662872748872,-3.54265031970715,-0.9440436613003464,-1.340841695998324,0.13946034048733877,0.5081667891376546,Steel,Basic Materials,0.7001,21278069,35300,ZKIN
2020,2020-09-30,2020-09-30,-837016.0,86846791.0,-1879376.0,-0.0506,3942802.0,0.0453995128,86450504.0,44993935.0,64782494.0,40877485.0,41146775.0,21679258.0,23546921.0,34326209.4,2.7173471710444903,1.584796471700742,0.21071132216881003,0.4048567879204164,-0.010986298673747787,2.7173471710444903,-0.01860286280806513,0.22878962102353326,-23.738667361197393,0.4416071721666487,0.0,3.8241156131819642,0.0,1.004583975589084,0.9546815318995285,-0.009682025682580173,-28.059832485309627,0.0453995128041058,-1.1032653061224489,-1.0908330916210989,0.34926892544754334,4.269676774315154,-0.7479678205926575,-1.1032477902064743,-1.2173554167283,-1.0944327801894618,0.28041464417775086,0.4054488436658501,Steel,Basic Materials,0.7001,21278069,35300,ZKIN
2019,2019-09-30,2019-09-30,8106866.0,63883520.0,8646557.0,0.49,15644042.0,0.2448838448,78402367.0,43518039.0,58853036.0,34584662.0,34584662.0,20796075.0,24372535.0,33485190.84,2.6292174197369844,1.7017091565041174,0.21144422846315342,0.38093922384692014,0.13964896846450126,2.6292174197369844,0.18628748413962312,0.3186831414424252,2.5112788147725644,0.46781981237711556,0.0,2.31964339424627,0.0,0.8148162159440926,0.902388983879617,0.10340078125447412,2.8022657572900393,0.24488384484762268,-0.03921568627450984,-0.1199053852301301,-0.007113483215308503,4.098769166873582,-0.14469446555274956,0.15513455609299023,-0.10096857481401875,-0.160284220744849,-0.05629983602664398,1.4934674307970393,Steel,Basic Materials,0.7001,21278069,35300,ZKIN
2018,2018-09-30,2018-09-30,7018114.0,54884381.0,9617636.0,0.51,18290589.0,0.3332567238,76398563.0,37041845.0,64347173.0,39130971.0,39130971.0,17792187.0,17138593.0,55623163.400000006,2.691797555222521,1.6444052206115713,0.2522368123599393,0.5202367754629933,0.14270071048687674,2.691797555222521,0.18946448266818244,0.8023270299796221,6.274509419482214,1.1887966811588355,0.0,2.0567337787085984,0.0,0.7183954624905706,0.9897098387872869,0.09186185871061475,-13.747547291979448,0.33325672380271537,-0.0555555555555556,-0.08359091121406016,0.02601130487423616,4.2201291057197,0.395333130969501,0.19471982589854478,0.1903241720201103,-0.08359091121406016,0.02601130487423616,4.2201291057197,Steel,Basic Materials,0.7001,21278069,35300,ZKIN
2017,2017-09-30,2017-09-30,5874276.0,44951740.0,8079846.0,0.54,13108403.0,0.2916105806,61173069.0,21216918.0,54751108.0,39806123.0,39806123.0,10048568.0,10978891.0,105308988.03999999,1.9334372668853597,1.3754443757308392,0.3487799181695461,1.005609674317448,0.1626101901379367,1.9334372668853597,0.27686754504117894,2.118973037306231,16.21502378165411,4.489413827210908,0.0,3.1689427787123496,0.0,0.7348289162997528,0.860913483083997,0.09602715861778979,96.75844100013612,0.29161058059154105,-0.06896551724137918,-0.038119057398721234,0.053774987331552206,2.749461816461557,0.14226724188412182,0.11900840016938637,0.0609012238805539,-0.038119057398721234,0.053774987331552206,2.749461816461557,Steel,Basic Materials,0.7001,21278069,35300,ZKIN
2016,2016-09-30,2016-09-30,5249537.0,36809094.0,7616021.0,0.58,11475776.0,0.311764696,45550956.0,9489994.0,38862534.0,35972034.0,35972034.0,6444088.0,5697984.0,101617340.85,1.054442254694521,1.080354088401006,0.5640030913950522,2.707154503996525,0.17913747466529512,1.054442254694521,0.5531654709159984,2.0660685060599424,14.487012826083518,8.0137152721066,0.0,3.931249542216059,0.0,0.8080860915410865,0.713983590697151,0.11524537487204439,-57.393970245740924,0.3117646959743155,0.035714285714285546,0.048086312669431946,0.052120742041880344,1.0448509188041635,0.1281325434154201,0.04808771011769366,0.0013776794109243745,0.048086312669431946,0.052120742041880344,1.0448509188041635,Steel,Basic Materials,0.7001,21278069,35300,ZKIN
2015,2015-09-30,2015-09-30,5008681.0,34985571.0,7605543.0,0.56,10172365.0,0.2907588674,36701630.0,4640916.0,29352729.0,32036574.0,32036574.0,5956543.0,1028441.0,102807674.44999999,0.5156572760380804,0.9162255926616872,0.7461373513928401,5.900657758080517,0.1995515003079185,0.5156572760380804,1.0792440544065007,2.173753529705146,15.183639854484642,16.386853037202137,0.0,4.16570584649519,0.0,0.9532429758569306,0.5467179792695686,0.1364702603126891,-24.770254998428445,0.29075886741994295,0.0,0.0,0.0,0.0,0.0,0.0,0.0,0.0,0.0,0.0,Steel,Basic Materials,0.7001,21278069,35300,ZKIN
TTM,,,,,,,,,,,,,,,,34096952.0,2.9240299307506166,1.5227261236376894,0.15772157428454903,0.2401344013751908,0.02061901382318965,2.9240299307506166,-0.10071570668909263,0.20781061648433863,-2.3207961974960027,0.23942983368172294,0.0,4.483883949394133,0.0,0.794204101375404,0.894065929935871,-0.06776071530126607,-5.089648370973359,0.0741818306331193,,,,,,,,,,,Steel,Basic Materials,0.7001,21278069,35300,ZKIN
