Quarters,Year,Quarter,FillingDate,Date,NetIncome,Revenue,OperatingIncome,EPSDiluted,GrossProfit,GrossProfitRatio,TotalAssets,CommonStockEquity,CurrentAssets,CurrentLiability,TotalLiability,Inventory,RetainedEarnings,MarketCap,EnterpriseValue,bookValuePerShare,currentRatio,debtToAssets,debtToEquity,roic,shareholdersEquityPerShare,roe,priceToSalesRatio,peRatio,pbRatio,payoutRatio,inventoryTurnover,dividendYield,assetTurnover,quickRatio,returnOnAssets,priceToFreeCashFlowsRatio,grossProfitMargin,epsdilutedGrowth,fiveYNetIncomeGrowthPerShare,fiveYRevenueGrowthPerShare,fiveYShareholdersEquityGrowthPerShare,grossProfitGrowth,netIncomeGrowth,operatingIncomeGrowth,threeYNetIncomeGrowthPerShare,threeYRevenueGrowthPerShare,threeYShareholdersEquityGrowthPerShare,Industry,Sector,Symbol
2023Q1,2023,Q1,2023-04-05,2023-03-31,-7648000.0,136000.0,-7365000.0,-2.46,136000.0,1.0,39166000.0,29062000.0,34164000.0,9116000.0,10104000.0,0.0,-1089733000.0,15949351.487999998,-9635648.512000002,9.362757731958762,3.747696358051777,0.03464739825358729,0.046693276443465694,-0.23382713422130616,9.362757731958762,-0.26316151675727756,117.27464329411764,-0.5213569393305438,0.5488043317046315,0.0,0.0,0.0,0.0034723995302047696,3.0684510750329093,-0.19527140887504468,-1.5421921763682072,1.0,-15.4,0.9949341457058573,-0.9992734787088902,-0.9933832012132013,-0.43568464730290457,-0.6026823134953898,0.0009495387954422138,0.7801725344966735,-0.907103868549691,-0.7210519882798844,Biotechnology,Healthcare,LMNL
2022Q4,2022,Q4,2022-12-31,2022-12-31,-4772000.0,241000.0,-7372000.0,-0.15,241000.0,1.0,50459000.0,36208000.0,41318000.0,10103000.0,14251000.0,0.0,-1082301000.0,136584543.54999998,100927543.54999998,1.1663821151306253,4.089676333762249,0.02946947026298579,0.04106827220503756,-0.1269391258214799,1.1663821151306253,-0.13179407865665047,566.740844605809,-7.155518836441743,3.7722200494365885,0.0,0.0,0.0,0.0047761548980360296,3.79303177274077,-0.09457183059513664,-21.74913113853503,1.0,-1.0214285714285716,0.9997475427720663,-0.9999194997804939,-0.9993460232098935,79.33333333333333,-1.2177503992699064,0.2879358640007727,0.9146325164511927,1.0104184161476224,-0.733906132264331,Biotechnology,Healthcare,LMNL
2022Q3,2022,Q3,2022-09-30,2022-09-30,21915000.0,3000.0,-10353000.0,7.0,3000.0,1.0,53911000.0,40415000.0,44311000.0,9133000.0,13496000.0,0.0,-1078057000.0,17828895.147000004,-21359104.852999996,13.019038108430243,4.8517464141027045,0.029010777021387102,0.03869850303105283,1.5200768345652949,13.019038108430243,0.5422491649140171,5942.965049000001,0.20338689421629025,0.4411454941729556,0.0,0.0,0.0,5.5647270501381905e-05,4.626081243841016,0.40650331101259485,-1.523706960687121,1.0,7.930693069306931,1.0280171168297676,-0.9999971674634575,-0.9938768911495586,-0.9808917197452229,8.006074168797953,-0.22782258064516128,1.5540094305994383,-0.9995741879258291,-0.7334122357978109,Biotechnology,Healthcare,LMNL
2022Q2,2022,Q2,2022-06-30,2022-06-30,-3128000.0,157000.0,-8432000.0,-1.01,157000.0,1.0,70874000.0,27261000.0,60991000.0,25992000.0,53222000.0,0.0,-1090703000.0,20340661.8845,-12347338.115500003,8.781689913990272,2.346529701446599,0.32617038688376554,0.847987968159642,-0.055287625587052344,8.781689913990272,-0.11474267268258685,129.5583559522293,-1.6256922861652814,0.7461451114962768,0.0,0.0,0.0,0.002215198803510455,2.2039473684210527,-0.044134661511979006,-2.997445016872974,1.0,0.7186629526462396,0.9978610272192072,-0.9990653335887023,-0.9944351456754766,0.0,0.7192604559325076,0.13677313677313677,0.9876019264084447,-0.9904934932502953,-0.8978739002014322,Biotechnology,Healthcare,LMNL
2022Q1,2022,Q1,2022-03-31,2022-03-31,-11142000.0,0.0,-9768000.0,-3.59,0.0,0.0,77180000.0,32668000.0,66801000.0,24107000.0,53833000.0,0.0,-1084766000.0,38423780.637786,-19219.362213999033,10.523467448378057,2.7710208653088313,0.29441565172324435,0.6955736500550997,-0.12240049998354537,10.523467448378057,-0.3410677115219787,0.0,-0.8621383198210824,1.1761901750271213,0.0,0.0,0.0,0.0,2.5704152320902645,-0.14436382482508422,-5.447863411000426,0.0,-0.2379310344827586,0.9919674174932156,-1.0,-0.9946209483499788,-1.0,-0.2733714285714286,0.026606875934230195,0.9900859785112001,-1.0,1.01004504717736,Biotechnology,Healthcare,LMNL
2021Q4,2021,Q4,2021-12-31,2021-12-31,-8750000.0,238000.0,-10035000.0,-2.9,238000.0,1.0,126053000.0,42637000.0,114629000.0,18494000.0,92172000.0,0.0,-1074167000.0,41896450.336,-5811549.663999997,14.136936339522546,6.198172380231426,0.48219399776284577,1.425569341182541,-0.08080212170164003,14.136936339522546,-0.20522081759973732,176.0355056134454,-1.1970414381714285,0.982631290569224,0.0,0.0,0.0,0.0018880946903286713,5.923975343354601,-0.06941524596796586,-3.2734159181186033,1.0,-1.1058394160583942,0.9956711418845484,-0.9988513638765633,-0.9936091311760432,0.4,-1.1064774815337626,0.29499789237038077,0.9852567652124401,-0.9946523381073018,1.1793533263142588,Biotechnology,Healthcare,LMNL
2021Q3,2021,Q3,2021-09-30,2021-09-30,82177000.0,170000.0,-14234000.0,27.4,170000.0,1.0,147452000.0,56402000.0,135083000.0,21751000.0,99731000.0,0.0,-1057177000.0,87173682.4728,33642682.4728,18.835826876836762,6.2104271067996875,0.42837669207606544,1.1199070954930677,0.9150090103794135,18.835826876836762,1.4569873408744372,512.7863674870588,0.2652009761636468,1.5455778602319066,0.0,0.0,0.0,0.0011529175596126197,5.420624339110845,0.5573135664487426,-1.5215150360037701,1.0,3.6889106967615306,1.0592813881383518,-0.9990818236678496,-0.990539902899505,5.8,3.694416210367553,-0.1408191071571692,1.0681929766475275,-0.9996693465542275,-0.9583162280530231,Biotechnology,Healthcare,LMNL
2021Q2,2021,Q2,2021-06-30,2021-06-30,-30499000.0,25000.0,-12477000.0,-10.19,25000.0,1.0,79219000.0,-27488000.0,66236000.0,27955000.0,115471000.0,0.0,-1139354000.0,144880510.608,181118510.608,-9.179802297622228,2.369379359685208,0.831694416743458,-2.3969004656577417,-0.48307263501667713,-9.179802297622228,1.1095387077997672,5795.22042432,-1.1875841061018395,-5.270682137951106,0.0,0.0,0.0,0.0003155808581274694,1.1195850473976032,-0.38499602368118757,-16.61664303337539,1.0,-0.514115898959881,0.9755602162008375,-0.9998502946521924,-1.0037041835471032,-0.8809523809523809,-0.51344779674474,0.3136586170856483,0.9779342658871635,-0.9999703254062342,-1.011276338303693,Biotechnology,Healthcare,LMNL
2021Q1,2021,Q1,2021-03-31,2021-03-31,-20152000.0,210000.0,-18179000.0,-6.73,210000.0,1.0,94945000.0,3708000.0,57273000.0,23763000.0,99908000.0,4719000.0,-1107314000.0,155154776.112,205028776.112,1.2383115148276784,2.410175482893574,0.7524145557954606,19.26591154261057,-0.1689377598051292,1.2383115148276784,-5.4347357065803665,738.8322671999999,-1.9248061744739973,41.843251378640765,0.0,0.0,0.0,0.002211806835536363,1.140638808231284,-0.21224919690347044,-7.300027106050625,1.0,-2.6576086956521743,0.9781963065082173,-0.9992224407259589,-0.9993267563948279,-0.6440677966101694,0.5353577275137765,0.10773534897418278,0.9861632253479161,-0.9988371046581143,-0.9991248670142321,Biotechnology,Healthcare,LMNL
2020Q4,2020,Q4,2020-12-31,2020-12-31,-43371000.0,1035000.0,-20374000.0,-1.84,590000.0,0.5700483092,117784000.0,23099000.0,73019000.0,23781000.0,102772000.0,9377000.0,-1087049000.0,130883385.36,159792385.36,9.451309328968904,3.0704764307640553,0.6281328533586905,3.202909216849214,-0.15586511881503257,9.451309328968904,-1.877613749512966,126.45737715942029,-0.7544406709552467,5.666192707909433,0.0,0.04745654260424443,0.0,0.008787271615839164,2.0595433329128294,-0.36822488623242544,-4.851485853658536,0.5700483091787439,0.811088295687885,0.9173864433144218,-0.9982813678466467,-0.995240368214914,2.05699481865285,-0.8872546886558461,0.037782185699442715,0.9708559909381174,-0.995608803666657,-0.9947007615625424,Biotechnology,Healthcare,LMNL
2020Q3,2020,Q3,2020-09-30,2020-09-30,-22981000.0,639000.0,-21174000.0,-9.74,193000.0,0.3020344288,120643000.0,35986000.0,52528000.0,24258000.0,92476000.0,10039000.0,-1045278000.0,349183705.76039994,388583705.76039994,15.25412233478869,2.165388737736005,0.6252828593453412,2.096259656533096,-0.14265587117770603,15.25412233478869,-0.6386094592341466,546.4533736469483,-3.7986130473042943,9.703320895915077,0.0,0.044426735730650466,0.0,0.0052966189501255775,1.6258141643993733,-0.19048763707799043,-19.208081069387752,0.30203442879499215,0.18013468013468018,0.9464470501420692,-0.9972212429910654,-0.9928397281437993,1.353658536585366,0.17382082254817371,0.1717906594696081,0.9613394326435064,-0.9992060878304362,-0.9928256872208262,Biotechnology,Healthcare,LMNL
2020Q2,2020,Q2,2020-06-30,2020-06-30,-27816000.0,540000.0,-25566000.0,-11.88,82000.0,0.1518518519,111079000.0,53146000.0,44879000.0,27863000.0,65557000.0,7698000.0,-1022163000.0,344068840.8000001,364120840.8000001,22.69257045260461,1.610702365143739,0.41446177945426227,0.8662552214653972,-0.18643812830757361,22.69257045260461,-0.5233884017611862,637.1645200000002,-3.0923644736842113,6.474030798178604,0.0,0.0594959729799948,0.0,0.004861404946029402,1.1007788106090515,-0.25041637033102565,-38.559771466995414,0.15185185185185185,-0.059768064228367515,0.9500421733580005,-0.9954747229898531,-0.9903182383326747,-0.8042959427207638,-0.061193346558828014,0.05865458963879377,0.9747878440091269,-0.9957388429837872,-0.9856199831633149,Biotechnology,Healthcare,LMNL
2020Q1,2020,Q1,2020-03-31,2020-03-31,-26212000.0,1103000.0,-27159000.0,-11.21,419000.0,0.3798730734,134477000.0,78494000.0,65945000.0,24812000.0,63551000.0,6532000.0,-994403000.0,221642283.594028,230416283.594028,33.56452578465749,2.6577865548927937,0.33707622864876524,0.5774836293219864,-0.16044792671392233,33.56452578465749,-0.3339363518230693,200.94495339440434,-2.113939069834694,2.8236844038274005,0.0,0.10471524800979792,0.0,0.008202146091896756,1.9966548444301144,-0.19491809008231892,-9.280336791610267,0.3798730734360834,-5.227777777777778,0.9697092535622518,-0.986354277184816,-0.968863543894447,1.047307214632494,0.3756074321105288,0.08700036978518842,0.9749158181934253,-0.9936804173626911,-0.9828435524042062,Biotechnology,Healthcare,LMNL
2019Q4,2019,Q4,2019-12-31,2019-12-31,-41980000.0,-17372000.0,-29747000.0,-1.8,-8857000.0,0.5098434262,165098000.0,102189000.0,94850000.0,31263000.0,70164000.0,7532000.0,-967051000.0,2551557214.164,2537343214.164,4.383348346416162,3.033937881841154,0.2851094501447625,0.46062687764827914,-0.15323980284038102,4.383348346416162,-0.4108074254567517,-146.87757392148285,-15.195076311124346,24.969000715967475,0.0,-1.130509824747743,0.0,-0.10522235278440684,2.3857275373444646,-0.25427321954233245,-71.55436815850136,0.5098434262030854,0.858712715855573,-1.0103571208530515,-1.0037478636384354,-0.9966769350400108,-4.943455031166518,-0.4131349513582657,-0.07475251101958234,0.9973131655619295,-1.010846472198908,-0.998018424670037,Biotechnology,Healthcare,LMNL
2019Q3,2019,Q3,2019-09-30,2019-09-30,-29707000.0,5291000.0,-27678000.0,-12.74,2246000.0,0.4244944245,182382000.0,113851000.0,85671000.0,29734000.0,75694000.0,9435000.0,-952634000.0,330200660.1593096,321792660.1593096,48.83584266289195,2.881247057240869,0.2848581548617736,0.4563244942951753,-0.13262936644538284,48.83584266289195,-0.2609287577623385,62.4079871780967,-2.7788118975267584,2.9002877459074545,0.0,0.32273449920508746,0.0,0.02901053832066761,2.4848994417165535,-0.16288339858100032,-18.334295400294817,0.4244944244944245,0.843238587424634,0.9673030224336817,-0.947985658221078,-0.9132185260299964,-0.5389037158694313,0.777813512037875,0.7873703618345241,0.9724742900889475,-0.9632948854015501,-0.9754727086527014,Biotechnology,Healthcare,LMNL
2019Q2,2019,Q2,2019-06-30,2019-06-30,-133703000.0,8752000.0,-130170000.0,-81.27,4871000.0,0.5565585009,205754000.0,141460000.0,108316000.0,26674000.0,71444000.0,7958000.0,-922938000.0,345668412.0,314989412.0,85.98869369643182,4.060733298342956,0.2445784772106496,0.3557401385550686,-0.5639410213968155,85.98869369643182,-0.9451647108723314,39.495933729433276,-0.6463363050941265,2.4435770677223245,0.0,0.4876853480774064,0.0,0.042536232588430846,3.6554322561295645,-0.6498196875880906,-11.009600025480141,0.5565585009140768,0.7755158412286275,-1.1794977307709902,-0.9361800074280621,-0.8896465917989258,0.25508889461479,-4.029832217289895,-4.6509659214239205,0.8049839195517001,-0.9046057656484623,-0.9653023132633551,Biotechnology,Healthcare,LMNL
2019Q1,2019,Q1,2019-03-31,2019-03-31,-26582000.0,8233000.0,-23035000.0,-362.03,3881000.0,0.4713956031,140638000.0,-76921000.0,42191000.0,44335000.0,224699000.0,10838000.0,-784099000.0,220003818.84,400311818.84000003,-1047.627478753541,0.9516409157550468,1.3464639713306503,-2.461798468558651,-0.13650567528117108,-1047.627478753541,0.3455753305339244,26.72219347018098,-2.069105210668874,-2.8601268683454455,0.0,0.40155010149474074,0.0,0.058540366046161064,0.6496898612834104,-0.18901008262347302,-11.72228361253197,0.47139560306085265,-0.839770301859945,-1.2003532661836205,0.028062641896556342,-5.147699731317357,0.2872305140961857,0.8118940798505456,0.19124359244435082,-0.17292796582529935,0.24320886998949384,-1.5695727546968958,Biotechnology,Healthcare,LMNL
2018Q4,2018,Q4,2018-12-31,2018-12-31,-141314000.0,10597000.0,-28482000.0,-196.78,3015000.0,0.2845144852,102892000.0,-56604000.0,40842000.0,35730000.0,166038000.0,12028000.0,-755688000.0,1907553568.83,2033662568.83,-78.82171259401193,1.1430730478589421,1.2974575282820822,-2.3584552328457353,-0.3063748333557266,-78.82171259401193,2.4965373471839447,180.00882974709822,-3.3746719518766715,-33.699978249417,0.0,0.6303624875290987,0.0,0.10299148621855926,0.7657990484186957,-1.3734206741048867,-71.61830556898818,0.28451448523166933,0.5110327005267866,-0.002048987151404708,-0.8566695493662642,-1.1912120465411398,-0.021739130434782608,-3.889757785467128,-0.044559357465067666,0.08391236819809354,-0.9401139783233573,-1.0396942175479835,Biotechnology,Healthcare,LMNL
2018Q3,2018,Q3,2018-09-30,2018-09-30,-28900000.0,12330000.0,-27267000.0,-402.44,3082000.0,0.2499594485,265834000.0,32450000.0,48972000.0,32176000.0,201848000.0,14983000.0,-651911000.0,332826071.032,468338071.032,451.87433855066007,1.522003978120338,0.590086294454434,4.834052388289677,-0.12277286781920906,451.87433855066007,-0.8906009244992296,26.993193108840227,-2.8791182615224913,10.25658154181818,0.0,0.617232863912434,0.0,0.0463823288217459,0.9907384385877673,-0.10871446090417328,-24.631888027827117,0.24995944849959448,0.12814402391732918,-1.500838932843315,0.41498432054316314,11.255500765650343,-0.17791411042944785,0.12601687482989082,-0.0025000919151439392,-1.2123897946493423,0.7614167340495235,-0.7878905755538257,Biotechnology,Healthcare,LMNL
2018Q2,2018,Q2,2018-06-30,2018-06-30,-33067000.0,20155000.0,-27199000.0,-461.59,3749000.0,0.1860084346,266256000.0,58318000.0,47908000.0,33137000.0,176381000.0,23192000.0,-623032000.0,368734192.983,485734192.983,814.0765247009227,1.4457554998943778,0.4838238387116159,2.208940635824274,-0.1415304983766662,814.0765247009227,-0.5670119002709284,18.29492398824113,-2.787780816093084,6.322819592287115,0.0,0.7073991031390134,0.0,0.07569782464996094,0.6621601231252074,-0.12419250645994832,-26.49523553804699,0.18600843463160507,0.050968378633989925,-8.860238205536062,1.6678821669208235,5.9456225666559375,8.90928270042194,0.04472049689440994,0.11094041120517766,-0.941570455552983,4.521838651626148,-0.652675094362698,Biotechnology,Healthcare,LMNL
2018Q1,2018,Q1,2018-03-31,2018-03-31,-34615000.0,4292000.0,-30593000.0,-486.38,-474000.0,-0.1104380242,281714000.0,100704000.0,63632000.0,34118000.0,160852000.0,36152000.0,-574929000.0,523037919.22199994,623463919.2219999,1414.9981031066898,1.865056568380327,0.4057128861185458,1.134959882427709,-0.13434783435689113,1414.9981031066898,-0.3437301398156975,121.86344809459459,-3.7775380559150653,5.193814736475214,0.0,0.1318322637751715,0.0,0.015235309569279482,0.712790902163081,-0.12287284267022583,-15.604687607315471,-0.11043802423112768,-7.291510398908968,-11.168800541876777,-0.3475837524271866,8.238698409245268,-1.1137236084452975,0.16882773855832492,0.3759587140992167,-0.31443536094455554,0.7448007042400885,0.31263663933430047,Biotechnology,Healthcare,LMNL
2017Q4,2017,Q4,2017-12-31,2017-12-31,-41646000.0,6596000.0,-49024000.0,-58.66,4168000.0,0.6318981201,283873000.0,121984000.0,72275000.0,36020000.0,140442000.0,36013000.0,-541681000.0,925932604.3199999,995160604.3199999,1783.5221872943928,2.0065241532481957,0.3254765335202714,0.757427203567681,-0.169724449601426,1783.5221872943928,-0.34140543022035674,140.3778963493026,-5.558352568794122,7.59060700026233,0.0,0.06742009829783689,0.0,0.023235742744114444,0.9472792892837313,-0.14670644971518954,-30.590128657041856,0.6318981200727714,0.7671945072826131,-22.709676080302327,-0.512100134073408,10.37170937922547,-0.7942134886935914,-1.3462535211267606,-3.6249056603773586,-4.502222341870291,-0.5149478685983755,0.35210793611853153,Biotechnology,Healthcare,LMNL
2017Q3,2017,Q3,2017-09-30,2017-09-30,-17750000.0,24034000.0,-10600000.0,-251.97,20254000.0,0.8427228094,294036000.0,149779000.0,91009000.0,32963000.0,121428000.0,32584000.0,-501292000.0,1123097201.6352,1163446201.6352,2126.2137300550794,2.7609440888268666,0.23604932729325662,0.46339607021010953,-0.04935681951947706,2126.2137300550794,-0.1185079350242691,46.729516586302736,-15.818270445566197,7.498362264637899,0.0,0.11600785661674441,0.0,0.08173829054945653,1.6744835118162789,-0.060366757811968604,-32.914166861121856,0.842722809353416,0.4651226967818629,-5.354592889510432,0.9062053367615033,23.85853164944033,8.794003868471954,0.4366331291459041,0.6518540414490754,0.35345117651105556,6.819258261053952,2.7782897029776032,Biotechnology,Healthcare,LMNL
2017Q2,2017,Q2,2017-06-30,2017-06-30,-31507000.0,3619000.0,-30447000.0,-471.08,2068000.0,0.5714285714,251788000.0,105544000.0,47708000.0,30018000.0,122191000.0,24453000.0,-481280000.0,1119234742.2816002,1175807742.2816002,1578.0628569719804,1.589313078819375,0.28144709040939203,0.6714261350716288,-0.16363814808451344,1578.0628569719804,-0.2985200485105738,309.2663007133463,-8.880841894512331,10.60443741265823,0.0,0.06342780026990553,0.0,0.014373202853193956,0.6716969818109134,-0.12513304843757447,-37.72023261935833,0.5714285714285714,-0.05427119933755567,-25.849944547532527,-0.6367772479200905,10.571838035192437,-0.16478190630048464,-0.08148834654858751,-0.057811902859326685,-2.0404181369671597,-0.35088585315813964,1.0252036301094378,Biotechnology,Healthcare,LMNL
2017Q1,2017,Q1,2017-03-31,2017-03-31,-29133000.0,4866000.0,-28783000.0,-446.83,2476000.0,0.508836827,252173000.0,127554000.0,49192000.0,26189000.0,99443000.0,17706000.0,-450359000.0,1503829604.775,1535056604.775,1956.3796990751391,1.8783458704036045,0.20361021996803783,0.4025353967731314,-0.15182029253366464,1956.3796990751391,-0.22839738463709489,309.0484185727497,-12.904863941020494,11.789748692906535,0.0,0.13498249181068564,0.0,0.01929627676238138,1.0745351101607545,-0.11552783208352996,-38.966382628326386,0.5088368269625976,-5.908317872603586,-4.424761019069471,1.8440194450226843,9.283464773494622,-0.0362008563643441,0.2735637342908438,0.25347546425977796,-1.7157330217860807,-0.31572500098914263,6.745573418772125,Biotechnology,Healthcare,LMNL
2016Q4,2016,Q4,2016-12-31,2016-12-31,-40104000.0,4111000.0,-38556000.0,-64.68,2569000.0,0.6249087813,265294000.0,132367000.0,64261000.0,32058000.0,105951000.0,13658000.0,-423026000.0,1340488929.5109,1362808929.5109,2212.052340446866,2.0045230519683073,0.18894509487587355,0.3786895525319755,-0.20121914478019737,2212.052340446866,-0.30297581723541367,326.07368754826075,-8.356329353125,10.12706285940529,0.0,0.11290086396251281,0.0,0.015496015741026936,1.4863996506332273,-0.1511681379903051,-36.753918883277585,0.624908781318414,0.8602842700997969,-8.05966211853701,-0.6952539474532098,10.791364956298573,0.36286472148541116,-0.4333607348368419,-0.36888447063835833,-2.4127807131116024,-0.3327018249922443,4.366174384608536,Biotechnology,Healthcare,LMNL
2016Q3,2016,Q3,2016-09-30,2016-09-30,-27979000.0,3737000.0,-28166000.0,-462.94,1885000.0,0.5044153064,241350000.0,120337000.0,61588000.0,20880000.0,92412000.0,12408000.0,-384454000.0,1770293259.5501997,1773562259.5501997,1991.08176974751,2.949616858237548,0.17514398176921483,0.3512718449022329,-0.1647953294163024,1991.08176974751,-0.23250538072247107,473.7204333824457,-15.818053357430571,14.711130072631025,0.0,0.14925854287556414,0.0,0.015483737310959188,2.2192049808429117,-0.11592707685933291,-70.1300661391356,0.5044153063955045,-0.11083383323335333,-4.213735631529182,-0.2992439683412469,6.438269818556431,0.09338747099767981,-0.13629533363115787,-0.2347551619832537,-1.8767823477514285,-0.49043617775918125,53.00108408872912,Biotechnology,Healthcare,LMNL
2016Q2,2016,Q2,2016-06-30,2016-06-30,-24623000.0,3295000.0,-22811000.0,-416.75,1724000.0,0.5232169954,260433000.0,146421000.0,83794000.0,12608000.0,84046000.0,5431000.0,-357850000.0,1667009238.2659998,1643591238.2659998,2478.2255471116905,6.64609771573604,0.15708838741634124,0.2794066424898068,-0.11307606974634733,2478.2255471116905,-0.16816576857144808,505.9208613857359,-16.925326303313973,11.385042024477361,0.0,0.28926532866875343,0.0,0.012652006466154444,5.805916878172589,-0.09454639005041604,-62.16472398068316,0.523216995447648,-0.35019114883690783,-10.389003245775125,-0.30950020586886107,8.49207642320047,-0.5011574074074074,-0.37076212213995435,-0.2781419846472796,-7.902427137675722,-0.4711724018024581,20.143981877632324,Biotechnology,Healthcare,LMNL
2016Q1,2016,Q1,2016-03-31,2016-03-31,-17963000.0,5249000.0,-17847000.0,-308.66,3456000.0,0.6584111259,227581000.0,107043000.0,53400000.0,14334000.0,89693000.0,5865000.0,-330454000.0,1786843674.7080002,1795118674.7080002,1839.321614516212,3.7254081205525322,0.18774414384329097,0.39915734798165226,-0.10931967668856082,1839.321614516212,-0.1678110665807199,340.41601728100596,-24.86839162038635,16.692765287856282,0.0,0.30571184995737427,0.0,0.0230643155623712,3.0190456257848473,-0.0789301391592444,-72.35649624247824,0.6584111259287483,-13.600756859035005,-3.392315501306612,0.14092730092631095,5.837413132112987,-0.623898139079334,-0.46493231120534984,-2.701929060360921,-6.722404965358877,-0.024264978115428354,11.009159331600964,Biotechnology,Healthcare,LMNL
2015Q4,2015,Q4,2015-12-31,2015-12-31,-12262000.0,14066000.0,-4821000.0,-21.14,9189000.0,0.6532774065,215288000.0,113353000.0,45139000.0,13816000.0,69961000.0,5492000.0,-313533000.0,1936120311.3600001,1929336311.3600001,1985.7227944783126,3.2671540243196295,0.10451581137824681,0.19850378904837102,-0.030433966061766616,1985.7227944783126,-0.10817534604289256,137.6454081728992,-39.47399101614745,17.08045055146313,0.0,0.8880189366351056,0.0,0.0653357363160046,2.7287927041111755,-0.05695626323808108,-142.351320591133,0.6532774065121569,0.8837822979659152,-0.8300861527520226,6.684377691280083,6.131356579761562,1.0621633752244166,-0.160734570238546,0.5833189282627484,-8.658634028103984,0.24661004282687018,11.660937266368611,Biotechnology,Healthcare,LMNL
2015Q3,2015,Q3,2015-09-30,2015-09-30,-10564000.0,5661000.0,-11570000.0,-181.9,4456000.0,0.7871400813,225621000.0,123722000.0,59829000.0,11456000.0,69241000.0,8313000.0,-301955000.0,853209791.7,832779791.7,2130.383125269049,5.222503491620111,0.09773026447006262,0.17822214319199495,-0.07281320138541285,2130.383125269049,-0.08538497599456847,150.71715098039218,-20.191447171999243,6.896184928307011,0.0,0.1449536869962709,0.0,0.02509074953129363,4.3063896648044695,-0.046821882714818214,-62.405631341427735,0.7871400812577283,0.23487843863043661,-1.5284910759687291,0.6516846449559011,8.706442805133891,1.7797878976918278,0.21875462209732288,0.09855862874951304,-4.143636945521025,-0.45538252906735865,23.903356048375556,Biotechnology,Healthcare,LMNL
2015Q2,2015,Q2,2015-06-30,2015-06-30,-13522000.0,2898000.0,-12835000.0,-237.74,1603000.0,0.5531400966,235940000.0,133311000.0,71297000.0,10862000.0,69335000.0,4034000.0,-292027000.0,1302326205.7259998,1267161205.7259998,2343.8472493274962,6.563892469158534,0.09111638552174281,0.1612620113869073,-0.07557043461430527,2343.8472493274962,-0.10143198985830126,449.38792468115935,-24.07791387601686,9.769082864324773,0.0,0.3210213187902826,0.0,0.01228278375858269,5.825538574848094,-0.057311180808680175,-72.33939930711547,0.5531400966183575,0.35751155311731475,-15.172869587037741,-0.6496382428096275,12.96248181579116,0.5136921624173749,0.3383569016979009,-0.06665004570763733,-13.540991480406452,-0.6579769205281951,15.216750714760943,Biotechnology,Healthcare,LMNL
2015Q1,2015,Q1,2015-03-31,2015-03-31,-20437000.0,1909000.0,-12033000.0,-370.03,1059000.0,0.5547407019,194476000.0,59538000.0,32487000.0,40278000.0,101415000.0,3271000.0,-275351000.0,1335540435.4292,1338112435.4292,1077.981568322138,0.8065693430656934,0.11859046874678623,0.3873660519332191,-0.13790963057218267,1077.981568322138,-0.34325976687157783,699.6021138969094,-16.337285749244018,22.43173159039941,0.0,0.25985937022317335,0.0,0.009816121269462555,0.6748845523610905,-0.10508751722577593,-183.05104652264254,0.5547407019381876,-30.297703879651618,-3.893480211784542,-0.6274559042105801,7.1811517433967635,-0.8706959706959707,-3.2161136412925613,-8.718409236690187,-3.4923188650769275,0.3171171764484949,5.56425833486936,Biotechnology,Healthcare,LMNL
2014Q4,2014,Q4,2014-12-31,2014-12-31,9222000.0,10546000.0,1559000.0,12.63,8190000.0,0.7765977622,203443000.0,69966000.0,43320000.0,38010000.0,99012000.0,2586000.0,-255856000.0,1025788042.972,1022490042.972,1319.0679084499077,1.1397000789265983,0.11700574608121193,0.3402223937340994,0.02842631981262251,1319.0679084499077,0.13180687762627563,97.26797297288071,27.808177265560616,14.661236071406112,0.0,0.9110595514307811,0.0,0.05183761545002777,1.0463825309129176,0.0453296500739765,-96.78158722256816,0.7765977621847145,1.0324078825823668,3.1009433104827657,0.5114792104688763,7.815254341919314,4.656077348066298,1.4460028050490883,1.1661869736701844,0.8314108303214713,-0.11805233446122815,6.83868431032033,Biotechnology,Healthcare,LMNL
2014Q3,2014,Q3,2014-09-30,2014-09-30,-20677000.0,2315000.0,-9381000.0,-389.72,1448000.0,0.6254859611,137955000.0,29857000.0,20144000.0,33100000.0,95555000.0,3512000.0,-264354000.0,891293007.1552,903565007.1552,562.7450241254523,0.6085800604229608,0.16422021673734188,0.758783534849449,-0.17787100945837478,562.7450241254523,-0.6925344140402586,385.0077784687689,-10.776382056816754,29.852061732766188,0.0,0.24686788154897493,0.0,0.016780834330035157,0.4762537764350453,-0.14988220796636584,-103.8439947751602,0.6254859611231102,-1.9743000000000002,-8.206519016959456,-0.542202078778196,5.036380665584339,-0.3954070981210856,-1.8630159856421387,-1.6566109050185482,-3.3891449677668133,-0.5054954159198317,2.5370334492251136,Biotechnology,Healthcare,LMNL
2014Q2,2014,Q2,2014-06-30,2014-06-30,23959000.0,4411000.0,14287000.0,400.0,2395000.0,0.5429607799,129858000.0,41232000.0,13890000.0,26523000.0,73520000.0,2665000.0,-246145000.0,591071926.725,599483926.725,779.2119436832656,0.5236964144327565,0.0804494139752653,0.25337116802483506,0.27464143171977423,779.2119436832656,0.5810778036476523,133.99952997619587,6.167535443100713,14.33527179678405,0.0,0.7564727954971857,0.0,0.03396787259930077,0.39546808430418884,0.1845015324431302,-71.84537823325635,0.5429607798685105,3.4311675682246396,3.8467738980691024,0.14285742010978195,6.622961863876538,-0.3955073195355881,3.7679066543438076,4.680319422977846,13.373631486393066,0.03211699855317261,3.355683661944955,Biotechnology,Healthcare,LMNL
2014Q1,2014,Q1,2014-03-31,2014-03-31,-8656000.0,5738000.0,-3882000.0,-164.53,3962000.0,0.6904844894,45378000.0,13288000.0,29944000.0,27748000.0,34477000.0,4636000.0,-272832000.0,632788943.35,632390943.35,252.58035697314148,1.079140838979386,0.21851998765921812,0.7462372065021071,-0.1749137845666483,252.58035697314148,-0.6514148103552077,110.28040142035553,-18.276020776051293,47.62108243151716,0.0,0.3830888697152718,0.0,0.12644894001498524,0.8778290327230791,-0.19075322843668738,-83.6137610134778,0.6904844893691182,-7.153121902874132,-1.566254417002388,-0.10011868707480026,5.5889527935475165,0.2625876354365838,0.10633904604583935,0.44795221843003413,-1.3413829794458871,0.3796931069376244,1.6642859661370497,Biotechnology,Healthcare,LMNL
2013Q4,2013,Q4,2013-12-31,2013-12-31,-9686000.0,5078000.0,-7032000.0,-20.18,3138000.0,0.6179598267,49872000.0,20332000.0,35410000.0,24793000.0,31234000.0,2979000.0,-264858000.0,447386545.29029995,442918545.29029995,412.22147882326703,1.428225708869439,0.2592236124478665,0.6358449734408814,-0.27593558076118996,412.22147882326703,-0.4763918945504623,88.10290375941315,-11.547247194153933,22.004059870662008,0.0,0.6512252433702584,0.0,0.10182066089188323,1.2699552292985923,-0.19421719602181584,-38.14687459842258,0.6179598267034265,0.8745960725826497,0.010151576248357823,-0.24042656381777516,7.568547101569833,-0.2898845892735913,-0.22545546558704455,-2.2124257651895842,-0.6730911474039029,2.210670216669185,2.0652319666978145,Biotechnology,Healthcare,LMNL
2013Q3,2013,Q3,2013-09-30,2013-09-30,-7904000.0,5960000.0,-2189000.0,-160.92,4419000.0,0.741442953,27422000.0,1811000.0,18070000.0,20645000.0,26813000.0,3116000.0,-255977000.0,371908088.90040004,376684088.90040004,36.871144410285645,0.8752724630661177,0.46681496608562467,7.068470458310326,-0.21997399855692193,36.871144410285645,-4.364439536167863,62.4006860571141,-11.763287224835528,205.36062335748207,0.0,0.4945442875481386,0.0,0.21734373860404055,0.7092758537176072,-0.2882357231420028,-49.15517960618557,0.7414429530201342,-2.4377269814142273,-0.4563862625860137,0.04248568739546641,-0.8361066180296838,0.301620029455081,-2.4500218245307726,0.06890684814972352,-1.2368525133184307,1.0560687003805027,1.1333775893112246,Biotechnology,Healthcare,LMNL
2013Q2,2013,Q2,2013-06-30,2013-06-30,-2291000.0,5161000.0,-2351000.0,-46.81,3395000.0,0.6578182523,19897000.0,5736000.0,13504000.0,10909000.0,15316000.0,2262000.0,-250717000.0,154824908.1456,155424908.1456,117.20713541347392,1.2378769823081859,0.31859074232296325,1.1051255230125523,-0.1690327175506476,117.20713541347392,-0.3994072524407252,29.999013397713618,-16.89490486093409,26.991790123012553,0.0,0.7807250221043325,0.0,0.25938583706086343,0.9099825831881933,-0.11514298637985626,-72.68775030309858,0.6578182522766906,-0.17112834625969486,0.7582828618965443,1.787474983696986,0.7348352938707884,0.09586830213040672,-0.1919875130072841,-0.4804785894206549,-2.1845849072970456,-0.2748401271641056,1.598199488668447,Biotechnology,Healthcare,LMNL
2013Q1,2013,Q1,2013-03-31,2013-03-31,-1922000.0,4445000.0,-1588000.0,-39.97,3098000.0,0.6969628796,20168000.0,7365000.0,14328000.0,10854000.0,13910000.0,2498000.0,-248265000.0,218687057.97120002,218637057.97120002,153.15989768544512,1.3200663349917081,0.3718266560888536,1.018194161575017,-0.093376382047312,153.15989768544512,-0.26096401900882554,49.19843823874016,-28.445246874505724,29.692743784276992,0.0,0.5392313851080864,0.0,0.22039865132883776,1.0359314538419016,-0.09529948433161443,-66.47023038638298,0.696962879640045,-15.914179104477611,0.8187290221312031,0.39979968048526393,2.99482524275045,-0.5193173002327386,-2.6274343776460625,-2.0440499671268904,0.47142173903525647,-0.0036802377130844065,1.8782196249147287,Biotechnology,Healthcare,LMNL
2012Q4,2012,Q4,2012-12-31,2012-12-31,1181000.0,8323000.0,1521000.0,2.68,6445000.0,0.7743602067,22991000.0,6604000.0,17318000.0,13071000.0,17172000.0,1238000.0,-246470000.0,87325580.979,95389580.979,156.83853041062056,1.3249177568663453,0.40315775738332393,1.4035433070866141,0.0948808737922343,156.83853041062056,0.17883101150817687,10.492079896551724,18.485516718670617,13.223134612204724,0.0,1.5169628432956381,0.0,0.3620112217824366,1.2070231810879046,0.051367926579966076,238.59448354918032,0.7743602066562537,-0.9732,1.1267056812951954,1.781516929093342,1.528616945382673,0.001865381625990984,-0.5235982250907624,-0.4489130434782609,1.3389258583941621,0.5026571307102596,1.8103407478219442,Biotechnology,Healthcare,LMNL
2012Q3,2012,Q3,2012-09-30,2012-09-30,2479000.0,7668000.0,2760000.0,100.0,6433000.0,0.8389410537,15564000.0,-3985000.0,10182000.0,18894000.0,20167000.0,1944000.0,-247120000.0,58066633.014,59762633.014,-93.01619905700014,0.538901238488409,0.1448213826779748,-0.5656210790464241,-2.61319242582589,-93.01619905700014,-0.6220828105395232,7.5725916815336465,5.855852462081485,-14.571300630865746,0.0,0.6352880658436214,0.0,0.4926754047802621,0.424949719487668,0.15927782061166795,-460.84629376190475,0.8389410537297861,51.63157894736842,1.196689086962997,5.536993407395384,-1.4429395794807627,0.2930653266331658,2.106516290726817,1.2420796100731113,0.06998897717615887,0.8778880262125652,0.3328261088700075,Biotechnology,Healthcare,LMNL
2012Q2,2012,Q2,2012-06-30,2012-06-30,798000.0,6271000.0,1231000.0,1.9,4975000.0,0.7933343964,13929000.0,-6940000.0,8397000.0,16868000.0,21483000.0,1470000.0,-249548000.0,51293431.02,56966431.02,-164.86518588906046,0.49780649751007827,0.45552444540167997,-0.9142651296829971,28.474806701030932,-164.86518588906046,-0.11498559077809799,8.179465957582524,16.069370620300752,-7.390984296829972,0.0,0.8816326530612245,0.0,0.45021178835523007,0.38949490158880723,0.057290544906310574,-39.18520322383499,0.793334396428002,1.0230666504795436,-0.8885871741625007,0.15703830124173312,-1.6463298880429538,33.79020979020979,1.240072202166065,1.3248878332013725,1.119188805018476,1.042396614662629,-0.189702827902139,Biotechnology,Healthcare,LMNL
2012Q1,2012,Q1,2012-03-31,2012-03-31,-3324000.0,1059000.0,-3789000.0,-82.37,143000.0,0.13503305,9152000.0,-9531000.0,3621000.0,15006000.0,19275000.0,1554000.0,-250279000.0,45112761.6835,51222761.6835,-236.17891215462768,0.24130347860855658,0.6717657342657343,-0.6450529849963278,1.6176520415307398,-236.17891215462768,0.34875668870003146,42.59939724598678,-3.392957407002106,-4.733266360665198,0.0,0.5894465894465895,0.0,0.11571241258741259,0.1290150606424097,-0.3631993006993007,-25.82298894304522,0.13503305004721436,-10.061606160616062,0.5891700798498097,-0.7972735066120363,-1.5227958062091453,-0.9816053511705686,-1.9371299689878771,-2.0884803217466246,-0.2847131584338869,-0.7834873156055835,-3.2909666123571166,Biotechnology,Healthcare,LMNL
2011Q4,2011,Q4,2011-12-31,2011-12-31,3547000.0,8423000.0,3481000.0,9.09,7774000.0,0.922949068,8692000.0,-8441000.0,3184000.0,11813000.0,17260000.0,1243000.0,-246051000.0,48539618.368,54923618.368,-225.91868961271845,0.26953356471683737,0.7661067648412333,-0.7888875725624926,-4.154220350716821,-225.91868961271845,-0.4202108754886862,5.762747045945625,3.4211741167183534,-5.750458283141808,0.0,0.5221238938053098,0.0,0.9690520018407731,0.14500973503767037,0.40807639208467555,-39.52737652117264,0.9229490680280186,1.1023763937380335,1.386321656031483,33.68260455119112,-3.5176124047303925,1.6769972451790633,2.0572280178837556,5.9446022727272725,1.4785123640143252,0.6632273445804381,-5.696006958680222,Biotechnology,Healthcare,LMNL
2011Q3,2011,Q3,2011-09-30,2011-09-30,-3355000.0,3334000.0,-704000.0,-88.79,2904000.0,0.8710257948,9428000.0,-13834000.0,4128000.0,21388000.0,23198000.0,1065000.0,-249591000.0,43897706.160000004,45643706.160000004,-366.1241233293635,0.19300542360201983,0.19707254985150616,-0.13430678039612548,0.10302889923284055,-366.1241233293635,0.2425184328466098,13.166678512297542,-3.2710660327868855,-3.1731752320370106,0.0,0.40375586854460094,0.0,0.35362749257530757,0.1392837104918646,-0.3558549002969877,-25.09874566037736,0.8710257948410318,-1.426619294889314,0.7998049474109633,2.349407778790928,-2.1551884728384123,0.09378531073446328,-1.4560761346998536,0.5353135313531353,0.19640990878429218,-0.24194303366443834,-2.62743309851341,Biotechnology,Healthcare,LMNL
2011Q2,2011,Q2,2011-06-30,2011-06-30,-1366000.0,3015000.0,-1515000.0,-36.59,2655000.0,0.8805970149,8589000.0,-12348000.0,3272000.0,17179000.0,22215000.0,919000.0,-247612000.0,52944541.720000006,57367541.720000006,-330.7795338869542,0.19046510274171954,0.5149609966235883,-0.3581956592160674,0.17123566220199618,-330.7795338869542,0.11062520246193716,17.560378679933667,-9.689703828696926,-4.2877017913832205,0.0,0.39173014145810664,0.0,0.35103038770520434,0.1289947028348565,-0.15904063336826174,-17.20654589535262,0.8805970149253731,0.47929415113135043,0.9296454267631058,0.7794395928207876,-1.3780572859913147,0.10486891385767791,0.4546906187624751,0.20388859695218076,0.8110572836396571,1.1348213470781299,-5.896015996405352,Biotechnology,Healthcare,LMNL
2011Q1,2011,Q1,2011-03-31,2011-03-31,-2505000.0,2818000.0,-1903000.0,-70.27,2403000.0,0.8527324344,8236000.0,-13554000.0,2852000.0,17708000.0,22889000.0,930000.0,-245939000.0,77683731.8794,81123731.8794,-380.228350211799,0.16105714931104587,0.437591063623118,-0.2658993655009591,0.20884785742137016,-380.228350211799,0.18481629039397965,27.566973697444997,-7.752867453033932,-5.73142481034381,0.0,0.44623655913978494,0.0,0.3421563865954347,0.0937994126948272,-0.30415250121418164,-32.95873223563852,0.8527324343506033,-5.0214224507283625,0.8573627900672436,1.0643016604573337,-1.592055493140565,2.8633440514469455,0.386780905752754,0.48005464480874316,0.6812961411462739,0.19712585610265845,-3.9522696376411512,Biotechnology,Healthcare,LMNL
2010Q4,2010,Q4,2010-12-31,2010-12-31,-4085000.0,1116000.0,-3660000.0,-11.67,622000.0,0.5573476703,8593000.0,-13468000.0,3294000.0,8854000.0,22061000.0,1032000.0,-242965000.0,38963768.256000005,53125768.256000005,-386.9781340689021,0.3720352383103682,1.6774118468520889,-1.0702405702405702,-4.08808728777689,-386.9781340689021,0.3033115533115533,34.91377083870968,-2.3845635407588746,-2.8930626860706865,0.0,0.4786821705426357,0.0,0.12987315256604212,0.23063022362773888,-0.47538694286046784,-18.466240879620855,0.557347670250896,0.8377814845704754,0.6709919044335259,-0.6951207773506053,-1.3232313570570466,-0.6855409504550051,-0.6236089030206677,-0.5180423060970551,0.4697558686719538,-0.5487641189168181,-7.239024713744268,Biotechnology,Healthcare,LMNL
2010Q3,2010,Q3,2010-09-30,2010-09-30,-2516000.0,2064000.0,-2411000.0,-71.94,1978000.0,0.9583333333,10395000.0,-9668000.0,4723000.0,9578000.0,20063000.0,1261000.0,-238621000.0,27113195.9584,39696195.958399996,-276.44182655191145,0.49310920860304863,1.3365079365079364,-1.4370086884567645,-0.5869818614620175,-276.44182655191145,0.2602399669011171,13.136238351937985,-2.6940774998410175,-2.804426557550683,0.0,0.06819984139571768,0.0,0.19855699855699857,0.3345166005429108,-0.24203944203944203,-8.304194780520675,0.9583333333333334,-3.8938775510204082,0.8495911904553051,0.569584421564045,-1.21075251854143,0.5030395136778115,-3.894941634241245,-4.275711159737418,0.7554592593051647,1.155472491623289,-2.31640539653488,Biotechnology,Healthcare,LMNL
2010Q2,2010,Q2,2010-06-30,2010-06-30,-514000.0,5085000.0,-457000.0,-14.7,1316000.0,0.2588003933,14634000.0,-6851000.0,9178000.0,8997000.0,21485000.0,1166000.0,-232403000.0,34074716.66,44214716.66,-195.93319224389407,1.0201178170501277,0.9827114937816045,-2.0991096190337175,-0.06553561663709308,-195.93319224389407,0.0750255437162458,6.701025891838741,-16.57330576848249,-4.973685105823967,0.0,3.2324185248713553,0.0,0.34747847478474786,0.8600644659330888,-0.03512368457017904,-19.197023470422533,0.25880039331366766,0.8056069822798201,-1.2308632989747637,0.33955416495101,-1.0893940345749513,-0.3982624599908551,0.8009295120061968,0.8463865546218488,-1.0863932830297438,0.1295005654469803,-1.768127470478275,Biotechnology,Healthcare,LMNL
2010Q1,2010,Q1,2010-03-31,2010-03-31,-2582000.0,3168000.0,-2975000.0,-75.62,2187000.0,0.6903409091,19177000.0,-5955000.0,13695000.0,13169000.0,25132000.0,1625000.0,-231463000.0,59355431.805599995,66927431.805599995,-174.3981725531541,1.0399422887083303,0.8169682432080096,-2.6308984047019313,-0.2723566114567874,-174.3981725531541,0.4335852225020991,18.73593175681818,-5.747040260030983,-9.967326919496221,0.0,0.6036923076923076,0.0,0.1651978933096939,0.8955121877135698,-0.134640454711373,-11.89726033385448,0.6903409090909091,-8.3128078817734,0.7494307367791817,-0.8232028761169594,-1.106396678013392,-0.3083491461100569,0.03656716417910448,-0.6221374045801527,0.622849399455177,-0.2832672706927323,-1.3860405333801997,Biotechnology,Healthcare,LMNL
2009Q4,2009,Q4,2009-12-31,2009-12-31,-2680000.0,4260000.0,-1834000.0,-8.12,3162000.0,0.7422535211,11084000.0,-6268000.0,5434000.0,13230000.0,17352000.0,2128000.0,-228279000.0,59972874.72,65823874.72,-193.54639493592714,0.4107331821617536,0.572356549981956,-1.0121250797702617,-26.548699334543254,-193.54639493592714,0.42756860242501593,14.078139605633803,-5.594484582089552,-9.568103816209318,0.0,0.5159774436090225,0.0,0.38433778419343195,0.23469387755102042,-0.24178996752075063,-13.67994405109489,0.7422535211267606,-1.1501479289940828,0.06129648415336992,14.434978195705558,-2.053179860839416,0.19230769230769232,-2.515837104072398,-3.7146529562982007,-3.0801776533810843,19.237289343356966,-3.1568592028258022,Biotechnology,Healthcare,LMNL
2009Q3,2009,Q3,2009-09-30,2009-09-30,1768000.0,3116000.0,-389000.0,54.08,2652000.0,0.8510911425,12579000.0,-4558000.0,6437000.0,13232000.0,17137000.0,2386000.0,-225907000.0,56717908.752000004,58348908.752000004,-139.41822408466643,0.48647218863361547,0.3144924079815566,-0.8679245283018868,1.3161810860878485,-139.41822408466643,-0.3878894251864853,18.202153001283698,8.02006628280543,-12.443595601579641,0.0,0.1944677284157586,0.0,0.24771444470943635,0.29708282950423215,0.14055171317274823,-81.49124820689656,0.8510911424903723,1.3400188619930837,1.106467076625877,-0.4124264670794361,-1.0570094657314113,1.1755537325676784,1.346938775510204,0.9111263422435458,1.1219292012655666,2.6179664078540203,-1.4398899583607214,Biotechnology,Healthcare,LMNL
2009Q2,2009,Q2,2009-06-30,2009-06-30,-5096000.0,2337000.0,-4377000.0,-159.05,1219000.0,0.5216089003,15999000.0,-4440000.0,6063000.0,15572000.0,20439000.0,2672000.0,-226049000.0,59573894.4,63799894.4,-138.57677902621722,0.3893526843051631,0.30045627851740736,-1.0826576576576576,,-138.57677902621722,1.1477477477477478,25.491610783055197,-2.9225811616954473,-13.417543783783783,0.0,0.4184131736526946,0.0,0.1460716294768423,0.20613922424865141,-0.3185199074942184,-63.8519768488746,0.5216089002995293,-1.480892216502886,-0.1602340915497856,-0.8602438387601864,-1.0476908879119695,-0.6441914769410391,-1.5041769041769042,-1.718633540372671,0.6942006658111318,0.6070157303370788,-1.1583833206499843,Biotechnology,Healthcare,LMNL
2009Q1,2009,Q1,2009-03-31,2009-03-31,-2035000.0,3847000.0,-1610000.0,-64.11,3426000.0,0.8905640759,17892000.0,-1747000.0,7618000.0,14911000.0,19639000.0,2744000.0,-220934000.0,64089408.0,69813408.0,-55.04095778197858,0.5108979947689625,0.34361725911021684,-3.519175729822553,,-55.04095778197858,1.1648540354894104,16.65958097218612,-7.873391646191646,-36.685408128219805,0.0,0.15342565597667637,0.0,0.21501229599821148,0.3143987660116692,-0.11373798345629331,-59.177662049861496,0.8905640759033012,-2.3012358393408854,-1.1199128286863191,1.277157205323557,-1.018042637670915,-0.19274269557021678,0.6507636862879698,0.5993031358885017,0.8698615642472776,2.1649760147976504,-1.0857045546035329,Biotechnology,Healthcare,LMNL
2008Q4,2008,Q4,2008-12-31,2008-12-31,-5827000.0,3981000.0,-4018000.0,-19.42,4244000.0,1.0660638031,19152000.0,1413000.0,8137000.0,13348000.0,17739000.0,2567000.0,-218897000.0,57139518.24,61082518.24,48.10867862857921,0.6096044351213665,0.25375939849624063,3.4394904458598727,-0.799384621414783,48.10867862857921,-4.123849964614296,14.353056578749058,-2.4514981225330357,40.43844178343949,0.0,-0.1024542267238021,0.0,0.20786340852130325,0.39938567575666767,-0.304250208855472,-52.46971371900827,1.0660638030645566,0.8242374875554349,-3.886159205137414,25.543250769157368,-0.8708052418175565,0.8828748890860693,-0.8422383812835915,-0.34381270903010036,0.4438941166060811,0.2887057303657874,-0.9598162477144814,Biotechnology,Healthcare,LMNL
2008Q3,2008,Q3,2008-09-30,2008-09-30,-3163000.0,3332000.0,-2990000.0,-110.49,2254000.0,0.6764705882,22092000.0,6440000.0,11250000.0,11819000.0,15652000.0,2799000.0,-213724000.0,48700841.279999994,50054841.279999994,224.97030671417593,0.9518571791183688,0.2559297483251856,0.8779503105590062,-0.2541399380510774,224.97030671417593,-0.4911490683229814,14.61609882352941,-3.849260297186215,7.562242434782608,0.0,0.3851375491246874,0.0,0.15082382762991128,0.6410017768000676,-0.14317399963787797,-12.433199203472043,0.6764705882352942,0.42949346827076984,-1.1967404776975306,2.7550414839581565,-0.9030089381585278,2.8333333333333335,0.42947330447330445,0.38018242122719736,0.7689882606707065,2.095652478304426,-0.828488115100241,Biotechnology,Healthcare,LMNL
2008Q2,2008,Q2,2008-06-30,2008-06-30,-5544000.0,1083000.0,-4824000.0,-193.67,588000.0,0.5429362881,19821000.0,1934000.0,8632000.0,13432000.0,17887000.0,2712000.0,-209547000.0,46685570.88,50528570.88,67.56095856913295,0.642644431209053,0.3213258665052217,3.2931747673216134,-0.672871378410269,67.56095856913295,-2.8665977249224404,43.10763700831025,-2.1052295670995673,24.139385149948296,0.0,0.18252212389380532,0.0,0.05463901922203723,0.4201161405598571,-0.27970334493718785,-6.728966687806285,0.5429362880886427,0.12163816953149811,0.6847300998184326,0.09221121295594364,-0.9764073146080537,-0.5148514851485149,0.0555366269165247,0.002275077559462254,-4.0415873004799865,-0.6515158221709578,-0.9691754796771339,Biotechnology,Healthcare,LMNL
2008Q1,2008,Q1,2008-03-31,2008-03-31,-5870000.0,1758000.0,-4835000.0,-220.49,1212000.0,0.6894197952,17509000.0,-2044000.0,6503000.0,13958000.0,19553000.0,2415000.0,-203306000.0,43672858.56000001,50134858.56000001,-76.7786041619713,0.46589769307923773,0.3956822205722771,-3.3894324853228963,-1.180639516173852,-76.7786041619713,2.871819960861057,24.84235412969284,-1.860002494037479,-21.366369158512722,0.0,0.22608695652173913,0.0,0.10040550573990518,0.2520418398051297,-0.3352561539779542,-11.38499962460897,0.689419795221843,-9.68783325254484,0.5462200509742278,0.8970453108398299,-1.021878176404846,-0.2961672473867596,-0.09433258762117823,0.1921470342522974,0.26935096306293066,-0.8741630885505723,-1.0468410207844876,Biotechnology,Healthcare,LMNL
2007Q4,2007,Q4,2007-12-31,2007-12-31,-5364000.0,1722000.0,-5985000.0,-20.63,1722000.0,1.0,19387000.0,1503000.0,8323000.0,11690000.0,17884000.0,2233000.0,-197475000.0,38678149.120000005,43219149.120000005,62.02542093100033,0.7119760479041917,0.34579873110847476,4.4604125083167,-0.7153852550978615,62.02542093100033,-3.568862275449102,22.46117835075494,-1.8026728709917974,25.7339648170326,0.0,0.0,0.0,0.08882240676742147,0.47151411462788706,-0.2766802496518285,-7.481266754352032,1.0,0.9298752506883307,-3.4073596144230636,9.035827007701993,-0.8508784353002754,1.6330275229357798,0.23665860253308665,0.037936023147403956,-1.5109441947178188,7.3384285047995155,-0.6624895844417956,Biotechnology,Healthcare,LMNL
2007Q3,2007,Q3,2007-09-30,2007-09-30,-7027000.0,654000.0,-6221000.0,-294.19,654000.0,1.0,24524000.0,5016000.0,12469000.0,11977000.0,19508000.0,1889000.0,-191341000.0,37908037.44,38197037.44,209.99748806832454,1.0410787342406278,0.3114092317729571,1.5225279106858054,-0.5514619745456869,209.99748806832454,-1.4009170653907497,57.963359999999994,-1.3486565191404583,7.5574237320574165,0.0,0.0,0.0,0.02666775403686185,0.8271687400851633,-0.2865356385581471,-13.705002689804772,1.0,-2.7290038201586837,0.21436476507702137,-0.6950803795571353,-0.9549243569430782,-0.783658617267615,-2.758948685857322,-2.5247549019607844,0.420818916896546,-0.8312072181772964,-0.9141299878239498,Biotechnology,Healthcare,LMNL
2007Q2,2007,Q2,2007-06-30,2007-06-30,3995000.0,3023000.0,4080000.0,170.15,3023000.0,1.0,25741000.0,5989000.0,13274000.0,11087000.0,19752000.0,1933000.0,-183743000.0,39989432.800000004,43643432.800000004,255.07900677200902,1.1972580499684315,0.3346800823588827,1.4384705293037234,0.2764689563200217,255.07900677200902,0.667056269828018,13.228393251736687,2.502467634543179,6.677146902654868,0.0,0.0,0.0,0.1174391049298784,0.9504825471272662,0.15519987568470534,-4.854854048804177,1.0,1.8486707566462166,-0.668109333591614,0.02890868953172438,-0.9539570851273621,0.17125145292522279,1.8487359252177609,2.0284850012603983,2.241211807294195,-0.7533033173680522,-0.9122151315238831,Biotechnology,Healthcare,LMNL
2007Q1,2007,Q1,2007-03-31,2007-03-31,-4707000.0,3039000.0,-3967000.0,-200.49,2581000.0,0.8492925304,31679000.0,10606000.0,19355000.0,11350000.0,21073000.0,2264000.0,-178929000.0,43359201.760000005,39042201.760000005,451.7612982919453,1.7052863436123349,0.29473783894693645,0.8803507448613992,-0.2334917482405904,451.7612982919453,-0.4438053931736753,14.267588601513658,-2.3029106522200977,4.088176669809542,0.0,0.20229681978798586,0.0,0.09593105842987468,1.429603524229075,-0.1485842356134979,-6.208362222222223,0.849292530437644,-6.039969834087481,0.5458370192823331,2.5448751000922276,-0.8503883438795752,1.3357466063348415,-1.6959929025580365,-1.6062041564792175,-1.3749814249702752,1.4320127629749813,-0.851910908761612,Biotechnology,Healthcare,LMNL
