Quarters,Year,Quarter,FillingDate,Date,NetIncome,Revenue,OperatingIncome,EPSDiluted,GrossProfit,GrossProfitRatio,TotalAssets,CommonStockEquity,CurrentAssets,CurrentLiability,TotalLiability,Inventory,RetainedEarnings,MarketCap,EnterpriseValue,bookValuePerShare,currentRatio,debtToAssets,debtToEquity,roic,shareholdersEquityPerShare,roe,priceToSalesRatio,peRatio,pbRatio,payoutRatio,inventoryTurnover,dividendYield,assetTurnover,quickRatio,returnOnAssets,priceToFreeCashFlowsRatio,grossProfitMargin,epsdilutedGrowth,fiveYNetIncomeGrowthPerShare,fiveYRevenueGrowthPerShare,fiveYShareholdersEquityGrowthPerShare,grossProfitGrowth,netIncomeGrowth,operatingIncomeGrowth,threeYNetIncomeGrowthPerShare,threeYRevenueGrowthPerShare,threeYShareholdersEquityGrowthPerShare,Industry,Sector,Symbol
2023Q1,2023,Q1,2023-05-01,2023-03-31,-1385000.0,19647000.0,-1022000.0,-0.0665,16874000.0,0.8588588589,137630000.0,87945000.0,16730000.0,27969000.0,49685000.0,0.0,-76341000.0,57896279.99999999,69167280.0,4.222846441947565,0.5981622510636776,0.16071350722952846,0.25150946614361247,-0.01064249026588113,4.222846441947565,-0.01574847916311331,2.9468254695373335,-10.450592057761732,0.6583237250554324,0.0,0.0,0.0,0.1427523069098307,0.5129607780042189,-0.010063212962290199,-79.09327868852458,0.8588588588588588,-0.6062801932367151,0.8306945519553619,0.5074585904784507,-0.39780010085501505,-0.005891363261458701,-0.6067285382830626,-0.8024691358024691,0.6566715059119804,0.20155043469243708,0.18397803273828342,Entertainment,Communication Services,GAIA
2022Q4,2022,Q4,2023-03-06,2022-12-31,-862000.0,19577000.0,-567000.0,-0.0414,16974000.0,0.8670378505,138303000.0,88984000.0,17173000.0,27373000.0,49319000.0,0.0,-75198000.0,49518280.0,60297280.0,4.276843218302413,0.6273700361670259,0.16153662610355524,0.251067607659804,-0.006285639768078188,4.276843218302413,-0.009687134765800593,2.529411043571538,-14.36145011600928,0.5564852108244178,0.0,0.0,0.0,0.14155152093591608,0.530340116172871,-0.00623269198788168,-65.67411140583555,0.8670378505388977,0.8028571428571429,0.8872999194168,0.693808905339823,-0.14813586071001417,-0.016513123587693378,0.8058558558558558,-0.8712871287128713,0.7288757387387844,0.1788536952638725,0.1420389021563253,Entertainment,Communication Services,GAIA
2022Q3,2022,Q3,2022-11-07,2022-09-30,-4440000.0,19907000.0,-303000.0,-0.21,17259000.0,0.8669814638,136859000.0,89352000.0,16700000.0,34524000.0,47507000.0,0.0,-74276000.0,50558580.0,60038580.0,4.294530423916178,0.48372146912292896,0.14848128365690236,0.2274263586713224,-0.004882854466227192,4.294530423916178,-0.049691109320440505,2.5397387853518865,-2.846766891891892,0.5658360193392427,0.0,0.0,0.0,0.1454562725140473,0.40441432047271464,-0.03244214848859045,-18.024449197860964,0.8669814638067012,-38.5,0.37841361987965677,0.9284649101205468,-0.1987820317119333,-0.03908468348087523,-39.275862068965516,-2.0167785234899327,0.05375853119292507,0.28704541177937615,0.10794109484808162,Entertainment,Communication Services,GAIA
2022Q2,2022,Q2,2022-08-01,2022-06-30,116000.0,20720000.0,298000.0,0.0056,17961000.0,0.8668436293,131421000.0,91390000.0,11445000.0,26822000.0,40031000.0,0.0,-71901000.0,88349000.0,95054000.0,4.39628631903021,0.42670196107672803,0.09815782865752049,0.1411532990480359,0.0012539885454922724,4.39628631903021,0.0012692854798117955,4.263947876447877,190.4073275862069,0.9667250246197614,0.0,0.0,0.0,0.1576612565723895,0.3417716799642085,0.0008826595445172385,-40.1768985902683,0.8668436293436294,6.090909090909091,1.0134038380670063,1.303662650989853,-0.22459403342595102,-0.050988058755151645,6.043478260869565,-0.029315960912052116,1.0224104912809522,0.3586526177041461,0.05351177495563701,Entertainment,Communication Services,GAIA
2022Q1,2022,Q1,2022-05-02,2022-03-31,-23000.0,21831000.0,307000.0,-0.0011,18926000.0,0.8669323439,132785000.0,90841000.0,13210000.0,28511000.0,41944000.0,0.0,-72017000.0,100687800.0,105413800.0,4.438846811629611,0.4633299428290835,0.09883646496215687,0.14447220968505411,-0.0002575061436239516,4.438846811629611,-0.00025318963903964067,4.612147863130411,-1094.4326086956523,1.108395988595458,0.0,0.0,0.0,0.16440863049290205,0.39626810704640314,-0.00017321233573069247,-102.95276073619632,0.8669323439146168,-1.0110000000000001,0.9972443361742401,1.794680853760038,-0.267124520728023,0.05873797270082792,-1.0110417666826692,1.1928571428571428,0.9970106995698217,0.5307711258283805,0.05413257748999445,Entertainment,Communication Services,GAIA
2021Q4,2021,Q4,2022-02-28,2021-12-31,2083000.0,20829000.0,140000.0,0.1,17876000.0,0.8582265111,133676000.0,90215000.0,14983000.0,29809000.0,43461000.0,0.0,-72103000.0,166609370.0,170543370.0,4.640450594105242,0.5026334328558489,0.10624943894191927,0.15743501634983095,0.03604412011905115,4.640450594105242,0.023089286703984926,7.998913534015075,19.99632381180989,1.846803414066397,0.0,0.0,0.0,0.15581705018103473,0.4360092589486397,0.01558245309554445,72.56505662020906,0.8582265111143118,2.3333333333333335,1.4897488919090636,2.411708871103751,-0.27931404903261114,0.005455874908600034,2.2194744976816074,-0.8071625344352618,1.1729980667230315,0.5481193419561103,0.019059241742377442,Entertainment,Communication Services,GAIA
2021Q3,2021,Q3,2021-11-01,2021-09-30,647000.0,20405000.0,726000.0,0.03,17779000.0,0.8713060524381279,115675000.0,77871000.0,18880000.0,23985000.0,37804000.0,0.0,-74186000.0,183134640.0,182268640.0,4.0310073506574176,0.7871586408171775,0.11724227361141128,0.1741598284342053,0.007344535604811379,4.0310073506574176,0.008308612962463562,8.974988483214899,70.76299845440495,2.351769464884232,0.0,0.0,0.0,0.17639939485627837,0.7094850948509485,0.0055932569699589365,237.8371948051948,0.8713060524381279,0.0,-0.9949523803720324,2.583549207259341,-0.39747433474611965,0.0498996102515649,0.006220839813374806,0.04460431654676259,1.0580088401458463,0.6594931240667253,-0.21642539628979598,Entertainment,Communication Services,GAIA
2021Q2,2021,Q2,2021-08-02,2021-06-30,643000.0,19443000.0,695000.0,0.03,16934000.0,0.8709561281695212,114144000.0,76691000.0,18226000.0,23419000.0,37453000.0,0.0,-74833000.0,211755320.0,211793320.0,3.980226281918206,0.7782569708356463,0.12069841603588449,0.179642982879347,0.007087208353728177,3.980226281918206,0.008384295419279968,10.891082651854138,82.33099533437014,2.76114954818688,0.0,0.0,0.0,0.1703374684608915,0.7074170545283744,0.005633235211662461,4505.432340425532,0.8709561281695212,0.4999999999999999,1.3363135873418108,4.908348212515167,0.2914692558749307,0.02892210475148864,0.7960893854748603,0.6391509433962265,1.0940327957897575,0.7258589321360651,-0.30140640272038394,Entertainment,Communication Services,GAIA
2021Q1,2021,Q1,2021-05-03,2021-03-31,358000.0,18896000.0,424000.0,0.02,16458000.0,0.870977984758679,112170000.0,75277000.0,17038000.0,22643000.0,36893000.0,0.0,-75476000.0,228299890.0,229247890.0,3.920472892036873,0.7524621295764695,0.12474815012926807,0.18588679145024375,0.004369107115255809,3.920472892036873,0.004755768694289092,12.081916278577477,159.42729748603352,3.0327974015967696,0.0,0.0,0.0,0.1684585896407239,0.6878063860795831,0.0031915842025497013,551.4490096618357,0.870977984758679,0.0,1.0599917518068231,-0.31663217542404243,0.2531842710678047,0.014485606854465882,0.15483870967741936,-0.1329243353783231,1.0474663899849528,0.5725376151132707,-0.4409201441157761,Entertainment,Communication Services,GAIA
2020Q4,2020,Q4,2021-03-02,2020-12-31,310000.0,18626000.0,489000.0,0.02,16223000.0,0.8709867926554279,110017000.0,74235000.0,16375000.0,21323000.0,35782000.0,0.0,-75834000.0,189528040.00000003,191954040.00000003,3.869832664338216,0.7679501008300895,0.13662433987474662,0.2024786152084596,0.0036776114443755263,3.869832664338216,0.0041759277968613185,10.175455814452917,152.8451935483871,2.553081969421432,0.0,0.0,0.0,0.16930110801058018,0.6860666885522675,0.0028177463482916276,126.68986631016045,0.8709867926554279,-0.9375,-0.8128339553125922,-0.5890657777286059,0.13038393015140243,0.06220127021541282,-0.9509027557808045,0.328804347826087,1.043959295319991,0.747873254786537,-0.2292044614365734,Entertainment,Communication Services,GAIA
2020Q3,2020,Q3,2020-11-09,2020-09-30,6314000.0,17537000.0,368000.0,0.32,15273000.0,0.8709015224952956,106795000.0,73451000.0,13122000.0,20941000.0,33344000.0,0.0,-76144000.0,188568890.0,191974890.0,3.8289631444508156,0.6266176400362924,0.11355400533732853,0.16510326612299356,0.004300170604594639,3.8289631444508156,0.08596206995139617,10.75263100872441,7.46630068102629,2.5672746456821556,0.0,0.0,0.0,0.16421180766889837,0.5290578291390096,0.05912261810009832,4190.419777777778,0.8709015224952956,3.4615384615384617,1.9155505579694772,-0.5630932673798754,0.14929835225882282,0.08550106609808103,3.5005940594059406,1.1657657657657658,1.9587274555606118,0.8426094486772147,-0.28564155602157426,Entertainment,Communication Services,GAIA
2020Q2,2020,Q2,2020-08-03,2020-06-30,-2525000.0,16153000.0,-2220000.0,-0.13,14070000.0,0.8710456261994676,104179000.0,66733000.0,12842000.0,20419000.0,37446000.0,0.0,-82458000.0,157854060.0,166147060.0,3.5426554122206295,0.6289240413340517,0.16079056239741216,0.2510152398363628,-0.02659192180537588,3.5426554122206295,-0.03783735183492425,9.772429889184671,-15.62911485148515,2.365457270016334,0.0,0.0,0.0,0.15505044202766394,0.5423869925069787,-0.024237130323769666,-97.32062885326756,0.8710456261994676,0.3157894736842105,-1.941423118722562,-0.48917180087308093,-0.039202155316730526,0.11578112609040445,0.2946927374301676,0.32006125574272587,0.678016559949999,0.9819071003883446,-0.3751553140975379,Entertainment,Communication Services,GAIA
2020Q1,2020,Q1,2020-04-27,2020-03-31,-3580000.0,14511000.0,-3265000.0,-0.19,12610000.0,0.8689959341189443,104863000.0,65919000.0,14009000.0,21951000.0,38944000.0,0.0,-79933000.0,164120160.0,170818160.0,3.566659452440212,0.638194159719375,0.15941752572403994,0.25359911406423036,-0.04028710828113958,3.566659452440212,-0.05430907629059907,11.310051684928675,-11.460905027932961,2.489724662085287,0.0,0.0,0.0,0.13838055367479474,0.5449865609767208,-0.03413978238272794,-102.89665203761756,0.8689959341189443,-0.2666666666666667,-0.218849305671483,-0.48912973744338617,-0.0429560197411931,-0.011987777168377341,-0.27311522048364156,-0.2709225379525107,0.5250540279022465,1.0569262242819188,-0.4111269510903862,Entertainment,Communication Services,GAIA
2019Q4,2019,Q4,2020-02-24,2019-12-31,-2812000.0,14688000.0,-2569000.0,-0.15,12763000.0,0.8689406318082789,106172000.0,68914000.0,16247000.0,18619000.0,37258000.0,0.0,-76353000.0,147031980.0,153970980.0,3.7449190305401587,0.872603254739782,0.17361451230079494,0.26747830629480224,-0.02941142798264394,3.7449190305401587,-0.04080448094726761,10.010347222222222,-13.071833214793742,2.1335574774356445,0.0,0.0,0.0,0.1383415589797687,0.7413932004941189,-0.026485325697924122,-334.1635909090909,0.8689406318082789,0.3478260869565218,-0.5790742854037605,-0.6472962924617097,-0.03324047434493786,0.07622902436967705,0.32142857142857145,0.3412820512820513,0.30152143600145276,1.5416736264762878,-0.4183947273893771,Entertainment,Communication Services,GAIA
2019Q3,2019,Q3,2019-11-05,2019-09-30,-4144000.0,13660000.0,-3900000.0,-0.23,11859000.0,0.8681551976573938,106477000.0,71224000.0,17084000.0,16648000.0,35253000.0,0.0,-73541000.0,120080625.0,126832625.0,3.8761360544217687,1.0261893320518982,0.17279788123256665,0.2583258452207121,-0.043547140851027843,3.8761360544217687,-0.058182635066831405,8.79067532942899,-7.244246199324325,1.6859573317982703,0.0,0.0,0.0,0.12829061675291378,0.8242431523306103,-0.03891920320820459,-20.597019725557463,0.8681551976573938,0.07999999999999996,-0.8140282629905895,-0.5614119372783047,-0.028050937851548875,0.042182968626417086,0.07251566696508505,0.09027291812456263,-1.0339888836423423,1.522099909439347,-0.42062336988193916,Entertainment,Communication Services,GAIA
2019Q2,2019,Q2,2019-08-06,2019-06-30,-4468000.0,13164000.0,-4287000.0,-0.25,11379000.0,0.8644029170464904,109425000.0,74880000.0,22787000.0,15973000.0,34545000.0,0.0,-69397000.0,133682800.0,134570800.0,4.172982612572447,1.426594878858073,0.16783184829792094,0.24525908119658119,-0.04640638886423215,4.172982612572447,-0.05966880341880342,10.155180796110605,-7.480013428827216,1.7852938034188037,0.0,0.0,0.0,0.12030157642220698,1.2242534276591748,-0.04083161983093443,-18.215397193078076,0.8644029170464904,0.34210526315789475,-1.5118655022773253,-0.45540038671150995,0.01747098852107005,0.04711511916812368,0.335712161760333,0.3351426799007444,-1.5093658426553058,3.2954439591534257,0.35401315596576743,Entertainment,Communication Services,GAIA
2019Q1,2019,Q1,2019-04-29,2019-03-31,-6726000.0,12467000.0,-6448000.0,-0.38,10867000.0,0.8716611855297987,101769000.0,75333000.0,26738000.0,13772000.0,26436000.0,0.0,0.0,158863200.0,149064200.0,4.2108999441028505,1.9414754574498982,0.12282718706089281,0.16592993774308737,-0.07341204330946227,4.2108999441028505,-0.08928358090080045,12.742696719339055,-5.904817127564675,2.108812870853411,0.0,0.0,0.0,0.12250292328705205,1.757478942782457,-0.0660908528137252,-20.725792563600784,0.8716611855297987,0.3870967741935484,-3.2293332732626707,-0.5552084376918441,0.00825725429271219,0.006390072235599185,0.39296028880866424,0.4271499644633973,-0.2097033609260744,-0.51609499607144,0.34601965689101327,Entertainment,Communication Services,GAIA
2018Q4,2018,Q4,2019-03-04,2018-12-31,-11080000.0,12381000.0,-11256000.0,-0.62,10798000.0,0.8721427994507713,107151000.0,81465000.0,34490000.0,13022000.0,25686000.0,0.0,-58203000.0,185340400.0,167876400.0,4.553661263275573,2.6485946859161418,0.11665780067381545,0.1534401276621862,-0.11852699217189422,4.553661263275573,-0.13600932915976185,14.969743962523221,-4.181868231046931,2.2750923709568527,0.0,0.0,0.0,0.11554721841140074,2.4034710489940103,-0.10340547451727002,-13.884216046145779,0.8721427994507713,-0.06896551724137938,0.5187722544794283,10.001842013920195,0.06196128620931936,0.08927670735397962,-0.07270790976861265,-0.07723227103072064,-8.173173170530136,-0.7071032035200981,0.33013129037709993,Entertainment,Communication Services,GAIA
2018Q3,2018,Q3,2018-11-06,2018-09-30,-10329000.0,11387000.0,-10449000.0,-0.58,9913000.0,0.8705541406867481,104963000.0,92033000.0,35462000.0,12766000.0,12930000.0,0.0,-47123000.0,279620700.0,248807700.0,5.144382336500838,2.7778474071753094,0.0,0.0,-0.11353536231569111,5.144382336500838,-0.11223148218573772,24.556134188109247,-6.7678550682544305,3.0382656221138076,0.0,0.0,0.0,0.10848584739384355,2.529844900516998,-0.09840610500843154,-26.294968967462854,0.8705541406867481,-0.6571428571428571,-110.46295835662379,-0.7257276681741612,-0.05787020311094376,0.09125935711140466,-0.6268703732871318,-0.6053157166999539,-0.6059877109984203,-0.6958071918819471,0.5441334689518983,Entertainment,Communication Services,GAIA
2018Q2,2018,Q2,2018-08-06,2018-06-30,-6349000.0,10460000.0,-6509000.0,-0.35,9084000.0,0.8684512428298279,112472000.0,101928000.0,45459000.0,10380000.0,10544000.0,0.0,-36794000.0,362272500.0,321112500.0,5.6974846282839575,4.379479768786127,0.0,0.0,-0.06385880229181383,5.6974846282839575,-0.06228906679224551,34.63408221797323,-14.26494329815719,3.5542000235460325,0.0,0.0,0.0,0.09300092467458568,4.092678227360309,-0.05644960523508073,-38.899656394287554,0.8684512428298279,0.10256410256410266,-2.028360887323085,-0.7015018192674903,0.045439124797720463,0.08881697231211794,-0.05202982601491301,0.17377506981467378,-6.787585778604254,-0.6516989752805162,0.5452055912883595,Entertainment,Communication Services,GAIA
2018Q1,2018,Q1,2018-05-07,2018-03-31,-6035000.0,9615000.0,-7878000.0,-0.39,8343000.0,0.8677067082683307,118637000.0,107738000.0,55361000.0,10735000.0,10899000.0,0.0,-30445000.0,238142000.0,187471000.0,7.0123665712054155,5.157056357708431,0.0,0.0,-0.056136656876236736,7.0123665712054155,-0.05601551912974067,24.767758710348414,-9.86503728251864,2.2103807384581113,0.0,0.0,0.0,0.08104554228444752,4.841732650209595,-0.05086945893776815,-34.27489925158319,0.8677067082683307,-0.054054054054054106,-31.352030343849165,-0.7488037975619554,0.37413465825869374,0.1483826565726084,-0.08231707317073171,-0.2902063544055028,-1.4716611394932106,-0.5928004988505098,0.8816327445415767,Entertainment,Communication Services,GAIA
2017Q4,2017,Q4,2018-02-27,2017-12-31,-5576000.0,8426000.0,-6106000.0,-0.37,7265000.0,0.8622122003323047,96979000.0,76152000.0,36915000.0,20164000.0,20827000.0,0.0,-24410000.0,188083200.0,167805200.0,5.0205696202531644,1.8307379488196787,0.12889388424298043,0.16414539342367895,-0.06689651296423485,5.0205696202531644,-0.07322197709843471,22.321765962497032,-8.43271162123386,2.4698392688307598,0.0,0.0,0.0,0.08688478949050825,1.6778912914104345,-0.05749698388310871,-19.184332925336598,0.8622122003323047,-0.08823529411764697,-6.395187091389622,-0.8109463606337899,-0.017979800315076216,0.1202775636083269,-0.0712776176753122,-0.0478805560322636,-2.798802510976166,-0.7545259871677413,0.2960716813933572,Entertainment,Communication Services,GAIA
2017Q3,2017,Q3,2017-11-07,2017-09-30,-5205000.0,7522000.0,-5827000.0,-0.34,6485000.0,0.8621377293273066,90834000.0,81263000.0,33448000.0,9571000.0,9571000.0,0.0,0.0,181932000.0,151825000.0,5.360002638348394,3.494723644342284,0.0,0.0,-0.07007606356536894,5.360002638348394,-0.06405129025509765,24.186652486040945,-8.738328530259366,2.238804868144174,0.0,0.0,0.0,0.08281040139154942,3.2329955072615193,-0.057302331726005684,-26.742907540790828,0.8621377293273066,0.19047619047619038,0.30136903429939815,-0.7379337250326937,0.06477819495198125,0.14839737913936604,0.1751188589540412,0.08293988039030532,-1.7614967491685303,-0.7072890718287025,0.3440316501565905,Entertainment,Communication Services,GAIA
2017Q2,2017,Q2,2017-08-07,2017-06-30,-6310000.0,6558000.0,-6354000.0,-0.42,5647000.0,0.8610856968587984,93787000.0,85935000.0,39009000.0,7852000.0,7852000.0,0.0,0.0,169758400.0,132897400.0,5.669657583954608,4.968033622007132,0.0,0.0,-0.07393960551579683,5.669657583954608,-0.07342759062081806,25.885696858798415,-6.725768621236132,1.9754279397218828,0.0,0.0,0.0,0.06992440316888268,4.794829342842588,-0.06728011344855897,-19.857106094280034,0.8610856968587984,-0.024390243902439046,-3.6035331897627043,-0.7838642452799863,0.026252323958997948,0.13759065269943593,-0.021035598705501618,0.07281482562381439,-3.199703074321267,-0.6788064042809662,0.3823954332189603,Entertainment,Communication Services,GAIA
2017Q1,2017,Q1,2017-05-05,2017-03-31,-6180000.0,5784000.0,-6853000.0,-0.41,4964000.0,0.8582295988934993,100052000.0,91778000.0,47302000.0,8274000.0,8274000.0,0.0,0.0,150772350.0,105392350.0,6.056754438065069,5.716944645878656,0.0,0.0,-0.06777152890283715,6.056754438065069,-0.0673363987012138,26.067142116182573,-6.099205097087379,1.6427940247118045,0.0,0.0,0.0,0.05780993883180746,5.577109016195311,-0.06176788070203494,-17.43637677807332,0.8582295988934993,-0.8636363636363635,-6.59405499507972,-0.8169569593660184,0.08041410388859949,0.21786064769381747,-0.8648159324079662,-0.29155672823219,-3.5879136834280962,-0.7563678587208432,0.4502283789005481,Entertainment,Communication Services,GAIA
2016Q4,2016,Q4,2017-02-28,2016-12-31,-3314000.0,4757000.0,-5306000.0,-0.22,4076000.0,0.856842547824259,107196000.0,97537000.0,55884000.0,9106000.0,9659000.0,0.0,-969000.0,131030200.0,77003200.0,6.438935833113282,6.13705249286185,0.0,0.0,-0.03368970873542209,6.438935833113282,-0.033976849810841016,27.54471305444608,-9.884595654797828,1.34338968801583,0.0,0.0,0.0,0.04437665584536737,5.993960026356248,-0.03091533266166648,-15.426206734165293,0.856842547824259,-1.033132530120482,0.7256151655483715,-0.9240277855743926,0.16630634616652654,0.0837543206593991,-1.0329935088208355,-0.2591362126245847,0.8300119285537864,3.9922678230704363,0.5016269730686046,Entertainment,Communication Services,GAIA
2016Q3,2016,Q3,2016-11-04,2016-09-30,100444000.0,4462000.0,-4214000.0,6.64,3761000.0,0.8428955625280143,114655000.0,101276000.0,64543000.0,12094000.0,13379000.0,0.0,2345000.0,108993600.0,46539600.0,6.690183643810279,5.336778567884902,0.0,0.0,-0.0014980851958951314,6.690183643810279,0.9917848256250247,24.42707306140744,0.2712795189359245,1.0762036415340257,0.0,0.0,0.0,0.03891675025075226,5.213990408467009,0.8760542497056386,-13.660057651334753,0.8428955625280143,67.39999999999999,126.28099338002501,-0.9067297403508358,0.06130594795264859,0.08982903506230078,42.182451824518246,-0.42028985507246375,1256.9829149601444,-0.8729881962093042,0.22522412705831696,Entertainment,Communication Services,GAIA
2016Q2,2016,Q2,2016-08-09,2016-06-30,-2439000.0,4198000.0,-2967000.0,-0.1,3451000.0,0.8220581229156741,89705000.0,75754000.0,37657000.0,11998000.0,11998000.0,0.0,-98099000.0,190249200.0,184037200.0,3.0819365337672906,3.1386064344057343,0.0,0.0,-0.03917894846815758,3.0819365337672906,-0.03219631966628825,45.31900905192949,-19.500738007380075,2.511407978456583,0.0,0.0,0.0,0.04679783735577727,0.5645940990165027,-0.027189119892982554,-39.18624098867147,0.8220581229156741,0.6774193548387096,0.44134783856841303,-0.9214778284447286,-0.5182517593262401,-0.789444783404515,0.6800891920251836,0.6383030598561502,-1.2875282264987573,-0.9128071445836022,-0.4344913162996574,Entertainment,Communication Services,GAIA
2016Q1,2016,Q1,2016-05-10,2016-03-31,-7624000.0,35327000.0,-8203000.0,-0.31,16390000.0,0.46395108557194215,110756000.0,76743000.0,55428000.0,31216000.0,31216000.0,16847000.0,-95659000.0,156998400.0,145770400.0,3.1284089519383635,1.7756278831368528,0.0,0.0,-0.10676419479285124,3.1284089519383635,-0.09934456562813547,4.444147535879073,-5.148163693599161,2.0457683436925844,0.0,1.1240576957321777,0.0,0.3189624038426812,0.7762045105074321,-0.0688359998555383,-242.28148148148148,0.46395108557194215,-4.444444444444445,-6.241727773021891,-0.38780410004937915,-0.5184376437576579,-0.4031752967737237,-4.601322626358054,-3.161528326745718,-24.5974203595687,-0.4219577467631761,-0.38696086087149684,Entertainment,Communication Services,GAIA
2015Q4,2015,Q4,2016-03-15,2015-12-31,2117000.0,57934000.0,3795000.0,0.09,27462000.0,0.474022163151172,128542000.0,83940000.0,72917000.0,39749000.0,39749000.0,17303000.0,-88035000.0,152998560.0,139226560.0,3.4234675149883764,1.8344360864424263,0.0,0.0,0.03506217976375232,3.4234675149883764,0.02522039552060996,2.640911381917354,18.067850732168164,1.8227133666904933,0.0,1.7610818933132983,0.0,0.45070093821474694,1.025711338650029,0.016469325201101587,-23.750164545172307,0.474022163151172,1.25,-0.5237922118717832,-0.3406695103601405,-0.4763562742083453,0.25666956481947556,1.2401860676196959,0.1684113300492611,0.26715624649279934,-0.1958766584545409,-0.3303719484096689,Entertainment,Communication Services,GAIA
2015Q3,2015,Q3,2015-11-06,2015-09-30,-8814000.0,51300000.0,3248000.0,-0.36,21853000.0,0.4259844054580897,130483000.0,81680000.0,74912000.0,44097000.0,44097000.0,16090000.0,-90152000.0,150779550.0,130702550.0,3.3315658522657747,1.698800371907386,0.0,0.0,0.033588797857909546,3.3315658522657747,-0.10790891283055827,2.939172514619883,-4.276706092579986,1.845978819784525,0.0,1.8301429459291485,0.0,0.393154663825939,0.9641698981790144,-0.0675490293754742,77.9222480620155,0.4259844054580897,-6.199999999999999,-10.811719318644666,-0.3272982252941451,-0.4863349991861867,0.2002526500796397,-6.8907788719785135,140.2173913043478,0.2684219540999713,0.1052377049411417,-0.3381759461908991,Entertainment,Communication Services,GAIA
2015Q2,2015,Q2,2015-08-07,2015-06-30,-1117000.0,41146000.0,23000.0,-0.05,18207000.0,0.4424974481116026,133068000.0,90377000.0,71481000.0,38456000.0,38456000.0,16845000.0,-81338000.0,160301940.0,141875940.0,3.6872016645587697,1.8587736634075307,0.0,0.0,2.2291053477610294e-05,3.6872016645587697,-0.012359339212410237,3.8959301025616098,-35.8777842435094,1.7737028226207994,0.0,1.361769070940932,0.0,0.30921032855382213,0.89715519034741,-0.00839420446688911,162.08487360970676,0.4424974481116026,0.6875,-0.9506731032851563,-0.3085201812760831,-0.4270898570135739,0.05566185423551922,0.7130010277492291,1.0080195258019526,0.49607336551162867,-0.16143825329235728,-0.33258768785829057,Entertainment,Communication Services,GAIA
2015Q1,2015,Q1,2015-05-08,2015-03-31,-3892000.0,37638000.0,-2868000.0,-0.16,17247000.0,0.45823369998405866,129589000.0,91268000.0,67392000.0,34051000.0,34051000.0,20116000.0,-80221000.0,178532100.0,161638100.0,3.7267456104532464,1.9791489236733135,0.0,0.0,-0.03188097983994453,3.7267456104532464,-0.04264364289783933,4.743400286944046,-11.467889260020554,1.9561302975851338,0.0,1.0136707098826805,0.0,0.2904413183217711,0.9565357845584564,-0.030033413329835095,76.32838820008551,0.45823369998405866,-0.6,-13.709821151490406,-0.4280877001783097,-0.4235193497921806,-0.3100924036961478,-0.643581081081081,-2.160663698907325,-1.9591564888449557,-0.26301047830002866,-0.3352168128472243,Entertainment,Communication Services,GAIA
2014Q4,2014,Q4,2015-03-16,2014-12-31,-2368000.0,55376000.0,2471000.0,-0.1,24999000.0,0.451441057497833,138632000.0,94789000.0,78772000.0,39073000.0,39073000.0,20154000.0,-76329000.0,174471100.0,158699100.0,3.8736820596648958,2.0160212934763138,0.0,0.0,0.0168415036886062,3.8736820596648958,-0.024981801685849625,3.150662741982086,-18.41966849662162,1.840626022006773,0.0,1.5072442195097748,0.0,0.39944601534999136,1.1782560847644152,-0.017081193375266892,-54.53926226945921,0.451441057497833,0.1666666666666666,-1.554335333385388,-0.40387828145931043,-0.4141551067710241,0.3874458874458874,0.21744877726371448,2.2843035343035343,0.878630203200511,-0.4525246839669112,-0.2983467942040129,Entertainment,Communication Services,GAIA
2014Q3,2014,Q3,2014-11-10,2014-09-30,-3026000.0,41256000.0,-1924000.0,-0.12,18018000.0,0.43673647469458987,131731000.0,97068000.0,83680000.0,30347000.0,30347000.0,20822000.0,-73961000.0,178655600.0,155234600.0,3.9880032867707476,2.7574389560747354,0.0,0.0,-0.024188049107706333,3.9880032867707476,-0.031174022334858036,4.3304149699437655,-14.76004626569729,1.8405200478015413,0.0,1.1160311209297857,0.0,0.31318368493369064,1.567601410353577,-0.02297105464924733,-29.490855067679103,0.43673647469458987,-0.1999999999999999,-8.862947287851329,-0.4743509387771889,-0.3801594600638085,0.1648564778898371,-0.26716917922948075,0.3901743264659271,-1.3473510272495757,-0.46364953037080175,-0.36735793304861153,Entertainment,Communication Services,GAIA
2014Q2,2014,Q2,2014-08-08,2014-06-30,-2388000.0,32451000.0,-3155000.0,-0.1,15468000.0,0.47665711380234815,132576000.0,98801000.0,88439000.0,29806000.0,29806000.0,18298000.0,-70935000.0,185011200.0,154161200.0,4.101328352013284,2.9671542642420987,0.0,0.0,-0.03392293930205911,4.101328352013284,-0.0241697958522687,5.701248035499677,-19.368844221105526,1.8725640428740598,0.0,0.9281342223193791,0.0,0.2447728095582911,1.81701670804536,-0.018012309920347573,-97.99322033898305,0.47665711380234815,-0.11111111111111122,-1.2670802133229326,-0.48598482849298597,-0.3584489459056098,-0.09118683901292597,-0.1190253045923149,-0.2732041969330105,0.4419037760775744,-0.38066869818354315,-0.3589070714598308,Entertainment,Communication Services,GAIA
2014Q1,2014,Q1,2014-05-09,2014-03-31,-2134000.0,37611000.0,-2478000.0,-0.09,17020000.0,0.4525271861955279,129190000.0,100259000.0,83857000.0,24995000.0,24995000.0,19886000.0,-68547000.0,174043500.0,144498500.0,4.176414229775889,3.3549509901980397,0.0,0.0,-0.025901167723846985,4.176414229775889,-0.021284872181051077,4.627462710377284,-20.38935098406748,1.7359389182018572,0.0,1.0354520768379765,0.0,0.29112934437649973,2.135507101420284,-0.01651830637046211,-50.97934973637961,0.4525271861955279,0.7096774193548387,0.3107947662491066,-0.32882302330913704,-0.3373927609569409,1.8871051808610446,0.9299040861910393,0.8507498644823225,-1.0713294176455885,-0.3339696962025275,-0.35711605866337237,Entertainment,Communication Services,GAIA
2013Q4,2013,Q4,2014-03-31,2013-12-31,-30444000.0,1488000.0,-16603000.0,-0.31,-19186000.0,-12.893817204301076,140002000.0,101432000.0,95252000.0,34712000.0,34712000.0,20275000.0,-66413000.0,156596100.0,124367100.0,4.287972944409216,2.7440654528693247,0.0,0.0,-0.6505629799003364,4.287972944409216,-0.30014196703210033,105.23931451612903,-1.2859356523452898,1.5438530246864897,0.0,1.019679408138101,0.0,0.0106284195940058,1.794624337404932,-0.217454036370909,-14.922441395082904,-12.893817204301076,-59.80958333333333,-0.02018860905062773,-0.9797178403059287,-0.32886914454668487,-1.66957492845676,-254.7,-11.742133537989256,-8.098345764963378,-0.9824469586099585,-0.3441240149428212,Entertainment,Communication Services,GAIA
2013Q3,2013,Q3,2013-11-12,2013-09-30,120000.0,52798000.0,-1303000.0,0.005271249725455744,28654000.0,0.5427099511345127,189639000.0,124229000.0,124000000.0,61885000.0,61885000.0,33660000.0,-35969000.0,113982510.0,118535510.0,5.460375368115687,2.003716571059223,0.08132293462842559,0.12414170604287243,-0.005166561519042545,5.460375368115687,0.0009659580291236345,2.1588414333876282,237.46356249999997,0.9175193392847081,0.0,0.7172905525846702,0.0,0.2784131955979519,0.96653470146239,0.0006327812317086676,-9.459129460580913,0.5427099511345127,-0.9849392864986979,1.0125252923540509,-0.07534287807244917,-0.2858795608168242,0.2123545589168606,-0.9847094801223242,0.6646937725167267,-0.8560471881440282,-0.2539129247506041,-0.1581124785513866,Entertainment,Communication Services,GAIA
2013Q2,2013,Q2,2013-08-09,2013-06-30,7848000.0,44544000.0,-3886000.0,0.35,23635000.0,0.5305989583333334,183833000.0,123935000.0,119744000.0,56566000.0,56566000.0,31881000.0,-36089000.0,103926370.0,98416370.0,5.449848291631854,2.1168900045964008,0.06512432479478657,0.09659902368176868,-0.018273843077233624,5.449848291631854,0.06332351635938194,2.3331171426005746,3.310600471457697,0.838555452454916,0.0,0.6558451742417114,0.0,0.24230687634973047,0.9965880564296574,0.04269092056377256,-10.952299504689641,0.5305989583333334,36.0,2.3035542789419816,-0.15418654897267184,-0.30371284948263944,-0.26610774724421676,29.434782608695652,-26.735099337748345,15.77208468847247,-0.19315042777360292,-0.15321329071195142,Entertainment,Communication Services,GAIA
2013Q1,2013,Q1,2013-05-09,2013-03-31,-276000.0,56633000.0,151000.0,-0.01,32205000.0,0.5686613811735207,177752000.0,116004000.0,108904000.0,58469000.0,58469000.0,28588000.0,-43937000.0,94792440.0,96003440.0,5.103114552173148,1.862593853152953,0.046851793510058956,0.07179062790938244,0.0034566260557960206,5.103114552173148,-0.0023792283024723286,1.6738022001306658,-85.86271739130434,0.8171480293782973,0.0,0.8544843990485519,0.0,0.31860682298933346,0.8697429407036207,-0.0015527251451460462,17.16321564367192,0.5686613811735207,-1.1467614738202974,-1.1376216666047785,-0.04112719832380831,-0.3753768265553239,-0.12761404269151588,-1.178409825468649,-0.9624564893088016,-0.12381488650360731,-0.07290635396413532,-0.21061239413012295,Entertainment,Communication Services,GAIA
2012Q4,2012,Q4,2013-03-18,2012-12-31,1547000.0,66713000.0,4022000.0,0.06813777307963355,36916000.0,0.5533554179845007,193862000.0,116074000.0,126408000.0,74990000.0,74990000.0,29840000.0,-43661000.0,71744640.0,78117640.0,5.112491190979563,1.6856647553007067,0.08372450506030063,0.1398332098488895,0.017681829874083062,5.112491190979563,0.013327704740079604,1.0754221815837992,11.59415643180349,0.6180939745334872,0.0,0.9985589812332439,0.0,0.34412623412530563,0.8995199359914655,0.007979903230132776,-19.4324593716143,0.5533554179845007,1.1390566797543542,-0.5992038847780127,-0.11262376616642517,-0.36970230316610725,0.5336296788666861,1.1386573451644708,24.52046783625731,-0.6096872229420992,-0.22597422151081015,-0.22680106168222686,Entertainment,Communication Services,GAIA
2012Q3,2012,Q3,2012-11-09,2012-09-30,-11157000.0,42983000.0,-171000.0,-0.49,24071000.0,0.5600120978061094,194329000.0,114290000.0,121251000.0,77450000.0,77450000.0,37442000.0,-45208000.0,76285440.0,78153440.0,5.033914728682171,1.5655390574564234,0.10767821580927191,0.18308688424184094,-0.0008475491751105147,5.033914728682171,-0.09762008924665325,1.7747816578647373,-1.709362731917182,0.6674725697786332,0.0,0.5051012232252551,0.0,0.22118675030489532,0.6887023886378308,-0.05741294402791143,57.96765957446809,0.5600120978061094,-4.444444444444445,-5.160491371265616,-0.3348605699105249,-0.35452582734070853,-0.14065902681089573,-4.434486117876278,0.9130213631739573,-32.08007580584436,-0.41288429950746164,-0.2175973290268576,Entertainment,Communication Services,GAIA
2012Q2,2012,Q2,2012-08-09,2012-06-30,-2053000.0,45446000.0,-1966000.0,-0.09,28011000.0,0.6163578752805527,181213000.0,125420000.0,97545000.0,52866000.0,52866000.0,30783000.0,-34051000.0,88537800.0,91077800.0,5.524623381199894,1.8451367608670979,0.07725715042519024,0.1116249402009249,-0.009805338805771713,5.524623381199894,-0.0163690001594642,1.9481978611979052,-10.781514856307842,0.7059304736086749,0.0,0.5663840431406946,0.0,0.2507877470159426,0.7276510422577839,-0.011329209273065398,5.401281112737921,0.6163578752805527,-0.7999999999999998,-5.4439733862668005,-0.05739743011332941,-0.2745238960784259,0.033387441894783446,-0.6841673502871206,-0.5181467181467182,-1.0682079066570191,-0.23613572680584352,-0.1358097549191725,Entertainment,Communication Services,GAIA
2012Q1,2012,Q1,2012-05-10,2012-03-31,-1219000.0,47333000.0,-1295000.0,-0.05,27106000.0,0.5726660046901739,202752000.0,127244000.0,120662000.0,72518000.0,72518000.0,29388000.0,-31998000.0,90338040.0,90508040.0,5.605956471935853,1.6638903444662014,0.06904987373737374,0.11002483417685706,-0.006150260106633145,5.605956471935853,-0.009580019490113483,1.908563581433672,-18.52707957342084,0.7099591336330201,0.0,0.6882741254933986,0.0,0.2334526909722222,0.9088777958575802,-0.006012271148989899,-66.71937961595273,0.5726660046901739,0.9372905631823586,-1.7862964461696986,-0.08496693585671027,-0.23393733206031314,-0.25706454707414006,0.934115230785861,0.9380915957548522,0.5836198019813273,-0.1066566451141634,-0.1105893391555869,Entertainment,Communication Services,GAIA
2011Q4,2011,Q4,2012-03-15,2011-12-31,-18502000.0,95919000.0,-20918000.0,-0.7973281620340444,36485000.0,0.38037302307154996,163290000.0,128110000.0,94333000.0,32116000.0,32116000.0,29205000.0,-30779000.0,75184200.0,60639200.0,5.520792932557638,2.937258687258687,0.0,0.0,-0.11561479923366297,5.520792932557638,-0.14442276168917337,0.7838301066524881,-1.0158928764457897,0.5868722191866366,0.0,2.0350624892997775,0.0,0.5874150284769428,1.9250529331174493,-0.11330761222365117,30.45127582017011,0.38037302307154996,-14.946563240680888,-5.991244389854468,0.5166928293713972,-0.3255776361858699,0.1432286770696246,-14.054515866558177,-11.754878048780487,0.3679683700066746,0.3327763839533363,-0.13591467771760574,Entertainment,Communication Services,GAIA
2011Q3,2011,Q3,2011-11-09,2011-09-30,-1229000.0,73333000.0,-1640000.0,-0.05,31914000.0,0.43519288724039656,232561000.0,146278000.0,125943000.0,51579000.0,51579000.0,39883000.0,-12074000.0,78664950.0,54767950.0,6.303727644904115,2.441749549235154,0.015260512295698763,0.0242620216300469,-0.007863893456818082,6.303727644904115,-0.008401810251712492,1.07270873958518,-16.00182058584215,0.5377770409767703,0.0,1.038512649499787,0.0,0.31532802146533595,1.597995308168053,-0.0052846349989895125,-11.870371208691715,0.43519288724039656,0.7222222222222223,-1.855637950652363,0.6296640851528499,-0.19862782764862286,0.4119989381470666,0.7032117845930934,0.7713967103429049,0.8742298942467591,0.25916202426894275,-0.17558401194247733,Entertainment,Communication Services,GAIA
2011Q2,2011,Q2,2011-08-09,2011-06-30,-4141000.0,50709000.0,-7174000.0,-0.18,22602000.0,0.4457196947287464,236628000.0,149149000.0,130724000.0,52878000.0,52878000.0,36184000.0,-10845000.0,115870580.0,82934580.0,6.397400703439994,2.472181247399675,0.019993407373599066,0.03171995789445454,-0.0326273106743453,6.397400703439994,-0.027764182126598234,2.285010155988089,-6.995326008210577,0.7768780213075515,0.0,0.7767797921733363,0.0,0.2142983924134084,1.7174061046181777,-0.017500042260425647,87.64794251134644,0.4457196947287464,-3.4999999999999996,-2.5249522846496726,0.16611158600372797,-0.2818395383657003,-0.12598607888631091,-3.141,-3.6135048231511253,-2.7002800106106624,-0.06078896591953318,-0.1826510265697328,Entertainment,Communication Services,GAIA
2011Q1,2011,Q1,2011-05-10,2011-03-31,-1000000.0,54812000.0,-1555000.0,-0.04,25860000.0,0.47179449755527986,193787000.0,151372000.0,117694000.0,25204000.0,25204000.0,30133000.0,-6704000.0,153786600.0,122701600.0,6.496373546199734,4.6696556102206,0.0,0.0,-0.006405974830228348,6.496373546199734,-0.006606241577041989,2.8057104283733487,-38.44665,1.0159514309119255,0.0,0.9608070885739887,0.0,0.2828466305789346,3.363116965561022,-0.005160304870811767,68.37999110715873,0.47179449755527986,-1.2206166982922202,-1.9853943675079768,-0.0711435673221511,0.19182124858907726,-0.3773026078162248,-1.23719165085389,-1.2302339354456617,-1.4864529240923026,-0.09462151756795692,-0.20484139267825674,Entertainment,Communication Services,GAIA
2010Q4,2010,Q4,2011-03-11,2010-12-31,4216000.0,83331000.0,6754000.0,0.1813099385025588,41529000.0,0.4983619541347158,207797000.0,152023000.0,133677000.0,38671000.0,38671000.0,33218000.0,-5704000.0,179048100.0,150275100.0,6.537780071388638,3.4567763957487525,0.0,0.0,0.029538310837864488,6.537780071388638,0.027732645718082132,2.1486373618461316,10.617178605313093,1.1777698111469976,0.8273244781783681,1.2584141128303932,0.019480798735088505,0.4010211889488299,2.5372501357606474,0.020289032084197557,-20.245149253731345,0.4983619541347158,3.53274846256397,1.2761069389868827,0.03582746244910718,0.1329568358150882,0.2522313351827283,3.948356807511737,5.294501397949674,0.06649095969183703,0.0822492719061736,-0.19398438697099482,Entertainment,Communication Services,GAIA
2010Q3,2010,Q3,2010-11-08,2010-09-30,852000.0,72328000.0,1073000.0,0.04,33164000.0,0.4585222873575932,205716000.0,150816000.0,127144000.0,38030000.0,38030000.0,30801000.0,-9920000.0,155562570.0,114727570.0,6.485872790607663,3.3432553247436236,0.0,0.0,0.004440383652831615,6.485872790607663,0.005649267982176957,2.150793192124765,45.64629401408451,1.0314725891152132,0.0,1.2715171585338139,0.0,0.3515915145151568,2.2861162240336577,0.004141632153065391,-70.42216840199185,0.4585222873575932,3.0,0.3489483950330267,0.9187780286065068,0.15117276298785381,0.1465514261019879,2.569060773480663,1.9580357142857143,-0.689786871339602,0.09281289989073693,-0.1683483731583061,Entertainment,Communication Services,GAIA
2010Q2,2010,Q2,2010-08-09,2010-06-30,-543000.0,56426000.0,-1120000.0,-0.02,28925000.0,0.5126182965299685,197071000.0,149590000.0,119905000.0,32170000.0,32170000.0,25183000.0,-10772000.0,141085010.0,98050010.0,6.435916189820591,3.727230338824992,0.0,0.0,-0.0035363836726237463,6.435916189820591,-0.0036299217862156563,2.5003546237550065,-64.95626611418048,0.9431446620763421,0.0,1.0920462216574673,0.0,0.2863232033125117,2.708921355299969,-0.002755352131972741,-75.12513844515442,0.5126182965299685,-1.0,0.5480118161294862,0.6575074430555603,0.458035035742103,-0.10204271699987583,-1.172,-0.9893428063943162,-0.6647022075637665,0.1430998216462336,-0.1548558009500476,Entertainment,Communication Services,GAIA
2010Q1,2010,Q1,2010-05-10,2010-03-31,-250000.0,62183000.0,-563000.0,-0.01,32212000.0,0.5180193943682357,202849000.0,149592000.0,126431000.0,38041000.0,38041000.0,23775000.0,-10229000.0,192062000.00000003,143921000.00000003,6.464649956784788,3.323545648116506,0.0,0.0,-0.002420521991860872,6.464649956784788,-0.001671212364297556,3.0886576717109184,-192.062,1.2839055564468689,0.0,1.2606098843322817,0.0,0.30654822059758735,2.535027996109461,-0.0012324438375343235,-266.0138504155125,0.5180193943682357,-1.0572828784119108,-2.3802789616427744,0.5128805430683155,0.44186425608088614,-0.297601395551679,-1.0620347394540943,-1.0843319352905931,-1.158178281494812,0.1791489368088009,-0.11659553227308686,Entertainment,Communication Services,GAIA
2009Q4,2009,Q4,2010-03-16,2009-12-31,4030000.0,87636000.0,6676000.0,0.17457223305176522,45860000.0,0.5233009265598613,212213000.0,152641000.0,139232000.0,44322000.0,44322000.0,26872000.0,-9979000.0,177523650.0,129198650.0,6.61212908815248,3.1413744867108884,0.0,0.0,0.038317209166053384,6.61212908815248,0.02640181864636631,2.0256932082705736,11.012633374689827,1.1630141967099272,0.0,1.5546293539743972,0.0,0.41296244810638366,2.363837371959749,0.018990354031091405,33.64739385898408,0.5233009265598613,7.7286116525882615,5.55373527066945,0.603599263974159,0.4662171516730367,0.2806121024266287,10.04109589041096,6.064550264550265,0.09281563142226688,0.39292339174947843,-0.19225955692381733,Entertainment,Communication Services,GAIA
2009Q3,2009,Q3,2009-11-06,2009-09-30,365000.0,74439000.0,945000.0,0.02,35811000.0,0.48107846693265627,200084000.0,148527000.0,123945000.0,36598000.0,36598000.0,26011000.0,-14009000.0,161133300.0,116696300.0,6.4339181286549705,3.386660473249904,0.0,0.0,0.003968064355109758,6.4339181286549705,0.0024574656459768257,2.1646354733405877,110.36527397260274,1.0848754771859663,0.0,1.4850640113798008,0.0,0.3720387437276344,2.4566916224930324,0.0018242338217948461,100.96071428571429,0.48107846693265627,1.5,1.1520348923628363,1.2565641139904413,0.4319224783488432,0.13880938752146538,1.3617443012884043,1.4342830882352942,-0.7445636414832949,0.6628415456050235,-0.18207713944317033,Entertainment,Communication Services,GAIA
2009Q2,2009,Q2,2009-08-07,2009-06-30,-1009000.0,60475000.0,-2176000.0,-0.04,31446000.0,0.519983464241422,189056000.0,147521000.0,112651000.0,26698000.0,26698000.0,28251000.0,-14568000.0,126225720.0,83470720.0,6.392832379961865,4.219454640797063,0.0,0.0,-0.008906059021159835,6.392832379961865,-0.006839704177710292,2.0872380322447293,-31.27495540138751,0.8556457724662929,0.0,1.0275388481823653,0.0,0.3198787660798917,2.9154243763577794,-0.005337042992552471,16.845818764179903,0.519983464241422,0.6923076923076923,0.7100918468642432,1.2598453602481678,0.38889501504682084,0.01484541405796166,0.6734627831715211,0.6504979119820109,0.1322483659780925,0.40503519478916206,-0.2823523699749793,Entertainment,Communication Services,GAIA
2009Q1,2009,Q1,2009-05-11,2009-03-31,-3090000.0,55923000.0,-6226000.0,-0.13,30986000.0,0.5540832930994403,189385000.0,151001000.0,114464000.0,23971000.0,23971000.0,32581000.0,-13365000.0,78578960.0,40380960.0,6.30300121050215,4.775103249760127,0.0,0.0,-0.02615842053561095,6.30300121050215,-0.020463440639465962,1.4051277649625378,-6.357521035598705,0.5203870173045211,0.0,0.7653847334335963,0.0,0.295287377564221,3.1062533895123274,-0.01631597011378937,12.606924434461735,0.5540832930994403,0.896950696323675,-4.729661540249483,0.43494852567738035,0.32700974806950533,-0.19031069534087644,0.8980265329021186,0.8680289123937512,-3.9614928056963485,-0.07826616000625065,0.15634526234310492,Entertainment,Communication Services,GAIA
2008Q4,2008,Q4,2009-03-13,2008-12-31,-30302000.0,74497000.0,-47177000.0,-1.2615320566194839,38269000.0,0.513698538196169,202098000.0,153468000.0,129232000.0,33452000.0,33452000.0,35736000.0,-10275000.0,110972400.0,79007400.0,6.38917568692756,3.8632069831400213,0.0,0.0,-0.2836976683931173,6.38917568692756,-0.1974483279901999,1.4896224009020498,-0.9155534288165798,0.7230979748221128,0.0,1.0137676292813969,0.0,0.36861819513305427,2.2132906851608274,-0.1499371591999921,-8.63128256980633,0.513698538196169,-2.003647753855914,-54.98735064372305,0.3032858834644805,0.3425831151502016,0.13071354705274044,-1.9957488877904104,-1.7306245297215952,-16.836869680398003,-0.1035509730935759,0.10720461543311514,Entertainment,Communication Services,GAIA
2008Q3,2008,Q3,2008-11-10,2008-09-30,-10115000.0,60285000.0,-17277000.0,-0.42,33845000.0,0.5614166044621381,227740000.0,183664000.0,133443000.0,24644000.0,24644000.0,32950000.0,20027000.0,254612000.0,204295000.0,7.6462947543713575,5.4148271384515505,0.0,0.0,-0.055589479033974154,7.6462947543713575,-0.0550733948950257,4.223471842083437,-6.292931290163124,1.386292359961669,0.0,0.8024279210925644,0.0,0.26470975674014224,3.1227885083590325,-0.04441468341090717,-25.71838383838384,0.5614166044621381,-5.2,-29.558323416229396,0.557173720674728,0.6276483584545891,-0.0638397919951318,-4.919023634250291,0.36841528057027967,-16.503423714561297,0.548223069359539,0.3571351987901889,Entertainment,Communication Services,GAIA
2008Q2,2008,Q2,2008-08-11,2008-06-30,2581000.0,57217000.0,-27355000.0,0.1,36153000.0,0.6318576646800776,233793000.0,193382000.0,134955000.0,21323000.0,21323000.0,28469000.0,30142000.0,333791570.0,270867570.0,7.827012587525802,6.329081273741969,0.0,0.0,-0.08556992294726574,7.827012587525802,0.01334664032846904,5.8337831413740675,32.33161274699729,1.7260736262940708,0.0,0.7398925146650743,0.0,0.2447335891151574,4.212587346996202,0.011039680401038525,-18.175419003539343,0.6318576646800776,0.11111111111111122,3.0082054746675966,0.6606888748138505,0.6609540661305475,-0.11774610766752892,0.16629010393131496,-11.260690172543136,3.021098237399767,0.5811514581224578,0.7731832176212969,Entertainment,Communication Services,GAIA
2008Q1,2008,Q1,2008-05-12,2008-03-31,2213000.0,65173000.0,2666000.0,0.09,40978000.0,0.628757307473954,229813000.0,204934000.0,120643000.0,23395000.0,23395000.0,30415000.0,27561000.0,434454880.0,386303880.0,8.169909105405836,5.156785637956828,0.0,0.0,0.007871833759089886,8.169909105405836,0.010798598573199177,6.666178939131235,49.079855399909626,2.119974625977144,0.0,0.7954956435969094,0.0,0.2835914417374126,3.2264159008335116,0.009629568388211284,-55.15486606576108,0.628757307473954,-0.47060714285714284,4.648205027691818,0.6209059792532065,0.7142922044315546,-0.19850568192931328,-0.47309523809523807,-0.5935355999390151,10.271321463331484,0.4627403512103904,0.8222022836907337,Entertainment,Communication Services,GAIA
2007Q4,2007,Q4,2008-03-17,2007-12-31,4200000.0,81806000.0,6559000.0,0.1700060716454159,51127000.0,0.624978607926069,240712000.0,200388000.0,141066000.0,34251000.0,34251000.0,29839000.0,25348000.0,733244400.0,666986400.0,8.11123254401943,4.118595077515985,0.0,0.0,0.019789790430677964,8.11123254401943,0.02095933888256782,8.963210522455565,43.645500000000006,3.6591233007964545,0.0,1.0281510774489762,0.0,0.3398501113363688,2.814954307903419,0.01744823689720496,-63.6,0.624978607926069,0.4167172637117992,0.03092303761337875,0.24706661988367215,0.6408224538787337,0.1079880374479889,0.4393420150788211,0.5631553860819828,5.434626464622975,0.3987608878367586,0.7986382477860586,Entertainment,Communication Services,GAIA
2007Q3,2007,Q3,2007-11-09,2007-09-30,2918000.0,70318000.0,4196000.0,0.12,46144000.0,0.6562188913222788,227109000.0,192669000.0,137803000.0,28479000.0,28479000.0,27421000.0,21148000.0,602802000.0,521237000.0,7.798785670916819,4.838758383370203,0.0,0.0,0.013190368930259648,7.798785670916819,0.015145145301008465,8.572513438948775,51.645133653187116,3.128692213070084,0.0,0.8815871047737136,0.0,0.30962225187024733,3.3162681273921133,0.01284845602772237,286.63908701854496,0.6562188913222788,13.0,0.188347753071849,0.548539396897534,0.5970804545885969,0.37206743778061907,9.433526011560694,3.1774779449922157,2.1357446892944587,0.9918593915167534,0.7356852049880225,Entertainment,Communication Services,GAIA
2007Q2,2007,Q2,2007-08-09,2007-06-30,-346000.0,52361000.0,-1927000.0,-0.01,33631000.0,0.6422910181241764,211874000.0,187752000.0,134397000.0,18550000.0,18550000.0,25180000.0,18230000.0,448967550.0,359815550.0,7.61516933684851,7.245121293800539,0.0,0.0,-0.006213176948673958,7.61516933684851,-0.0018428565341514337,8.57446477340005,-324.39851878612717,2.3912797200562443,0.0,0.743844320889595,0.0,0.2471327298299933,5.262911051212938,-0.001633046055674599,74.46799635097031,0.6422910181241764,-1.1428571428571428,-1.1961160599420047,0.23735221418280353,0.5909937728169432,-0.10259899669121571,-1.197488584474886,-2.1858461538461538,0.9069533192366166,0.8313286943878128,0.6544576960657605,Entertainment,Communication Services,GAIA
2007Q1,2007,Q1,2007-05-10,2007-03-31,1752000.0,58458000.0,1625000.0,0.07,37476000.0,0.64107564405214,216611000.0,187711000.0,138775000.0,23260000.0,23260000.0,25478000.0,18576000.0,403746740.0,320581740.0,7.317882343768274,5.966251074806535,0.0,0.0,0.005237623136960284,7.317882343768274,0.00933349670504126,6.906612268637312,57.61226312785388,2.150895472295177,0.0,0.8235340293586624,0.0,0.26987549108771025,4.300085984522786,0.008088231899580354,55.26235149192445,0.64107564405214,-0.5618026254102203,0.30035305522067157,0.3143942557455079,0.5532364279351761,-0.21348220282068503,-0.5893108298171589,-0.7418996188055909,4.034119788192667,0.40093487355816076,0.5406789370793358,Entertainment,Communication Services,GAIA
