Quarters,Year,Quarter,FillingDate,Date,NetIncome,Revenue,OperatingIncome,EPSDiluted,GrossProfit,GrossProfitRatio,TotalAssets,CommonStockEquity,CurrentAssets,CurrentLiability,TotalLiability,Inventory,RetainedEarnings,MarketCap,EnterpriseValue,bookValuePerShare,currentRatio,debtToAssets,debtToEquity,roic,shareholdersEquityPerShare,roe,priceToSalesRatio,peRatio,pbRatio,payoutRatio,inventoryTurnover,dividendYield,assetTurnover,quickRatio,returnOnAssets,priceToFreeCashFlowsRatio,grossProfitMargin,epsdilutedGrowth,fiveYNetIncomeGrowthPerShare,fiveYRevenueGrowthPerShare,fiveYShareholdersEquityGrowthPerShare,grossProfitGrowth,netIncomeGrowth,operatingIncomeGrowth,threeYNetIncomeGrowthPerShare,threeYRevenueGrowthPerShare,threeYShareholdersEquityGrowthPerShare,Industry,Sector,Symbol
2023Q1,2023,Q1,2023-05-05,2023-03-31,204000000.0,839000000.0,487000000.0,1.33,839000000.0,1.0,88573000000.0,5184000000.0,15313000000.0,12124000000.0,83389000000.0,0.0,5949000000.0,3610085850.0,939085850.0,35.02347735026856,1.2630320026393929,0.14436679349237352,2.466628086419753,0.01959932530405705,35.02347735026856,0.03935185185185185,4.3028436829559,4.424124816176471,0.6963900173611111,0.3382352941176471,0.0,0.0191131188749985,0.009472412586228308,1.2630320026393929,0.002303184943492938,19.000451842105264,1.0,-0.29999999999999993,-0.12392083813899175,0.2610815974533581,-0.3068384653407406,-0.038946162657502864,-0.28169014084507044,0.027426160337552744,13.89334575163714,0.2573834109505625,-0.2908823914701046,Banks—Regional,Financial Services,ZIONO
2022Q4,2022,Q4,2023-02-23,2022-12-31,284000000.0,873000000.0,474000000.0,1.9,873000000.0,1.0,89545000000.0,4893000000.0,6169000000.0,1263000000.0,84652000000.0,0.0,5811000000.0,3796062360.0,9550062360.0,32.7010987248376,4.884402216943784,0.08655983025294545,1.5840997343143266,0.029646974253804317,32.7010987248376,0.0580421009605559,4.348295945017182,3.341604190140845,0.7758149110974861,0.24295774647887325,0.0,0.01817672984697754,0.009749288067452119,11.320665083135392,0.003171589703501033,8.28834576419214,1.0,0.31034482758620685,1.334512626544182,0.3253269008040843,-0.3557513060832066,6.214876033057851,0.3087557603686636,0.4720496894409938,0.5690986506280566,0.24144545138610402,-0.3271881244951644,Banks—Regional,Financial Services,ZIONO
2022Q3,2022,Q3,2022-11-03,2022-09-30,217000000.0,121000000.0,322000000.0,1.45,121000000.0,1.0,88474000000.0,4696000000.0,4348000000.0,2885000000.0,83778000000.0,0.0,5597000000.0,3788580960.0,2595580960.0,31.3845002272302,1.507105719237435,0.03992133282094175,0.752129471890971,0.030532716683795823,31.3845002272302,0.04620954003407155,31.310586446280993,4.364724608294932,0.8067676660988075,0.3225806451612903,0.0,0.018476574933745115,0.0013676334290299976,8.811091854419411,0.002452697967764541,31.571508,1.0,-0.6282051282051283,0.37126928950463806,-0.8149168384391071,-0.3882226366606725,-0.8418300653594771,0.06896551724137931,0.1709090909090909,-0.011697809366026577,-0.8284151896328888,-0.36769155455100266,Banks—Regional,Financial Services,ZIONO
2022Q2,2022,Q2,2022-08-04,2022-06-30,203000000.0,765000000.0,275000000.0,3.9,765000000.0,1.0,87784000000.0,5632000000.0,27671000000.0,1018000000.0,82152000000.0,0.0,5447000000.0,3785457550.0,2648457550.0,37.38838915258738,27.18172888015717,0.019240408274856464,0.2998934659090909,0.029312155421370438,37.38838915258738,0.03604403409090909,4.948310522875817,4.661893534482759,0.6721337979403409,0.31527093596059114,0.0,0.01690680694596615,0.008714572131595735,26.958742632612967,0.002312494304201221,8.105904817987152,1.0,1.9104477611940294,0.21354737168210133,0.1640924631182538,-0.2700603364370652,0.1151603498542274,0.0,0.03383458646616541,0.029676557790873862,0.09600716926968259,-0.25565173668256586,Banks—Regional,Financial Services,ZIONO
2022Q1,2022,Q1,2022-05-06,2022-03-31,203000000.0,686000000.0,266000000.0,1.34,686000000.0,1.0,91126000000.0,6294000000.0,32256000000.0,0.0,84832000000.0,0.0,5311000000.0,3956102750.0,-1147897250.0,41.60359586211455,0.0,0.0075609595505124775,0.10946933587543692,0.030307265313453277,41.60359586211455,0.032252939307276775,5.766913629737609,4.8720477216748765,0.6285514378773435,0.3251231527093596,0.0,0.016683085392562164,0.007528038101090797,0.0,0.002227684744200338,16.83447978723404,1.0,-0.04285714285714274,0.4604316546762589,0.10466988727858294,-0.18576972833117725,-0.0913907284768212,-0.046948356807511735,-0.05673758865248227,-0.04694835680751178,-0.031073446327683725,-0.17053241960991034,Banks—Regional,Financial Services,ZIONO
2021Q4,2021,Q4,2022-02-25,2021-12-31,213000000.0,755000000.0,282000000.0,1.4,755000000.0,1.0,93200000000.0,7463000000.0,35253000000.0,0.0,85737000000.0,0.0,5175000000.0,4018129600.0,-5847870400.0,49.33073338401031,0.0,0.010858369098712446,0.13560230470320248,0.02633490745340226,49.33073338401031,0.028540801286345972,5.3220259602649005,4.71611455399061,0.5384067533163607,0.29107981220657275,0.0,0.015430064774416436,0.008100858369098712,0.0,0.002285407725321888,35.55866902654867,1.0,-0.1250000000000001,0.5502070581727936,0.24031975607592387,-0.022438974806616406,0.08789625360230548,-0.1125,0.0,-0.05752212389380528,0.05446927374301669,-0.015175508049617339,Banks—Regional,Financial Services,ZIONO
2021Q3,2021,Q3,2021-11-04,2021-09-30,240000000.0,694000000.0,0.0,1.6,694000000.0,1.0,88306000000.0,7774000000.0,0.0,0.0,80532000000.0,0.0,5025000000.0,4400880650.0,-4618119350.0,51.386456026704565,0.0,0.011550744003804951,0.13120658605608437,0.0,51.386456026704565,0.030872137895549268,6.341326585014409,4.584250677083333,0.566102476202727,0.2916666666666667,0.0,0.015905907377879017,0.00785903562611827,0.0,0.0027178221185423413,39.647573423423424,1.0,-0.30434782608695643,0.8858584191791802,0.13015695176802794,0.012330930382129584,-0.0868421052631579,-0.3220338983050847,0.0,0.07623318385650227,-0.009985734664764613,0.02925989672977633,Banks—Regional,Financial Services,ZIONO
2021Q2,2021,Q2,2021-08-05,2021-06-30,354000000.0,760000000.0,0.0,2.3,760000000.0,1.0,87208000000.0,8033000000.0,0.0,0.0,79175000000.0,0.0,4853000000.0,4285904049.9999995,-5017095950.0,53.098456555507816,0.0,0.014998623979451427,0.16282833312585585,0.0,53.098456555507816,0.04406821859828209,5.639347434210526,3.026768396892655,0.5335371654425495,0.17796610169491525,0.0,0.014699349137319115,0.008714796807632328,0.0,0.0040592606182919,-18.473724353448272,1.0,0.09523809523809511,2.1066529763315174,0.28690104069655215,0.05331714916494494,0.06442577030812324,0.09937888198757763,0.0,0.7969543147208124,0.10787172011661816,0.05406114683112459,Banks—Regional,Financial Services,ZIONO
2021Q1,2021,Q1,2021-05-06,2021-03-31,322000000.0,714000000.0,0.0,2.1,714000000.0,1.0,85121000000.0,7933000000.0,0.0,0.0,77188000000.0,0.0,4566000000.0,4208748700.0,-3495251300.0,52.43745249033282,0.0,0.015260628986971487,0.16374637589814697,0.0,52.43745249033282,0.04058994075381318,5.894606022408963,3.2676620341614906,0.5305368334803984,0.20496894409937888,0.0,0.01568162052535947,0.008388059350806498,0.0,0.0037828502954617544,9.76507819025522,1.0,0.10526315789473695,2.5604896226102145,0.2535046339292453,0.04029289234601199,-0.0041841004184100415,0.13380281690140844,0.0,0.3529411764705882,0.049999999999999815,0.03780743066457361,Banks—Regional,Financial Services,ZIONO
2020Q4,2020,Q4,2021-02-25,2020-12-31,284000000.0,717000000.0,0.0,1.9,717000000.0,1.0,81479000000.0,7886000000.0,0.0,0.0,73593000000.0,0.0,4309000000.0,4084695000.0,3803695000.0,52.126780579700565,0.0,0.016396862995373043,0.16941415166117169,0.0,52.126780579700565,0.036013187927973624,5.696924686192468,3.595682218309859,0.5179679178290642,0.22535211267605634,0.0,0.015668244507851873,0.008799813448864125,0.0,0.003485560696621215,33.20890243902439,1.0,0.5833333333333334,1.7710831617668583,0.2515338708354206,0.05041359202687337,0.007022471910112359,0.6228571428571429,0.0,1.3089430894308944,0.0765765765765766,0.026956634978512875,Banks—Regional,Financial Services,ZIONO
2020Q3,2020,Q3,2020-11-04,2020-09-30,175000000.0,712000000.0,0.0,1.2,712000000.0,1.0,78357000000.0,7668000000.0,0.0,0.0,70689000000.0,0.0,4090000000.0,4095284950.0,4010284950.0,50.68579171761906,0.0,0.017190550939928786,0.17566510172143976,0.0,50.68579171761906,0.022822117892540426,5.75180470505618,5.850407071428572,0.5340747196139802,0.37142857142857144,0.0,0.015871911428287793,0.009086616383986114,0.0,0.002233367791007823,37.57142155963303,1.0,1.7272727272727273,0.732690422677452,0.2801380823100019,0.003915243264190843,0.047058823529411764,1.6515151515151516,0.0,0.09374999999999989,0.07715582450832074,-0.011982991882489403,Banks—Regional,Financial Services,ZIONO
2020Q2,2020,Q2,2020-08-05,2020-06-30,66000000.0,680000000.0,0.0,0.44,680000000.0,1.0,76447000000.0,7575000000.0,0.0,0.0,68872000000.0,0.0,3979000000.0,4006026800.0,3210026800.0,50.071057937006316,0.0,0.017698536240794274,0.1786138613861386,0.0,50.071057937006316,0.008712871287128714,5.891215882352941,15.17434393939394,0.5288484224422442,0.9696969696969697,0.0,0.015975929067673734,0.008895051473569924,0.0,0.0008633432312582574,20.973962303664923,1.0,3.8888888888888884,3.727793696275072,0.6033009136457415,0.005952716902329687,-0.002932551319648094,3.7142857142857144,0.0,-0.6071428571428571,0.030303030303030335,-0.022454510259388227,Banks—Regional,Financial Services,ZIONO
2020Q1,2020,Q1,2020-05-06,2020-03-31,14000000.0,682000000.0,0.0,0.09000000000000001,682000000.0,1.0,71467000000.0,7472000000.0,0.0,0.0,63995000000.0,0.0,3979000000.0,3615711500.0,3455711500.0,49.390223749876064,0.0,0.02511648732981656,0.2402301927194861,0.0,49.390223749876064,0.001873661670235546,5.301629765395894,64.56627678571428,0.4839014320128479,4.714285714285714,0.0,0.018253668745418433,0.009542865938125289,0.0,0.0001958946087005191,28.925692,1.0,-0.9249999999999999,-0.8478674273295299,0.2649118642055908,0.002374737366281879,-0.040787623066104076,-0.9234972677595629,0.0,-0.8992805755395683,0.0982286634460548,-0.03337645536869338,Banks—Regional,Financial Services,ZIONO
2019Q4,2019,Q4,2020-02-26,2019-12-31,183000000.0,711000000.0,0.0,1.2,711000000.0,1.0,69172000000.0,7353000000.0,0.0,1000000000.0,61819000000.0,0.0,4009000000.0,4242031551.285,5517031551.285,48.60362891231781,0.0,0.039365639276007634,0.3703250373997008,0.0,48.60362891231781,0.024887800897592818,5.966289101666667,5.795125070061475,0.5769116756813546,0.34972677595628415,0.0,0.015087110792613757,0.010278725495865379,15.608,0.0026455791360666166,12.933023022210365,1.0,-0.20000000000000004,1.2367809910284304,0.27003747593002125,-0.002243019568412074,-0.002805049088359046,-0.17567567567567569,0.0,0.3318680358949354,0.1680362206224927,-0.03684761915490422,Banks—Regional,Financial Services,ZIONO
2019Q3,2019,Q3,2019-11-05,2019-09-30,222000000.0,713000000.0,0.0,1.5,713000000.0,1.0,70361000000.0,7509000000.0,0.0,0.0,62852000000.0,0.0,3892000000.0,4173953150.0,3470953150.0,49.63479525399081,0.0,0.017651824163954465,0.16540151817818619,0.0,49.63479525399081,0.029564522572912505,5.854071739130434,4.700397691441442,0.5558600546011453,0.3108108108108108,0.0,0.016531091155155872,0.010133454612640525,0.0,0.0031551569761657738,45.36905597826087,1.0,0.1538461538461538,1.3152010679125647,0.3379872018615474,0.025517200596162953,0.017118402282453638,0.12121212121212122,0.0,0.7444190377407417,0.16109784814208045,-0.022177391788087142,Banks—Regional,Financial Services,ZIONO
2019Q2,2019,Q2,2019-08-06,2019-06-30,198000000.0,701000000.0,0.0,1.3,701000000.0,1.0,70065000000.0,7599000000.0,0.0,0.0,62466000000.0,0.0,3737000000.0,4072592200.0000005,4136592200.0000005,50.22969891264831,0.0,0.01764076214943267,0.1626529806553494,0.0,50.22969891264831,0.026056060007895777,5.809689300998574,5.142161868686869,0.5359379128832742,0.30808080808080807,0.0,0.014978175325287908,0.010004995361450083,0.0,0.002825947334617855,17.94093480176212,1.0,-0.07142857142857134,0.6562107904642408,0.2954301437908981,0.13416386944055966,-0.009887005649717515,-0.07042253521126761,0.0,0.7376194613379671,0.18699688095826722,-0.003590561869237377,Banks—Regional,Financial Services,ZIONO
2019Q1,2019,Q1,2019-05-08,2019-03-31,213000000.0,708000000.0,0.0,1.4,708000000.0,1.0,69195000000.0,7588000000.0,0.0,0.0,61607000000.0,0.0,3603000000.0,4048386600.0,4038386600.0,50.15698846547906,0.0,0.017746947033745214,0.161834475487612,0.0,50.15698846547906,0.028070637849235636,5.718060169491525,4.751627464788733,0.5335248550342647,0.30985915492957744,0.0,0.016302790845123337,0.0102319531758075,0.0,0.003078257099501409,-60.42368059701492,1.0,-0.06666666666666672,1.1045351249876496,0.2761723481571206,0.15210311960615922,-0.0111731843575419,-0.05752212389380531,0.0,1.3552307130930923,0.24297098154328547,-0.00494863643999264,Banks—Regional,Financial Services,ZIONO
2018Q4,2018,Q4,2019-02-26,2018-12-31,226000000.0,716000000.0,0.0,1.5,716000000.0,1.0,68746000000.0,7578000000.0,0.0,4500000000.0,61168000000.0,0.0,3456000000.0,3812382151.285,7803382151.285,50.09088805896156,0.0,0.07598987577459052,0.6893639482713116,0.0,50.09088805896156,0.029823172340987067,5.324556077213687,4.21723689301438,0.5030855306525469,0.2831858407079646,0.0,0.016787404163674458,0.010415151426992116,3.675333333333333,0.0032874639979053326,12.219173561810896,1.0,0.0,6.44945987654321,0.7860483679858313,0.17223700967876707,0.021398002853067047,0.013452914798206279,0.0,1.205157727321514,0.24978835637121508,0.009388054828765677,Banks—Regional,Financial Services,ZIONO
2018Q3,2018,Q3,2018-11-07,2018-09-30,223000000.0,701000000.0,0.0,1.5,701000000.0,1.0,66731000000.0,7553000000.0,0.0,0.0,59178000000.0,0.0,3296000000.0,3950051501.285,3722051501.285,49.92563704266781,0.0,0.013172288741364583,0.11637759830530915,0.0,49.92563704266781,0.029524692175294586,5.63488088628388,4.428308857942826,0.522977823551569,0.30493273542600896,0.0,0.017214965419534094,0.010504862807390868,0.0,0.0033417751869445986,11.253707980868946,1.0,0.1538461538461538,0.9997489104507056,0.30367427856227613,0.19267768852652897,0.021865889212827987,0.1319796954314721,0.0,1.2079426528975532,0.26036066811701036,-0.011140866930825086,Banks—Regional,Financial Services,ZIONO
2018Q2,2018,Q2,2018-08-08,2018-06-30,197000000.0,686000000.0,0.0,1.3,686000000.0,1.0,66457000000.0,7621000000.0,0.0,0.0,58836000000.0,0.0,3139000000.0,4081669300.0,3298669300.0,50.37511980698681,0.0,0.005763125028213733,0.05025587193281721,0.0,50.37511980698681,0.025849626033328958,5.949955247813411,5.179783375634518,0.5355818527752264,0.27918781725888325,0.0,0.013474879015798757,0.010322464149750967,0.0,0.002964322795190875,29.793206569343067,1.0,-0.18750000000000003,1.3727507045985596,0.23424582362519228,0.11087918194046581,0.008823529411764706,-0.1722689075630252,0.0,13.111747851002868,0.6174476864132037,0.01206147267493776,Banks—Regional,Financial Services,ZIONO
2018Q1,2018,Q1,2018-05-09,2018-03-31,238000000.0,680000000.0,0.0,1.6,680000000.0,1.0,66481000000.0,7644000000.0,0.0,0.0,58837000000.0,0.0,2999000000.0,4077130901.285,3273130901.285,50.52715074197706,0.0,0.005761044508957446,0.05010465724751439,0.0,50.52715074197706,0.031135531135531136,5.995780737183823,4.282700526559874,0.5333766223554423,0.20588235294117646,0.0,0.012018255284508167,0.01022848633444142,0.0,0.003579970217054497,16.506602839210526,1.0,0.9753086419753089,1.1495082322552677,0.2608142635175977,0.20275576458148614,0.021021021021021023,0.9349593495934959,0.0,1.5862537353979898,0.26120244524897634,0.02544867404013087,Banks—Regional,Financial Services,ZIONO
2017Q4,2017,Q4,2018-03-01,2017-12-31,123000000.0,666000000.0,0.0,0.8099999999999999,666000000.0,1.0,66288000000.0,7679000000.0,0.0,3600000000.0,58609000000.0,0.0,2807000000.0,4114952151.285,6767952151.285,50.75850216478831,0.0,0.06008629012792662,0.5186873290793071,0.0,50.75850216478831,0.01601771063940617,6.178606833761261,8.36372388472561,0.5358708362136997,0.3252032520325203,0.0,0.009720647659902671,0.01004706734250543,4.731944444444444,0.0018555394641564084,46.23541743016854,1.0,-0.2636363636363637,1.111515484446886,0.3147219244686331,0.26882228209889864,0.007564296520423601,-0.23125,0.0,0.5034101742977973,0.18965535720027285,0.04199318002640603,Banks—Regional,Financial Services,ZIONO
2017Q3,2017,Q3,2017-11-08,2017-09-30,160000000.0,661000000.0,0.0,1.1,661000000.0,1.0,65564000000.0,7761000000.0,0.0,0.0,57803000000.0,0.0,2700000000.0,4193620048.715,3270620048.715,51.30052549823181,0.0,0.005841620401439814,0.04934931065584332,0.0,51.30052549823181,0.02061590001288494,6.344357108494705,6.552531326117188,0.5403453226021132,0.2125,0.0,0.008107553761437736,0.01008175218107498,0.0,0.0024403636141785124,22.30648962082447,1.0,0.0,0.45651837488962316,0.1922003762375166,0.31073241754891845,0.0015151515151515152,-0.047619047619047616,0.0,0.668613382279326,0.24040608756028453,0.059933279241819286,Banks—Regional,Financial Services,ZIONO
2017Q2,2017,Q2,2017-08-08,2017-06-30,168000000.0,660000000.0,0.0,1.1,660000000.0,1.0,65446000000.0,7749000000.0,0.0,0.0,57697000000.0,0.0,2572000000.0,4235980000.0,2970980000.0,51.22120501041081,0.0,0.005852152919964551,0.04942573235256162,0.0,51.22120501041081,0.02168021680216802,6.418151515151515,6.303541666666667,0.5466485998193316,0.15476190476190477,0.0,0.0061378948909107224,0.010084649940408887,0.0,0.0025670018030131713,28.052847682119204,1.0,0.19565217391304351,0.8313221491873507,0.22047062086819846,0.19362825249835525,0.06280193236714976,0.20863309352517986,0.0,0.40526976160602246,0.2196631881626145,0.1565516284109616,Banks—Regional,Financial Services,ZIONO
2017Q1,2017,Q1,2017-05-08,2017-03-31,139000000.0,621000000.0,0.0,0.92,621000000.0,1.0,65463000000.0,7730000000.0,0.0,0.0,57733000000.0,0.0,2435000000.0,4229928448.715,2285928448.715,51.095614238027565,0.0,0.0058506331821028676,0.049547218628719275,0.0,51.095614238027565,0.01798188874514877,6.811478983438003,7.607784979703237,0.54720937240815,0.20863309352517986,0.0,0.006855907931210951,0.009486274689519271,0.0,0.0021233368467684036,12.817964996106062,1.0,0.010989010989010999,0.5500245327623892,0.12903548371261764,0.20987060332161922,0.020183534467746757,0.011637469887409845,0.0,0.3733820768698747,0.11935455961238955,0.17366329922978538,Banks—Regional,Financial Services,ZIONO
2016Q4,2016,Q4,2017-02-28,2016-12-31,137401000.0,608714000.0,0.0,0.91,608714000.0,1.0,63239165000.0,7634306000.0,0.0,500000000.0,55604859000.0,0.0,2321571000.0,4037796801.285,2924467801.285,50.463073007899,0.0,0.01636406805814087,0.13555259639841527,0.0,50.463073007899,0.01799783765544635,6.633323369078089,7.346738381243586,0.5289016187306351,0.19464196039330137,0.0,0.006623414033982323,0.009625585663567823,32.249516,0.002172720022473415,50.009868730307154,1.0,0.08333333333333327,0.5435019490221187,0.061887034704607956,0.092909002724003,-0.008728589713943271,0.07966180272349387,0.0,4.3131028163580245,0.5184254836174963,0.18094695650734624,Banks—Regional,Financial Services,ZIONO
2016Q3,2016,Q3,2016-11-07,2016-09-30,127263000.0,614074000.0,0.0,0.8400000000000001,614074000.0,1.0,61038860000.0,7679307000.0,0.0,0.0,53359553000.0,0.0,2211793000.0,4530985901.285,3059084901.285,50.7605314472684,0.0,0.009344620787478665,0.07427558241909069,0.0,50.7605314472684,0.016572198506974653,7.378566591786983,8.900831155333837,0.5900253631330276,0.24273355177860023,0.0,0.006817721501017963,0.010060377929731978,0.0,0.0020849504725350375,25.60284056960988,1.0,0.1200000000000001,0.16655514102646357,0.030991496184615986,0.10960361902136262,0.03980588113775598,0.11684174499118026,0.0,0.14122890399411725,0.14201494855042962,0.21262255027745186,Banks—Regional,Financial Services,ZIONO
2016Q2,2016,Q2,2016-08-05,2016-06-30,113949000.0,590566000.0,0.0,0.75,590566000.0,1.0,59642992000.0,7626383000.0,0.0,0.0,52016609000.0,0.0,2110069000.0,4432650348.715,2416141348.715,50.41070165581518,0.0,0.011714905248214242,0.09161774329980543,0.0,50.41070165581518,0.01494142111666828,7.505766245796406,9.725075140446604,0.5812257722586186,0.20004563445049978,0.0,0.005142521563111365,0.009901683000745502,0.0,0.001910517835859073,-110.66409558644365,1.0,0.25000000000000006,0.563622641509434,0.10916910825632939,0.10294025982440315,0.036802825827813405,0.25998208697767505,0.0,0.37244959410305206,0.06254171876827311,0.1116638378434163,Banks—Regional,Financial Services,ZIONO
2016Q1,2016,Q1,2016-05-09,2016-03-31,90437000.0,569603000.0,0.0,0.6,569603000.0,1.0,59179913000.0,7625737000.0,0.0,0.0,51554176000.0,0.0,2031270000.0,3901640301.285,1147195301.2849998,50.40643156955415,0.0,0.013559465692354094,0.10522891098919357,0.0,50.40643156955415,0.011859443880637373,6.8497537781314355,10.785520034070679,0.5116410782702052,0.303205546402468,0.0,0.007028069704674962,0.009624938110334836,0.0,0.0015281705466515302,21.34995540985625,1.0,-0.11764705882352951,0.712270670428082,0.029881969204955516,0.1304334871266076,-0.005749724645093272,-0.1175758876735586,0.0,-0.1832139663845813,0.05612292197413843,0.19988214755786612,Banks—Regional,Financial Services,ZIONO
2015Q4,2015,Q4,2016-02-29,2015-12-31,102487000.0,572897000.0,0.0,0.68,572897000.0,1.0,59669525000.0,7507519000.0,0.0,0.0,52162006000.0,0.0,1966910000.0,3953076898.715,-2136018101.2849998,49.62500578378557,0.0,0.013697913633467,0.10887058694090551,0.0,49.62500578378557,0.013651247502670322,6.900152904824078,9.642873971125606,0.5265490368675724,0.2766789934333135,0.0,0.007173146570768074,0.009601165754210378,0.0,0.0017175769373059364,40.52235091401597,1.0,0.01492537313432837,2.4194875346260387,0.21241627427120263,0.12924247011895862,0.03003829626566461,0.014732819136823137,0.0,0.7593730687358374,0.13093130084430415,0.24048800501117873,Banks—Regional,Financial Services,ZIONO
2015Q3,2015,Q3,2015-11-06,2015-09-30,100999000.0,556190000.0,0.0,0.67,556190000.0,1.0,58410927000.0,7638095000.0,0.0,0.0,50772832000.0,0.0,1894623000.0,3947025650.0,-2269594350.0,50.48811845192848,0.0,0.01617423397509168,0.12368948016488404,0.0,50.48811845192848,0.013223061509447055,7.096541919128356,9.769962202596064,0.5167552445996024,0.2714878365132328,0.0,0.0069470032453424774,0.00952201974127204,0.0,0.0017291114041042355,22.713426269601495,1.0,6.444444444444445,3.1341574220813526,-0.03592049407796312,0.17591793740585687,0.31138225758915417,6.234885386819484,0.0,-0.0805818790907684,0.003161765899462012,0.28997535431237037,Banks—Regional,Financial Services,ZIONO
2015Q2,2015,Q2,2015-08-06,2015-06-30,13960000.0,424125000.0,0.0,0.09000000000000001,424125000.0,1.0,58365459000.0,7530175000.0,0.0,0.0,50835284000.0,0.0,1823043000.0,3950051501.285,-3418559498.715,49.77476286479162,0.0,0.01800616354272139,0.13956355595985484,0.0,49.77476286479162,0.0018538745779480557,9.313413501408782,70.73874465051935,0.5245630415342273,2.0805873925501435,0.0,0.007353068685446584,0.007266712320381135,0.0,0.00023918256172713386,77.15547115565668,1.0,-0.8524590163934427,1.123547476392343,-0.21794183865953434,0.17258802069561982,-0.2133713425129088,-0.8483020918228742,0.0,-0.8478258499841939,-0.2157089362489021,0.15992123193403052,Banks—Regional,Financial Services,ZIONO
2015Q1,2015,Q1,2015-05-07,2015-03-31,92025000.0,539168000.0,0.0,0.61,539168000.0,1.0,57555931000.0,7454298000.0,0.0,0.0,50101633000.0,0.0,1836619000.0,3951564351.285,-2471734648.715,49.273212810258784,0.0,0.018926303181508782,0.14613327774124404,0.0,49.273212810258784,0.012345226874482345,7.329003856469598,10.735029479176854,0.5301054976987772,0.2524748709589785,0.0,0.005879696731357694,0.009367722676573506,0.0,0.0015988795316333256,71.47754054129585,1.0,0.12962962962962954,2.5284005979073245,-0.08066014974261394,0.2759389175937994,-0.03690075130486973,0.12480749016060821,0.0,0.02619429947812123,-0.01974266717815676,0.16671876049147985,Banks—Regional,Financial Services,ZIONO
2014Q4,2014,Q4,2015-02-27,2014-12-31,81814000.0,559826000.0,0.0,0.54,559826000.0,1.0,57208874000.0,7369530000.0,0.0,1200000.0,49839344000.0,0.0,1769705000.0,3916768498.715,-3009788501.285,48.712892884291236,0.0,0.019113852861358537,0.14837879756239544,0.0,48.712892884291236,0.011101657771933896,6.996403344458814,11.968515470197643,0.5314814511529229,0.30482557997408755,0.0,0.006367238709201705,0.009785649687843883,10227.7175,0.0014300928209144616,48.98409828307904,1.0,-0.1428571428571428,1.4825674328620555,1.8569110254905463,0.2945674937788288,0.0505470172080542,-0.1467754046387452,0.0,-0.08093777732843556,-0.023396913672854864,0.05500430331776345,Banks—Regional,Financial Services,ZIONO
2014Q3,2014,Q3,2014-11-06,2014-09-30,95888000.0,532890000.0,0.0,0.63,532890000.0,1.0,55458870000.0,7322159000.0,0.0,0.0,48136711000.0,0.0,1711785000.0,3833561900.0,-3106317100.0,48.39976864857719,0.0,0.02008113400074686,0.15209680642007364,0.0,48.39976864857719,0.013095591068153532,7.193908498939743,9.994894825212748,0.5235562216007601,0.24239738027698982,0.0,0.006063029789606371,0.009608742478885704,0.0,0.0017289930357398194,22.27584706121619,1.0,-0.20253164556962028,1.62717806498875,-0.33662805534635043,0.3307318411843656,-0.015232854030340045,-0.19792555416143873,0.0,-0.12104351333266117,-0.10531131687415533,0.057998348737697485,Banks—Regional,Financial Services,ZIONO
2014Q2,2014,Q2,2014-08-07,2014-06-30,119550000.0,541133000.0,0.0,0.79,541133000.0,1.0,55111275000.0,6700090000.0,0.0,0.0,48411185000.0,0.0,1640785000.0,3900127451.285,-1937220548.7150002,44.287867270383714,0.0,0.035076960204604234,0.28852388550004554,0.0,44.287867270383714,0.017843043899410306,7.207336184052719,8.155849960863655,0.5821007555547761,0.20248431618569637,0.0,0.006206720242443452,0.009818916365117664,0.0,0.0021692475813705997,-166.75050029009364,1.0,0.1791044776119403,2.7673669115799124,-0.5175433747615057,0.2055005350911094,-0.024605972774989906,0.18120739057405394,0.0,0.6404802744425387,0.016326722259785136,-0.031021782482352937,Banks—Regional,Financial Services,ZIONO
2014Q1,2014,Q1,2014-05-08,2014-03-31,101210000.0,554784000.0,0.0,0.67,554784000.0,1.0,56080844000.0,6586216000.0,0.0,0.0,49494628000.0,0.0,1542195000.0,3771535050.0,-3568919950.0,43.53515550120633,0.0,0.038492662485607385,0.32776043178662834,0.0,43.53515550120633,0.015366942110614045,6.7982044363211624,9.316112661792314,0.572640655878884,0.23457168264005532,0.0,0.006294784400850259,0.009892575796469825,0.0,0.0018047160631177376,75.97467970669997,1.0,3.4814814814814814,1.122524184634903,0.35503867638115116,0.18606318811829126,0.3838981253975579,3.4404417438271606,0.0,0.9162390896870324,0.0030881831791652633,-0.023664319940609364,Banks—Regional,Financial Services,ZIONO
2013Q4,2013,Q4,2014-03-03,2013-12-31,-41472000.0,400885000.0,0.0,-0.27,400885000.0,1.0,56031127000.0,6464563000.0,0.0,0.0,49566564000.0,0.0,1473670000.0,3520401950.0,-3556154050.0,42.73102422579899,0.0,0.04057699928113172,0.35169817356563776,0.0,42.73102422579899,-0.006415282827315628,8.781575638898936,-21.221558822820214,0.5445692075396279,-0.6135706018518519,0.0,0.007228151887599085,0.007154683859919505,0.0,-0.0007401600185554005,61.127640603566526,1.0,-1.364864864864865,0.9141323792486584,-0.05929105108036564,-0.005711279026272448,-0.25446010961278454,-1.371899492440411,0.0,0.42559556786703595,-0.15161102587164693,-0.027633617662555884,Banks—Regional,Financial Services,ZIONO
2013Q3,2013,Q3,2013-11-07,2013-09-30,111514000.0,537711000.0,0.0,0.74,537711000.0,1.0,55188312000.0,6332809000.0,0.0,0.0,48855503000.0,0.0,1540455000.0,3561249051.285,-3680170948.715,41.86012492976832,0.0,0.04175342416705914,0.3638671243677174,0.0,41.86012492976832,0.017608931518383074,6.622979725698377,7.9838608858192694,0.562349038362755,0.31327905016410496,0.0,0.009809760423072477,0.009743204321958606,0.0,0.0020206090014131977,14.156208465643484,1.0,0.34545454545454535,1.9532309322033896,-0.07548318211594313,0.13776109961378202,-0.032554582992236486,0.3431214318406282,0.0,3.356344426835711,-0.06795132021639307,-0.025036517971399,Banks—Regional,Financial Services,ZIONO
2013Q2,2013,Q2,2013-08-06,2013-06-30,83026000.0,555805000.0,0.0,0.55,555805000.0,1.0,54904540000.0,6860332000.0,0.0,0.0,48044208000.0,0.0,1338401000.0,3856254650.0,-3333676350.0,45.34707340450144,0.0,0.03958098911310431,0.3167741736114229,0.0,45.34707340450144,0.012102329741476068,6.938143143728466,11.611587484643366,0.5621090422446027,0.4221207814419579,0.0,0.009088352087951454,0.010123115501923885,0.0,0.0015121882452707918,13.561123536631253,1.0,-0.24657534246575336,0.14997645364137507,-0.0023513996212631166,0.3008993975572339,0.03053951725646816,-0.25014676264190816,0.0,1.7347888807271246,0.024867282909136507,0.06828103213999977,Banks—Regional,Financial Services,ZIONO
2013Q1,2013,Q1,2013-05-09,2013-03-31,110723000.0,539334000.0,0.0,0.73,539334000.0,1.0,54110564000.0,6355405000.0,0.0,0.0,47759911000.0,0.0,1290131000.0,4062002250.0,-299513750.0,42.00948540833526,0.0,0.043477074088527336,0.37016822688719286,0.0,42.00948540833526,0.01742186375219203,7.531515257706727,9.171541256107584,0.6391413686460581,0.2188524516134859,0.0,0.00596553091520321,0.009967258888670982,0.0,0.0020462362950051678,20.887981703742557,1.0,0.9210526315789473,0.03722751501185025,-0.1618050903959456,0.19287582250162863,0.06467602764469343,0.9007587722309963,0.0,2.8389470187676467,-0.08037710175916025,0.0878433591694644,Banks—Regional,Financial Services,ZIONO
2012Q4,2012,Q4,2013-02-28,2012-12-31,58252000.0,506571000.0,0.0,0.38,506571000.0,1.0,55511918000.0,6052069000.0,0.0,5409000.0,49463277000.0,0.0,1203815000.0,3819946250.0,-1658416750.0,40.00442211719602,0.0,0.04219854194193038,0.3870613504241277,0.0,40.00442211719602,0.009625138113924346,7.5407914191692775,16.394056212662225,0.6311802211772536,0.42046625008583394,0.0,0.006411870324091603,0.009125445818679873,2095.5274542429283,0.0010493602472896,26.839224110674714,1.0,-0.47222222222222227,0.2791111306295426,0.10448031291766506,0.14345318168077384,-0.08633262210133884,-0.46971807266206045,0.0,1.3435905602840643,1.5851394452808045,0.06313588485378895,Banks—Regional,Financial Services,ZIONO
2012Q3,2012,Q3,2012-11-08,2012-09-30,109851000.0,554437000.0,0.0,0.7200000000000001,554437000.0,1.0,53087001000.0,5921117000.0,0.0,6608000.0,47168746000.0,0.0,1170477000.0,3819946250.0,-427167750.0,39.138824073768056,0.0,0.04395175760634887,0.3940585872564248,0.0,39.138824073768056,0.01855241164800493,6.889775123233117,8.693471725337046,0.6451394643949782,0.29831316965708093,0.0,0.008578654738924664,0.010443931462619257,995.8203692493946,0.002069263622557997,48.7107566850716,1.0,0.20000000000000018,-0.19067721686853506,-0.10928091764932685,0.12633432122625537,0.025263741851971708,0.197455770299879,0.0,1.7185063575951023,-0.30980511760788243,0.07610595826696034,Banks—Regional,Financial Services,ZIONO
2012Q2,2012,Q2,2012-08-08,2012-06-30,91737000.0,540775000.0,0.0,0.6,540775000.0,1.0,53407012000.0,6491971000.0,0.0,7621000.0,46917649000.0,0.0,1110120000.0,3819946250.0,-2909709750.0,42.91219221998215,0.0,0.04273206671813057,0.35154069542208366,0.0,42.91219221998215,0.014130839463084478,7.063836623364615,10.410047881443692,0.588410861662814,0.3872156272823397,0.0,0.00929908372401837,0.010125543065393735,1182.502033853825,0.0017176957961999447,15.716580196830307,1.0,0.016949152542372704,-0.42381323250467917,-0.11448235432823313,0.2425533551961432,-0.016820992424008276,0.022982737856282617,0.0,2.356193545525775,-0.5178625559458641,0.16805513273642061,Banks—Regional,Financial Services,ZIONO
2012Q1,2012,Q1,2012-05-10,2012-03-31,89676000.0,550027000.0,0.0,0.5900000000000001,550027000.0,1.0,52896307000.0,6389113000.0,0.0,19839000.0,46509529000.0,0.0,1060525000.0,3819946250.0,-2588678750.0,42.23229665862445,0.0,0.0435372548786818,0.3604506603655312,0.0,42.23229665862445,0.014035751128521283,6.945015881038567,10.649299282974264,0.5978836577158676,0.4549266247379455,0.0,0.010679731422922507,0.010398211731491955,601.5762387217097,0.0016953168394156515,16.39933478725642,1.0,0.0,-0.4148690443565752,-0.08708757056051733,0.21439014515782595,-0.04049103513723794,0.007380446870892731,0.0,1.1085611973255565,0.3434198860347368,0.1505683588312348,Banks—Regional,Financial Services,ZIONO
2011Q4,2011,Q4,2012-02-29,2011-12-31,89019000.0,573238000.0,0.0,0.5900000000000001,573238000.0,1.0,53149109000.0,6985308000.0,0.0,70273000.0,46165881000.0,0.0,1036590000.0,3819946250.0,-2400563750.0,46.17316984499455,0.0,0.038095370516935664,0.2898562239488939,0.0,46.17316984499455,0.012743747305057987,6.663804998970759,10.72789587054449,0.5468543763567763,0.4598344173715724,0.0,0.010715857585692467,0.010785467730042285,169.31781765400652,0.0016748916712790048,15.262934720069044,1.0,-0.18055555555555555,-0.39239495454173146,-0.04288051826621259,0.40069696891311724,-0.037569570947675934,-0.1840081398439863,0.0,1.1843135062611807,0.3451491486605718,0.07438243805923876,Banks—Regional,Financial Services,ZIONO
2011Q3,2011,Q3,2011-11-09,2011-09-30,109093000.0,595615000.0,0.0,0.7200000000000001,595615000.0,1.0,51531320000.0,6920766000.0,0.0,125290000.0,44612403000.0,0.0,994380000.0,3819946250.0,-377158750.0,45.7465446012493,0.0,0.03927182536756287,0.29241401891062346,0.0,45.7465446012493,0.015763139513747467,6.41344870428045,8.753875706965616,0.551954256219615,0.3693820868433355,0.0,0.010549101312616637,0.01155831055754054,49.651480565088995,0.002117023200647684,19.776584867075666,1.0,0.5000000000000001,-0.29010112315681247,0.006378413084617435,0.49052736861012514,0.11865186687701901,0.49698799313893655,0.0,1.8891154661016947,0.024074427497322068,0.24339425590281907,Banks—Regional,Financial Services,ZIONO
2011Q2,2011,Q2,2011-08-09,2011-06-30,72875000.0,532440000.0,0.0,0.48000000000000004,532440000.0,1.0,51361414000.0,6914593000.0,0.0,147945000.0,44448323000.0,0.0,931345000.0,3819946250.0,-112459750.0,45.70574082030605,0.0,0.03947737887434329,0.29323692659857203,0.0,45.70574082030605,0.010539304337941511,7.174416366163324,13.104446826758148,0.552447013150304,0.5530428816466553,0.0,0.010550672015345767,0.010366537027193215,40.28537632228193,0.001418866700204165,11.684258299151809,1.0,0.3714285714285716,-0.4984859954579864,-0.07254313813609814,0.5547739879882988,-0.03731132791876704,0.3797640911070299,0.0,0.009376991052383729,-0.044290676072265125,0.31118871040839824,Banks—Regional,Financial Services,ZIONO
2011Q1,2011,Q1,2011-05-10,2011-03-31,52817000.0,553076000.0,0.0,0.35,553076000.0,1.0,50807708000.0,6745852000.0,0.0,182167000.0,44063121000.0,0.0,904247000.0,3819946250.0,276733250.0,44.590355950689094,0.0,0.041238821479606995,0.3105982757997062,0.0,44.590355950689094,0.007829552145525873,6.906729364499634,18.081045165382356,0.5662659438718787,0.6551110437927182,0.0,0.00905798085509711,0.010885671126908539,30.952164771885137,0.001039546991570649,15.338931921489262,1.0,1.7291666666666667,-0.6162475569085902,0.0005390952606652644,0.5529783029483751,0.17046928733929423,1.7315373961218836,0.0,-0.5052225313586076,-0.14044824204635348,0.2661606542736862,Banks—Regional,Financial Services,ZIONO
2010Q4,2010,Q4,2011-03-01,2010-12-31,-72200000.0,472525000.0,0.0,-0.48000000000000004,472525000.0,1.0,51034886000.0,6648279000.0,0.0,166394000.0,44387672000.0,0.0,889284000.0,3819946250.0,428828250.0,43.94539445417589,0.0,0.04132498699027171,0.31722736064476237,0.0,43.94539445417589,-0.010859953380416195,8.084114597111263,-13.226960699445984,0.5745767062423223,-0.4803739612188366,0.0,0.009079447125728536,0.009258862653283873,60.79576186641345,-0.0014147185515413908,12.363846084133597,1.0,-0.5483870967741937,-1.5635913728367692,-0.04126890730727482,0.5690027810398407,-0.18094236045989603,-0.525620707871104,0.0,-2.5853845984936648,0.030249579745819766,0.25609866233373624,Banks—Regional,Financial Services,ZIONO
2010Q3,2010,Q3,2010-11-09,2010-09-30,-47325000.0,576913000.0,0.0,-0.31,576913000.0,1.0,51047776000.0,6495432000.0,0.0,236507000.0,44553185000.0,0.0,1017428000.0,3819946250.0,466424250.0,42.93506957067786,0.0,0.04262481484012154,0.3349895742115382,0.0,42.93506957067786,-0.007285889529749522,6.621355819681651,-20.179325145272056,0.5880973351733957,-0.6290966719492869,0.0,0.007793826941936683,0.011301432603057967,23.379536335076764,-0.0009270727092988341,10.999519844046498,1.0,0.581081081081081,-1.3848499634057088,0.2766358118260414,1.1657410226085658,0.06378902454090674,0.5811687449665024,0.0,-1.3486650163557599,-0.07317257333804587,0.23558240662890095,Banks—Regional,Financial Services,ZIONO
2010Q2,2010,Q2,2010-08-09,2010-06-30,-112993000.0,542319000.0,0.0,-0.74,542319000.0,1.0,52147295000.0,6421842000.0,0.0,1149000.0,45726193000.0,0.0,1099621000.0,3819946250.0,-190678750.0,42.44863667911557,0.0,0.03681880335307901,0.29897979427086496,0.0,42.44863667911557,-0.01759510744736479,7.043725648557399,-8.451732076323312,0.5948365359969928,-0.19451647447186993,0.0,0.00575374588058667,0.010399753237440216,5161.554395126197,-0.0021668046252447033,52.89612066578044,1.0,-0.8499999999999999,-1.9510394747916842,0.23964295510651912,1.1858553773637568,-0.07528735338199713,-0.8766483972761999,0.0,-1.7096926149710454,-0.11195405837350672,0.22913077147749275,Banks—Regional,Financial Services,ZIONO
2010Q1,2010,Q1,2010-05-10,2010-03-31,-60210000.0,586473000.0,0.0,-0.4,586473000.0,1.0,51712981000.0,5842206000.0,0.0,3123000.0,45856069000.0,0.0,1236497000.0,3819946250.0,1559240250.0,38.61721915589781,0.0,0.04244381115836273,0.3756964406938064,0.0,38.61721915589781,-0.010306038506687371,6.513422186528621,-15.860929455239994,0.6538533988702213,-0.3800365387809334,0.0,0.005990136641320543,0.011340924244920246,1426.7057316682676,-0.0011643111426896855,5.845696313333732,1.0,0.6428571428571428,-1.546201716348858,0.40322337521264656,1.0704076808636858,1.9928963282386263,0.6448604745810699,0.0,-1.3928669302744392,-0.02659598305053803,0.11043855264133247,Banks—Regional,Financial Services,ZIONO
2009Q4,2009,Q4,2010-03-01,2009-12-31,-169539000.0,195955000.0,0.0,-1.1199999999999999,195955000.0,1.0,51123007000.0,5692658000.0,0.0,1084000.0,45412750000.0,0.0,1324516000.0,3819946250.0,3815097250.0,37.6287007965099,0.0,0.039479367870516695,0.35454510002181755,0.0,37.6287007965099,-0.029782045575195277,19.493997346329515,-5.6328429594370615,0.6710303429434897,-0.13625773420864815,0.0,0.006047467290933741,0.0038330100574874245,5669.062730627306,-0.0033162955379365693,12.705878880004258,1.0,-0.10891089108910879,-2.614949371791086,-0.5201074618385575,1.04039456927812,-0.7560640105563889,-0.10890979017319868,0.0,-2.1571996068474077,-0.6728194082682162,0.14149423413527473,Banks—Regional,Financial Services,ZIONO
2009Q3,2009,Q3,2009-11-09,2009-09-30,-152888000.0,803305000.0,0.0,-1.01,803305000.0,1.0,53403672000.0,5502355000.0,0.0,45411000.0,47879784000.0,0.0,1487707000.0,3819946250.0,3256778250.0,36.370790230359916,0.0,0.049886251267515835,0.48417613912588336,0.0,36.370790230359916,-0.02778592075574913,4.755287530888019,-6.246314704227931,0.6942384215485915,-0.14799068599236043,0.0,0.005923119991544383,0.01504213043627412,71.06817731386668,-0.002862874298231777,11.043434990257357,1.0,-1.2444444444444445,-2.4916630079516073,0.9870458182753648,1.019760588284309,-0.28379932597492913,-1.260219091406354,0.0,-1.9948852766245428,0.3573009597188429,0.18504378262590657,Banks—Regional,Financial Services,ZIONO
2009Q2,2009,Q2,2009-08-10,2009-06-30,-67643000.0,1121620000.0,0.0,-0.45,1121620000.0,1.0,52874957000.0,5557932000.0,0.0,1019000.0,47293004000.0,0.0,1668608000.0,3819946250.0,3784043250.0,36.73815645966223,0.0,0.04157662010013549,0.39553596553538256,0.0,36.73815645966223,-0.012170533932405074,3.405740134805014,-14.118039745428204,0.6872963271231098,-0.36736986827905327,0.0,0.00650532713647476,0.021212688645779892,2192.605495583906,-0.001279301276784017,20.022571573838203,1.0,0.9174311926605504,-1.6843548289188808,1.8647541402315055,1.1081112450032262,1.7395139012708127,0.9181118128519045,0.0,-1.4655082237973986,0.9537490898576171,0.24972331713634932,Banks—Regional,Financial Services,ZIONO
2009Q1,2009,Q1,2009-05-11,2009-03-31,-826041000.0,409423000.0,0.0,-5.45,409423000.0,1.0,54545012000.0,5553006000.0,0.0,984000.0,48965178000.0,0.0,1713897000.0,3819946250.0,3819048250.0,36.705595399411706,0.0,0.06001701860474428,0.5895237642458877,0.0,36.705595399411706,-0.1487556469414944,9.330072443414268,-1.1561006808378762,0.6879060188301616,-0.031104993577800617,0.0,0.006726272653705533,0.007506149233224112,3327.7713414634145,-0.015144207870006518,32.58700297723143,1.0,-0.7138364779874213,-9.287842759534056,0.05458062555218127,1.1178795292843344,-0.039255946235146146,-0.7103147982508448,0.0,-7.001765564944454,-0.25933557413645264,0.278370446630336,Banks—Regional,Financial Services,ZIONO
2008Q4,2008,Q4,2009-02-27,2008-12-31,-482976000.0,426152000.0,0.0,-3.18,426152000.0,1.0,55092791000.0,6501696000.0,0.0,15451000.0,48563775000.0,0.0,2433363000.0,3819946250.0,2520030250.0,42.97647486532042,0.0,0.04553806322863548,0.3858714710746242,0.0,42.97647486532042,-0.07428461742905236,8.96381162120558,-1.977296102704896,0.5875307381335578,-0.1019802226197575,0.0,0.01289389870341762,0.007735168109381135,419.71328716587925,-0.008766591621760458,10.93982510352886,1.0,-13.72,-6.051521807342328,0.11848863669171426,1.559699656262955,-0.26729285624633564,-13.790677966101695,0.0,-4.770098433340879,-0.13535755227090582,0.5344089959936411,Banks—Regional,Financial Services,ZIONO
2008Q3,2008,Q3,2008-11-07,2008-09-30,37760000.0,581613000.0,0.0,0.25,581613000.0,1.0,53974168000.0,5566027000.0,0.0,4455234000.0,48377853000.0,0.0,2968242000.0,3819946250.0,8962797250.0,36.79166473873814,0.0,0.13253901384825423,1.2852404417010554,0.0,36.79166473873814,0.006784013085096425,6.567848810119444,25.29095769332627,0.6862967517045822,1.3061175847457627,0.0,0.012910914649649849,0.010775765918244445,0.45134150080556934,0.0006995939242639182,8.713082923713833,1.0,-0.4791666666666667,-0.39179176599445914,0.24474430450182447,1.2389750322912054,0.04397296787916319,-0.47699382254356076,0.0,-0.6929332357485565,0.2870363199019254,0.8558539304001469,Banks—Regional,Financial Services,ZIONO
2008Q2,2008,Q2,2008-06-30,2008-06-30,72198000.0,557115000.0,0.0,0.48000000000000004,557115000.0,1.0,54630883000.0,5273530000.0,0.0,4936343000.0,49331825000.0,0.0,2981062000.0,3819946250.0,9296170250.0,34.85824767822322,0.0,0.14153646390815247,1.4662402603189895,0.0,34.85824767822322,0.01369063985603571,6.856656614882026,13.227327107399098,0.7243622867415185,0.6650461231613064,0.0,0.012569548589852542,0.010197803319415503,0.45702618314813215,0.0013215601878519884,-106.86360012309069,1.0,-0.31428571428571417,-0.21884771436299702,0.4865993521152316,1.1269199542957813,-0.13417111277230293,-0.3236657954641261,0.0,-0.392323878461409,0.27346392977964706,0.7949949419791227,Banks—Regional,Financial Services,ZIONO
2008Q1,2008,Q1,2008-05-09,2008-03-31,106749000.0,643447000.0,0.0,0.7,643447000.0,1.0,53408293000.0,5327801000.0,0.0,4054744000.0,48050079000.0,0.0,2957511000.0,3819946250.0,7682474250.0,35.21698119443435,0.0,0.1267018026582501,1.2701163200352266,0.0,35.21698119443435,0.02003622132283094,5.936691366965733,8.94609375731857,0.7169836579857243,0.4539527302363488,0.0,0.012685780591808065,0.012047698285358044,0.7162965158836169,0.0019987345410945826,13.27398037369213,1.0,1.3333333333333333,0.217150871111922,0.7747960954028029,1.2084112606652673,0.4029120180703847,1.3440196745789508,0.0,-0.03161456537910257,0.5395420950503294,0.8881087234022947,Banks—Regional,Financial Services,ZIONO
2007Q4,2007,Q4,2008-02-28,2007-12-31,45541000.0,458651000.0,0.0,0.3,458651000.0,1.0,52947414000.0,5292800000.0,0.0,297850000.0,47623675000.0,0.0,2910692000.0,3819946250.0,3999449250.0,34.985623161582446,0.0,0.052148042584289386,0.5216717049576783,0.0,34.985623161582446,0.008604330411124546,8.328655666290928,20.969819777782657,0.7217250321191052,1.0822775081794427,0.0,0.012902799352216016,0.008662387175320781,27.5937955346651,0.0008601175498391668,21.095584499497456,1.0,-0.6629213483146067,-0.47950168581061775,0.2560618923729975,1.2296335520082837,-0.26316389808180446,-0.6644785312232929,0.0,-0.566197692915861,0.12323335725183732,0.8970752109603695,Banks—Regional,Financial Services,ZIONO
2007Q3,2007,Q3,2007-11-07,2007-09-30,135732000.0,622460000.0,0.0,0.8899999999999999,622460000.0,1.0,50044686000.0,5256980000.0,0.0,2448651000.0,44750295000.0,0.0,2914439000.0,3819946250.0,6756499250.0,34.74885150543676,0.0,0.09853565671288256,0.9380263953829004,0.0,34.74885150543676,0.025819386796221405,6.136854175368699,7.035824731824477,0.7266427207255877,0.36768042908083576,0.0,0.013064581733316273,0.012438083835714346,0.8145844385337069,0.002712216038282266,20.382286636608598,1.0,-0.1100000000000001,2.4409572580236274,0.8518926220021955,0.0,0.019276619157409348,-0.14748703003504718,0.0,0.3242792331333237,0.5397097491534144,0.929690290320935,Banks—Regional,Financial Services,ZIONO
2007Q2,2007,Q2,2007-08-09,2007-06-30,159214000.0,610688000.0,0.0,1.0,610688000.0,1.0,48691445000.0,5224702000.0,0.0,893116000.0,43434649000.0,0.0,2828613000.0,3819946250.0,5474082250.0,34.53549261327957,0.0,0.06849176482644949,0.6383068354903304,0.0,34.53549261327957,0.030473316947071814,6.255151976131838,5.998131838280554,0.7311318903929832,0.31468966296933687,0.0,0.013116153139589333,0.012541997880736544,1.8819806161797572,0.0032698557210614717,24.687021359097812,1.0,0.0,0.9398598842522082,0.6820951268688785,0.0,0.013595088440274392,0.03886257161126989,0.0,0.6107929827401305,0.559771559342467,0.9817178472120288,Banks—Regional,Financial Services,ZIONO
2007Q1,2007,Q1,2007-05-10,2007-03-31,153258000.0,602497000.0,0.0,1.0,602497000.0,1.0,48558866000.0,5261170000.0,0.0,510576000.0,43259005000.0,0.0,2719502000.0,3819946250.0,5250297250.0,34.776547575767594,0.0,0.062237759011917616,0.5744340137269847,0.0,34.776547575767594,0.029130022409464055,6.340191320454708,6.231234666379569,0.7260640218810644,0.3024507692909995,0.0,0.012134463933883887,0.012407559105684222,3.117741531133465,0.0031561280693828395,35.88522437974993,1.0,0.030927835051546303,0.9246022277756152,0.7115759929320794,0.0,0.005972417017297803,0.046072569416004586,0.0,0.537669686662854,0.5518953824121083,1.0065752212558141,Banks—Regional,Financial Services,ZIONO
