Quarters,Year,Quarter,FillingDate,Date,NetIncome,Revenue,OperatingIncome,EPSDiluted,GrossProfit,GrossProfitRatio,TotalAssets,CommonStockEquity,CurrentAssets,CurrentLiability,TotalLiability,Inventory,RetainedEarnings,MarketCap,EnterpriseValue,bookValuePerShare,currentRatio,debtToAssets,debtToEquity,roic,shareholdersEquityPerShare,roe,priceToSalesRatio,peRatio,pbRatio,payoutRatio,inventoryTurnover,dividendYield,assetTurnover,quickRatio,returnOnAssets,priceToFreeCashFlowsRatio,grossProfitMargin,epsdilutedGrowth,fiveYNetIncomeGrowthPerShare,fiveYRevenueGrowthPerShare,fiveYShareholdersEquityGrowthPerShare,grossProfitGrowth,netIncomeGrowth,operatingIncomeGrowth,threeYNetIncomeGrowthPerShare,threeYRevenueGrowthPerShare,threeYShareholdersEquityGrowthPerShare,Industry,Sector,Symbol
2023Q1,2023,Q1,2023-05-09,2023-03-31,9440000.0,32834000.0,8349000.0,0.59,32834000.0,1.0,4135279000.0,430174000.0,1869751000.0,431235000.0,3705105000.0,0.0,276209000.0,349583300.0,742825300.0,26.936380713838446,4.3358053033728705,0.10428196017729396,1.002466443811109,0.006900996098708838,26.936380713838446,0.021944608460762387,10.646990924042152,9.258032309322033,0.8126555765806395,0.425,0.0,0.011476520760574089,0.00793997212763637,2.11298016162881,0.0022827963965671967,29.117382975179076,1.0,-0.27160493827160503,0.27936233544799,0.17805871298536824,0.2479772183947076,-0.08685374196957477,-0.26713764459281114,-0.548165385864271,0.10607915574962609,0.020857189759526367,0.05311484406158576,Banks—Regional,Financial Services,BMRC
2022Q4,2022,Q4,2023-03-16,2022-12-31,12881000.0,35957000.0,18478000.0,0.81,35957000.0,1.0,4147464000.0,412092000.0,927798000.0,22946000.0,3735372000.0,0.0,270781000.0,524370240.00000006,618024240.0,25.839729119638825,40.4339754205526,0.03995622385149093,0.40213593081156634,0.02231386043446975,25.839729119638825,0.031257583258107416,14.583258892566123,10.177203633258289,1.272459159605137,0.3110783324276066,0.0,0.007641547315881237,0.008669635227695769,40.4143641593306,0.0031057532988833657,35.37783295101876,1.0,0.06578947368421058,8.393914795156329,0.31529161482908036,0.1231071557429079,0.00579020979020979,0.05807458518153442,0.07430232558139535,0.20285741552434428,0.1630165010379569,0.03738546927632978,Banks—Regional,Financial Services,BMRC
2022Q3,2022,Q3,2022-11-08,2022-09-30,12174000.0,35750000.0,17200000.0,0.76,35750000.0,1.0,4348653000.0,396592000.0,268066000.0,26744000.0,3952061000.0,0.0,261907000.0,477373050.0,318930050.0,24.881862099253404,10.023407119353873,0.012383834718474894,0.1357894259087425,0.026354639658802165,24.881862099253404,0.03069653447371606,13.353092307692307,9.80312654016757,1.2036880471618188,0.3288976507310662,0.0,0.008387570266063408,0.008220936460094655,40.40379150463655,0.0027994875654599252,25.211146025878005,1.0,0.10144927536231894,0.8225516054314049,0.3171033713438257,0.24343818284284843,0.05379513633014001,0.10012651364540033,0.10192837465564739,0.0970948911437812,0.1327311276668617,0.013831385912563419,Banks—Regional,Financial Services,BMRC
2022Q2,2022,Q2,2022-08-08,2022-06-30,11066000.0,33925000.0,15609000.0,0.69,33925000.0,1.0,4326904000.0,409573000.0,2016152000.0,24117000.0,3917331000.0,0.0,253737000.0,505969380.0,414537380.0,25.725331323409332,83.59878923580877,0.011229738399557744,0.11863574991515553,0.023846545640347636,25.725331323409332,0.027018382559397227,14.91435165806927,11.430719772275438,1.235358238946415,0.347008855955178,0.0,0.007589392069535907,0.007840479012245246,44.97097483103205,0.0025574868312308293,64.00624667931689,1.0,0.045454545454545324,0.6377930241907637,0.2764110417736593,0.3058598063915709,0.035403631924309474,0.057429526994744386,0.05673278721819782,0.15251987776470857,0.11639225380222178,0.07206218270730479,Banks—Regional,Financial Services,BMRC
2022Q1,2022,Q1,2022-05-09,2022-03-31,10465000.0,32765000.0,14771000.0,0.66,32765000.0,1.0,4330424000.0,420408000.0,1188859000.0,22935000.0,3910016000.0,0.0,246511000.0,556771320.0,411609320.0,26.480725623582767,51.83601482450403,0.005943759779642825,0.061223858727712126,0.023099100753231374,26.480725623582767,0.024892485395139958,16.992867999389592,13.300795986622074,1.3243594793629045,0.3652173913043478,0.0,0.006864577722861156,0.007566233699055797,51.83161107477654,0.0024166224831563836,49.059064234734336,1.0,0.08196721311475418,0.7659059780138643,0.2740892045088389,0.3730229077380458,-0.017600143919405134,0.07731109738521721,0.0424135497529993,0.21072778028921882,0.10670714048632735,0.13441399062930814,Banks—Regional,Financial Services,BMRC
2021Q4,2021,Q4,2022-03-15,2021-12-31,9714000.0,33352000.0,14170000.0,0.61,33352000.0,1.0,4314209000.0,450368000.0,399003000.0,25429000.0,3863841000.0,0.0,239868000.0,593744040.0,297380040.0,28.239779282668675,15.69086476070628,0.011885608694432745,0.11385578016200085,0.019246670841516125,28.239779282668675,0.021569027994884183,17.80235188294555,15.280626930203827,1.31835308014779,0.39561457689932056,0.0,0.006472486022764961,0.007730733490194842,61.60965826418656,0.0022516294412254947,46.692673796791446,1.0,0.7428571428571429,0.303464543571778,0.2452214400554431,0.4906039298156155,0.0649466760329523,0.8390761075350246,0.0,-0.12744601231169583,0.08430933968625219,0.23532913320949633,Banks—Regional,Financial Services,BMRC
2021Q3,2021,Q3,2021-11-09,2021-09-30,5282000.0,31318000.0,0.0,0.35,31318000.0,1.0,4261062000.0,458525000.0,0.0,0.0,3802537000.0,0.0,233997000.0,563305500.0,5654500.0,30.728119555019436,0.0,0.006357100647678912,0.05907638623848209,0.0,30.728119555019436,0.011519546371517366,17.986637077718882,26.661562854979174,1.22851643858023,0.5918212798182506,0.0,0.005549386611705371,0.007349810915682522,0.0,0.0012395970769728299,45.104131635839536,1.0,-0.5070422535211268,-0.3816129148231728,0.18789306471655243,0.6129014690929608,0.1793191745744841,-0.43112547119009154,0.0,-0.4331522380279141,0.1318349760818981,0.3840463696554154,Banks—Regional,Financial Services,BMRC
2021Q2,2021,Q2,2021-08-05,2021-06-30,9285000.0,26556000.0,0.0,0.71,26556000.0,1.0,3073818000.0,348649000.0,2324500000.0,0.0,2725169000.0,0.0,231841000.0,417634800.0,185448800.0,26.630690498014054,0.0,0.00824934983138234,0.07272930655186162,0.0,26.630690498014054,0.026631368511023983,15.726570266606416,11.244878836833601,1.1978660486621215,0.3278406031233172,0.0,0.00728866464193118,0.008639418469148142,0.0,0.0030206733124732823,62.22210965435042,1.0,0.07575757575757565,0.7823398425708341,0.258865789366177,0.42954212678121134,0.1131324139665507,0.03777802615401811,0.0,0.24819826878153445,0.12323037407701418,0.2158101947955582,Banks—Regional,Financial Services,BMRC
2021Q1,2021,Q1,2021-05-07,2021-03-31,8947000.0,23857000.0,0.0,0.66,23857000.0,1.0,3058133000.0,350292000.0,2324665000.0,0.0,2707841000.0,0.0,225600000.0,523295079.99999994,406499079.99999994,26.213574796078724,0.0,0.008509440236902711,0.07428944994461763,0.0,26.213574796078724,0.025541548194078084,21.934655656620695,14.622082262210794,1.4938824751921254,0.34581423940985806,0.0,0.0059125340907084396,0.0078011649591433726,0.0,0.00292564123273906,42.572004555808654,1.0,0.10000000000000009,0.4344135308502875,0.03817227427590973,0.4305667629163993,-0.061708487375127824,0.1022545275348035,0.0,0.4491053227511034,0.02296298662381262,0.21448922576986362,Banks—Regional,Financial Services,BMRC
2020Q4,2020,Q4,2021-03-15,2020-12-31,8117000.0,25426000.0,0.0,0.6,25426000.0,1.0,2911926000.0,358253000.0,2346037000.0,0.0,2553673000.0,0.0,219747000.0,464379820.00000006,293956820.00000006,26.492124528580938,0.0,0.010267087831215492,0.08345219719025382,0.0,26.492124528580938,0.02265717244517143,18.263974671596007,14.302692497228042,1.296234281359821,0.38561044720956017,0.0,0.0067401723011994786,0.008731677934123326,0.0,0.002787502154931135,49.84755474452555,1.0,0.09090909090909079,0.47054928414872027,0.17297671428948794,0.4904159244373771,-0.0352860828653817,0.08356694700307035,0.0,5.981130579666407,0.09685652456882633,0.15146310130116955,Banks—Regional,Financial Services,BMRC
2020Q3,2020,Q3,2020-11-06,2020-09-30,7491000.0,26356000.0,0.0,0.55,26356000.0,1.0,2975225000.0,357570000.0,2378919000.0,0.0,2617655000.0,0.0,215976000.0,392089440.0,208891440.0,26.4103700421006,0.0,0.01021300910015209,0.08497916491875716,0.0,26.4103700421006,0.020949744106049165,14.876667172560328,13.085350420504607,1.0965389713902174,0.41756774796422375,0.0,0.007977771602316042,0.008858489694056752,0.0,0.0025177927719752286,337.4263683304647,1.0,0.0,0.3824727494178537,0.21036531649455725,0.4860303326292109,0.006415151978005193,0.011477180664326223,0.0,0.3202641058247076,0.14313572263591276,0.3198233477205127,Banks—Regional,Financial Services,BMRC
2020Q2,2020,Q2,2020-08-07,2020-06-30,7406000.0,26188000.0,0.0,0.55,26188000.0,1.0,3181540000.0,352240000.0,2563218000.0,0.0,2829300000.0,0.0,211613000.0,450421620.0,80179620.0,26.06482166642001,0.0,0.008630097374227576,0.07794969339086986,0.0,26.06482166642001,0.02102543720190779,17.199542538567282,15.20461855252498,1.2787350102203043,0.421415068863084,0.0,0.006929063485007669,0.008231233930737944,0.0,0.0023278035165360173,22.51320137951717,1.0,0.03773584905660381,0.520300649484598,0.20873697439977887,0.4958381018318866,-0.038584382686589085,0.02462645268400664,0.0,0.2913337048134681,0.16080549727660784,0.323092890312722,Banks—Regional,Financial Services,BMRC
2020Q1,2020,Q1,2020-05-08,2020-03-31,7228000.0,27239000.0,0.0,0.53,27239000.0,1.0,2697738000.0,345940000.0,2055186000.0,0.0,2351798000.0,0.0,207328000.0,405750000.0,276112000.0,25.577818853974122,0.0,0.00987345694800607,0.07699601086893682,0.0,25.577818853974122,0.02089379661212927,14.895921289327802,14.033965135583841,1.172891252818408,0.43262313226342003,0.0,0.00770671595810228,0.010096977541925865,0.0,0.002679281679688687,43.26154174219,1.0,-0.19696969696969696,0.4199180918341913,0.26946726740193866,0.48109361519349825,0.03918052800244163,-0.20387707897345522,0.0,0.43169432807091995,0.24332492411851206,0.3262072843353251,Banks—Regional,Financial Services,BMRC
2019Q4,2019,Q4,2020-03-13,2019-12-31,9079000.0,26212000.0,0.0,0.66,26212000.0,1.0,2707280000.0,336788000.0,2085711000.0,0.0,2370492000.0,0.0,203227000.0,609121050.0,441268050.0,24.90851268397308,0.0,0.005738231730740818,0.046126940389800114,0.0,24.90851268397308,0.026957611316317683,23.238251564169083,16.772801244630465,1.8086186265543902,0.3140213679920696,0.0,0.004680514653039819,0.009682042492834136,0.0,0.0033535504269968383,63.39068061192632,1.0,-0.0434782608695651,0.6924236070403699,0.18800130877354032,0.47264891064494446,-0.024560881214647216,-0.03905588484335309,0.0,0.4369331143667562,0.1543095295958033,0.3147668939246642,Banks—Regional,Financial Services,BMRC
2019Q3,2019,Q3,2019-11-08,2019-09-30,9448000.0,26872000.0,0.0,0.69,26872000.0,1.0,2592071000.0,333065000.0,2037680000.0,0.0,2259006000.0,0.0,196999000.0,563060790.0,397185790.0,24.542406602313758,0.0,0.006408389276373988,0.049873147884046655,0.0,24.542406602313758,0.028366835302418448,20.95343815123549,14.89894131033023,1.6905432573221444,0.30323878069432686,0.0,0.005088260541104274,0.010366999978009862,0.0,0.003644961885689088,39.88247556311092,1.0,0.14999999999999997,0.5283049336904742,0.17875732752274806,0.4807672575146225,0.03104017189118674,0.14729811778992108,0.0,0.21623384255485148,0.12072356306066961,0.2882169243409663,Banks—Regional,Financial Services,BMRC
2019Q2,2019,Q2,2019-08-08,2019-06-30,8235000.0,26063000.0,0.0,0.6,26063000.0,1.0,2463987000.0,327667000.0,1882322000.0,0.0,2136320000.0,0.0,190416000.0,570779000.0,529325000.0,23.99611863786159,0.0,0.0070223584783523614,0.05280666042048787,0.0,23.99611863786159,0.025132222652876242,21.89997314200207,17.327838494231937,1.7419483805204674,0.3171827565270188,0.0,0.004576201997620796,0.010577572040761579,0.0,0.0033421442564429116,92.03144147049339,1.0,0.111111111111111,0.37419128841769705,0.11039392229888002,0.4801959764463037,0.0174103134637155,0.10108303249097472,0.0,0.5156066531277766,0.1845556475379905,0.28811765037114045,Banks—Regional,Financial Services,BMRC
2019Q1,2019,Q1,2019-05-08,2019-03-31,7479000.0,25617000.0,0.0,0.54,25617000.0,1.0,2534076000.0,320664000.0,1883155000.0,0.0,2213412000.0,0.0,184793000.0,574893450.0,540569450.0,23.34308801048264,0.0,0.006832865312642557,0.053997330539131305,0.0,23.34308801048264,0.02332347878152833,22.44187258461178,19.21692238267148,1.7928219257540603,0.35165129027944914,0.0,0.004574760766538564,0.010109010148077642,0.0,0.002951371624213323,54.95062607532021,1.0,-0.21739130434782597,0.4100483764037158,0.08866032627493531,0.4720696867997001,-0.04038209402509833,-0.2259366590767957,0.0,0.1664135048907607,0.08441104962667943,0.27391422617506284,Banks—Regional,Financial Services,BMRC
2018Q4,2018,Q4,2019-03-15,2018-12-31,9662000.0,26695000.0,0.0,0.69,26695000.0,1.0,2520892000.0,316407000.0,1858135000.0,0.0,2204485000.0,0.0,179944000.0,570802840.0,546221840.0,22.86012571346001,0.0,0.00382404323548966,0.03046708827554384,0.0,22.86012571346001,0.030536618974927862,21.38238771305488,14.769272407369076,1.80401457616298,0.25263920513351273,0.0,0.00427643282223333,0.010589505619439468,0.0,0.0038327703051142213,54.202149843319724,1.0,0.12195121951219505,2.3251396572310963,0.21748904662382992,0.411641545381085,0.035693501454898156,0.1131336405529954,0.0,0.7102383890721196,0.20322501580610486,0.28608392132626703,Banks—Regional,Financial Services,BMRC
2018Q3,2018,Q3,2018-11-06,2018-09-30,8680000.0,25775000.0,0.0,0.615,25775000.0,1.0,2545715000.0,308603000.0,1932378000.0,0.0,2237112000.0,0.0,172723000.0,575182000.0,438295000.0,22.201654676258993,0.0,0.002290515631168454,0.01889482603863216,0.0,22.201654676258993,0.028126751846223142,22.31549951503395,16.566301843317973,1.8638250438265345,0.25783410138248847,0.0,0.0038909423452055175,0.010124856867324112,0.0,0.0034096511196265097,46.58098477486232,1.0,0.09821428571428559,0.6946521104794485,0.25970638306485166,0.49181675774826833,0.027711323763955343,0.09998732733493854,0.0,0.5603006720958871,0.152941928819699,0.24921885724763285,Banks—Regional,Financial Services,BMRC
2018Q2,2018,Q2,2018-08-07,2018-06-30,7891000.0,25080000.0,0.0,0.56,25080000.0,1.0,2465042000.0,304198000.0,1862116000.0,0.0,2160844000.0,0.0,166281000.0,561422400.0,483369400.0,21.90365783410138,0.0,0.0023537124316745923,0.019073103702193967,0.0,21.90365783410138,0.025940341488109718,22.385263157894737,17.786795083005956,1.8455821537288213,0.27448992523127613,0.0,0.003858057676359191,0.010174268835987378,0.0,0.0032011624954057577,60.019499679281594,1.0,0.23076923076923084,1.0157202912050198,0.20450978479214463,0.4990738992162793,0.0392408734927278,0.23509156362498043,0.0,0.5762388354217245,0.12642223266595015,0.2570324238952488,Banks—Regional,Financial Services,BMRC
2018Q1,2018,Q1,2018-05-08,2018-03-31,6389000.0,24133000.0,0.0,0.455,24133000.0,1.0,2510043000.0,298464000.0,1892449000.0,0.0,2211579000.0,0.0,160556000.0,476720300.0,323145300.0,21.584032398032978,0.0,0.0022995621987352407,0.019339015760694758,0.0,21.584032398032978,0.021406266752439156,19.753876434757387,18.653948192205355,1.5972455639541117,0.3153858193770543,0.0,0.004226797138699568,0.009614576323991262,0.0,0.002545374720672116,53.16385636221702,1.0,4.352941176470588,0.023386283791198472,0.1128894462032948,0.4832201703996954,0.09051061906913692,4.755855855855856,0.0,0.22759734340594845,0.10006808048432493,0.24983184677958847,Banks—Regional,Financial Services,BMRC
2017Q4,2017,Q4,2018-03-15,2017-12-31,1110000.0,22130000.0,0.0,0.085,22130000.0,1.0,2468154000.0,297025000.0,1939411000.0,0.0,2171129000.0,0.0,155544000.0,438940000.0,241134000.0,23.007358636715725,0.0,0.0023252195770604267,0.019321605925427154,0.0,23.007358636715725,0.003737059170103527,19.834613646633528,98.86036036036036,1.4777880649776953,1.6153153153153152,0.0,0.004084840752722467,0.008966215236164357,0.0,0.00044972882567295236,70.66001287830007,1.0,-0.7951807228915662,-0.8040858727815281,0.04308920159166675,0.62393828682521,0.06118730219622135,-0.7837100545596258,0.0,-0.7832911698340469,0.050462961810838494,0.3602482839120924,Banks—Regional,Financial Services,BMRC
2017Q3,2017,Q3,2017-11-06,2017-09-30,5132000.0,20854000.0,0.0,0.415,20854000.0,1.0,2155901000.0,245049000.0,1725795000.0,0.0,1910852000.0,0.0,156227000.0,419425500.0,276004500.0,20.010534051935327,0.0,0.002645297720071562,0.02327289644111994,0.0,20.010534051935327,0.02094275022546511,20.112472427352067,20.43187353858145,1.711598496627205,0.34840218238503506,0.0,0.004262973996573885,0.009672985911690751,0.0,0.0023804432578304847,53.07839787395596,1.0,-0.011904761904761916,0.3892928627325111,0.08869753183712042,0.4515976268331215,0.022254901960784314,-0.01041264944080216,0.0,-0.08002849967873789,0.013751195161025001,0.20733651388098823,Banks—Regional,Financial Services,BMRC
2017Q2,2017,Q2,2017-08-07,2017-06-30,5186000.0,20400000.0,0.0,0.42,20400000.0,1.0,2100716000.0,240733000.0,1681658000.0,0.0,1859983000.0,0.0,152883000.0,376070500.0,243830500.0,19.699918166939444,0.0,0.002697175629642465,0.023536449095055516,0.0,19.699918166939444,0.021542538829325435,18.434828431372548,18.129121673736982,1.5621892303921772,0.32009255688391824,0.0,0.004414065979650092,0.009710974734328677,0.0,0.0024686821064817902,79.54113790186125,1.0,0.13513513513513511,-0.0850537559407893,-0.014483922186494622,0.4569580429992629,0.03364410214835833,0.14028144239226034,0.0,-0.03297745663861195,-0.02881193208656436,0.21518567427885385,Banks—Regional,Financial Services,BMRC
2017Q1,2017,Q1,2017-05-08,2017-03-31,4548000.0,19736000.0,0.0,0.37,19736000.0,1.0,2033708000.0,234986000.0,1602518000.0,0.0,1798722000.0,0.0,149357000.0,392020199.99999994,324486199.99999994,19.28644123440578,0.0,0.002767358932550789,0.023950363000348956,0.0,19.28644123440578,0.019354344514141267,19.863204296716656,21.54904353562005,1.6682704501544772,0.363896218117854,0.0,0.004221721227630617,0.0097044413455619,0.0,0.0022363092440015973,58.764832858641874,1.0,-0.20430107526881724,-0.1951132566503891,-0.035850383524740945,0.46720257696267237,-0.03439502911101326,-0.2002813434148057,0.0,-0.03325275404312357,-0.05436122338301519,0.21624806001087116,Banks—Regional,Financial Services,BMRC
2016Q4,2016,Q4,2017-03-14,2016-12-31,5687000.0,20439000.0,0.0,0.465,20439000.0,1.0,2023493000.0,230563000.0,1588939000.0,0.0,1792930000.0,0.0,146464000.0,424428750.0,381210750.0,18.94519309778143,0.0,0.002760572930076852,0.024227651444507576,0.0,18.94519309778143,0.024665709589136157,20.765631880228973,18.65784904167399,1.8408363440794924,0.2901353965183752,0.0,0.0038875783037789027,0.01010085036123179,0.0,0.00281048661893073,89.48529411764706,1.0,-0.18421052631578935,0.47136970560181646,0.037558475668088676,0.48876951758059917,-0.04912770411723657,-0.18337162550258473,0.0,1.2258862980554441,0.060160628266367734,0.1698895271756322,Banks—Regional,Financial Services,BMRC
2016Q3,2016,Q3,2016-11-07,2016-09-30,6964000.0,21495000.0,0.0,0.57,21495000.0,1.0,2054821000.0,231780000.0,1611642000.0,0.0,1823041000.0,0.0,142427000.0,302507590.0,211117590.0,19.051454874239685,0.0,0.0026960985896095084,0.023901976011735267,0.0,19.051454874239685,0.030045733022693935,14.073393347290068,10.85969234635267,1.30514966778842,0.21955772544514646,0.0,0.005054418634586987,0.010460765195605846,0.0,0.003389102992426104,32.15771127883491,1.0,0.4430379746835441,0.4361083210718535,0.11787387960734416,0.5212400716116831,0.09741154847603002,0.439735373165185,0.0,0.5534117370382371,0.2002593383998174,0.2801424062895438,Banks—Regional,Financial Services,BMRC
2016Q2,2016,Q2,2016-08-05,2016-06-30,4837000.0,19587000.0,0.0,0.395,19587000.0,1.0,1950452000.0,226452000.0,1550668000.0,0.0,1724000000.0,0.0,136992000.0,293992860.0,244047860.0,18.628825271470877,0.0,0.0028162702799146046,0.024256796142228816,0.0,18.628825271470877,0.021359934997262114,15.009591055291775,15.195,1.2982568491335913,0.3154848046309696,0.0,0.005190602247959355,0.010042287633840772,0.0,0.0024799379836058515,108.28466298342542,1.0,-0.15053763440860216,0.22647608806749048,-0.08093992475774471,0.5300527505276023,-0.05836257872217682,-0.1432872830322352,0.0,0.41163795912278384,0.0747309106181157,0.2749462189847206,Banks—Regional,Financial Services,BMRC
2016Q1,2016,Q1,2016-05-09,2016-03-31,5646000.0,20801000.0,0.0,0.465,20801000.0,1.0,1943602000.0,221646000.0,1525797000.0,0.0,1721956000.0,0.0,133681000.0,297682560.0,282707560.0,18.32390873015873,0.0,0.012757241451696386,0.11186757261579275,0.0,18.32390873015873,0.02547305162285807,14.3109735108889,13.181126461211477,1.3430540591754419,0.2688629117959617,0.0,0.0050993917816347725,0.010702293988172476,0.0,0.0029049157183415122,39.47521018432569,1.0,0.14814814814814814,0.09377871241643698,0.03964760147350125,0.5429092126713935,0.07548730675766506,0.14639593908629442,0.0,0.03386818318230151,0.09658554738833708,0.2591896883740479,Banks—Regional,Financial Services,BMRC
2015Q4,2015,Q4,2016-03-11,2015-12-31,4925000.0,19341000.0,0.0,0.405,19341000.0,1.0,2031134000.0,214473000.0,1524856000.0,0.0,1816661000.0,0.0,129553000.0,322162200.0,368214200.0,17.774987568373945,0.0,0.03564265085415339,0.33754831610505753,0.0,17.774987568373945,0.022963263441085825,16.6569567240577,16.35341116751269,1.502110755199955,0.2952284263959391,0.0,0.0045132545034768205,0.009522266871609652,0.0,0.0024247538567125555,50.59079773869347,1.0,0.025316455696202552,0.10356766036543136,0.09842397070989897,0.5404406057040608,0.008341588029821177,0.03184579928765975,0.0,-0.06993793458253807,-0.024601952847683295,0.2546195900150102,Banks—Regional,Financial Services,BMRC
2015Q3,2015,Q3,2015-11-09,2015-09-30,4773000.0,19181000.0,0.0,0.395,19181000.0,1.0,1882794000.0,211954000.0,1443226000.0,0.0,1670840000.0,0.0,126082000.0,286164370.0,271192370.0,17.772429984906925,0.0,0.010804687076759327,0.0959783726657671,0.0,17.772429984906925,0.022519037149570188,14.919158020958239,14.988705740624347,1.3501248855883825,0.27571757804315944,0.0,0.004598755603291912,0.010187519186910517,0.0,0.002535062253225791,37.358272845953,1.0,0.11267605633802827,0.24890895862382875,0.10388715614633176,0.5705617473636704,0.006242786696044486,0.11362575828278115,0.0,0.32677732701535395,0.028225960235665485,0.2892418124469595,Banks—Regional,Financial Services,BMRC
2015Q2,2015,Q2,2015-08-07,2015-06-30,4286000.0,19062000.0,0.0,0.355,19062000.0,1.0,1870762000.0,207182000.0,1502737000.0,0.0,1663580000.0,0.0,122625000.0,302422150.0,205180150.0,17.42489486963835,0.0,0.010846382383221383,0.09793804481084264,0.0,17.42489486963835,0.02068712532942051,15.865184660581262,17.64011607559496,1.4596931683254337,0.30634624358376106,0.0,0.004341613205249681,0.010189430830859297,0.0,0.002291045039401057,109.41467076700434,1.0,-0.04054054054054058,0.13044046157079,0.09961049276781354,0.5728804454278271,0.014637781444615958,-0.03836661431456136,0.0,-0.22285047799809035,-0.05356375703782099,0.28870285214389474,Banks—Regional,Financial Services,BMRC
2015Q1,2015,Q1,2015-05-08,2015-03-31,4457000.0,18787000.0,0.0,0.37,18787000.0,1.0,1826149000.0,204506000.0,1494128000.0,0.0,1621643000.0,0.0,119652000.0,301378900.0,218452900.0,17.269549062658335,0.0,0.011082337750095967,0.09896042169911885,0.0,17.269549062658335,0.021793981594672038,16.041885346250066,16.9048070450976,1.4736922144093572,0.29324657841597485,0.0,0.004336733593493108,0.010287769508402655,0.0,0.002440655171073116,55.0765533625731,1.0,-0.05128205128205133,0.3328200333918136,0.1436361495524929,0.6018292628155429,-0.026479427919991708,-0.05008525149190111,0.0,-0.188437845943246,-0.05570527139598518,0.3137689104879738,Banks—Regional,Financial Services,BMRC
2014Q4,2014,Q4,2015-03-12,2014-12-31,4692000.0,19298000.0,0.0,0.39,19298000.0,1.0,1787130000.0,200026000.0,1449818000.0,0.0,1587104000.0,0.0,116502000.0,310964670.0,289782670.0,16.91408760358532,0.0,0.011294645604964385,0.1009118814554108,0.0,16.91408760358532,0.023456950596422464,16.113828894185925,16.56887627877238,1.5546212492375993,0.2781329923273657,0.0,0.0041966182203270865,0.010798319092623368,0.0,0.0026254385523157243,81.72527463863338,1.0,-0.12359550561797751,0.47769930226688123,0.15604906906944757,0.6186501566332853,-0.02692617991125454,-0.12755671253253997,0.0,0.24924980049919807,0.0081332630963218,0.32915921795774883,Banks—Regional,Financial Services,BMRC
2014Q3,2014,Q3,2014-11-07,2014-09-30,5378000.0,19832000.0,0.0,0.445,19832000.0,1.0,1802657000.0,195674000.0,1452594000.0,0.0,1606983000.0,0.0,113115000.0,270888670.0,244595670.0,16.574114856852447,0.0,0.01116740455893717,0.10288030090865419,0.0,16.574114856852447,0.027484489508059325,13.659170532472771,12.592444682037932,1.384387654977156,0.22034213462253627,0.0,0.004374490819420392,0.011001538284876157,0.0,0.0029833739862880184,37.41556215469613,1.0,0.03488372093023259,0.3168782571784533,0.19226603596626404,0.6062461426587658,-0.020254915522181602,0.04063467492260062,0.0,0.14286324879192105,0.06283759019247265,0.3234268898713016,Banks—Regional,Financial Services,BMRC
2014Q2,2014,Q2,2014-08-08,2014-06-30,5168000.0,20242000.0,0.0,0.43,20242000.0,1.0,1823901000.0,190906000.0,1465094000.0,0.0,1632995000.0,0.0,108922000.0,268433920.00000003,207130920.00000003,16.211447010869566,0.0,0.011007724651721777,0.10516694079808911,0.0,16.211447010869566,0.027070914481472558,13.261235055824525,12.985386996904026,1.4061052036080584,0.21729876160990713,0.0,0.004183524943494474,0.011098190088168163,0.0,0.0028334871245752923,72.944,1.0,0.13157894736842102,0.44670686520767705,0.24094813896875136,0.6163401269296425,0.006563898557931378,0.1400838296933598,0.0,0.35269036752342053,-0.01955713130977565,0.33150473674795367,Banks—Regional,Financial Services,BMRC
2014Q1,2014,Q1,2014-05-08,2014-03-31,4533000.0,20110000.0,0.0,0.38,20110000.0,1.0,1797852000.0,186165000.0,1415714000.0,0.0,1611687000.0,0.0,104877000.0,264502200.0,192958200.0,15.857325383304941,0.0,0.011137179256134543,0.1075551258292375,0.0,15.857325383304941,0.024349367496575618,13.15276976628543,14.587590999338186,1.420794456530497,0.2470769909552173,0.0,0.004234369317155018,0.011185570336156702,0.0,0.0025213421349477043,147.1091212458287,1.0,0.853658536585366,0.2306919352566683,0.25522623497240265,0.6273653897810727,0.13647923142130544,0.9330490405117271,0.0,-0.09520958083832332,0.035589632087886944,0.3352180357655159,Banks—Regional,Financial Services,BMRC
2013Q4,2013,Q4,2014-03-17,2013-12-31,2345000.0,17695000.0,0.0,0.205,17695000.0,1.0,1805194000.0,180887000.0,0.0,0.0,1624307000.0,0.0,101464000.0,242333150.0,158529150.0,16.194001790510296,0.0,0.01106196896289263,0.11039488741590053,0.0,16.194001790510296,0.012963894586122827,13.695007064142413,25.835090618336885,1.339693565596201,0.44264392324093815,0.0,0.004283359499102785,0.009802270559286149,0.0,0.0012990293564015835,38.84789195254889,1.0,-0.4305555555555556,-0.2263963399995064,0.1620892945223529,0.32755059044439455,0.10628321350422007,-0.4143356643356643,0.0,-0.43239563679947657,0.08555489939251659,0.40342702525042473,Banks—Regional,Financial Services,BMRC
2013Q3,2013,Q3,2013-11-12,2013-09-30,4004000.0,15995000.0,0.0,0.36,15995000.0,1.0,1483603000.0,161711000.0,0.0,0.0,1321892000.0,0.0,100157000.0,225741149.99999997,141383149.99999997,14.882293392232652,0.0,0.01011052148047692,0.09275806840598351,0.0,14.882293392232652,0.024760220393170534,14.113232260081274,14.094727147852147,1.3959542022496922,0.24525474525474525,0.0,0.004350115165090636,0.010781186072015222,0.0,0.0026988352005219724,31.523690825303724,1.0,0.3090909090909089,0.40285556519681304,0.11832315208940543,0.6128392488281453,-0.015631731183457443,0.31063829787234043,0.0,0.14989588451639116,0.010328918005587748,0.3151584074171908,Banks—Regional,Financial Services,BMRC
2013Q2,2013,Q2,2013-08-08,2013-06-30,3055000.0,16249000.0,0.0,0.275,16249000.0,1.0,1428518000.0,158359000.0,0.0,0.0,1270159000.0,0.0,97135000.0,219523690.0,219548690.0,14.611459678907547,0.0,0.02254084302752923,0.2033354593044917,0.0,14.611459678907547,0.019291609570659073,13.509981537325373,17.964295417348605,1.3862406936138774,0.3204582651391162,0.0,0.004459655356558557,0.01137472541473051,0.0,0.00213857998289136,71.62273735725938,1.0,-0.3820224719101123,-0.1443744838199736,0.1684420200484225,0.6227061123516892,-0.038634481126493904,-0.37217427044800655,0.0,-0.11602608534801587,0.028323490572696966,0.3189221157457592,Banks—Regional,Financial Services,BMRC
2013Q1,2013,Q1,2013-05-08,2013-03-31,4866000.0,16902000.0,0.0,0.445,16902000.0,1.0,1427022000.0,156843000.0,0.0,0.0,1270179000.0,0.0,95059000.0,212057150.0,203893150.0,14.552143254778253,0.0,0.016257633028783018,0.14791861925619887,0.0,14.552143254778253,0.031024655228476885,12.54627558868773,10.894839190300042,1.3520345185950282,0.19954788327168105,0.0,0.004578954305478499,0.011844246269503905,0.0,0.003409898375778369,56.11462026991268,1.0,0.03488372093023259,0.41561463216686834,0.23987789394012804,0.6478301402564375,-0.04004089282671665,0.03487877498936623,0.0,0.5987768823407886,0.13046055751783855,0.34977750823792875,Banks—Regional,Financial Services,BMRC
2012Q4,2012,Q4,2013-03-14,2012-12-31,4702000.0,17607000.0,0.0,0.43,17607000.0,1.0,1434749000.0,151792000.0,0.0,0.0,1282957000.0,0.0,91164000.0,200673220.0,187324220.0,14.167631136830316,0.0,0.010454790350089109,0.09881943712448614,0.0,14.167631136830316,0.03097659955728892,11.397354461293803,10.669567205444492,1.3220276430905449,0.2056571671629094,0.0,0.004818779506303831,0.012271832912934598,0.0,0.0032772282817412663,33.00003617826015,1.0,0.45762711864406785,0.4425669292514466,0.32824244159402044,0.6580070070581381,0.05317621725086733,0.45843672456575685,0.0,0.6345451534191757,0.164221360206109,0.3558188237059832,Banks—Regional,Financial Services,BMRC
2012Q3,2012,Q3,2012-11-06,2012-09-30,3224000.0,16718000.0,0.0,0.295,16718000.0,1.0,1435114000.0,147336000.0,0.0,0.0,1287778000.0,0.0,87429000.0,226104640.0,99666640.0,13.785179640718562,0.0,0.010452131328939723,0.10180811207036977,0.0,13.785179640718562,0.021881956887658142,13.524622562507478,17.532928039702234,1.5346191019167075,0.29962779156327546,0.0,0.004272358143556894,0.01164924877048095,0.0,0.0022465114269667776,36.37462033462033,1.0,-0.35164835164835173,-0.5044101758363831,-0.3224205092892234,0.6701284648870659,-0.07538299872794646,-0.34881842052110684,0.0,-0.12798050109167944,0.11019000554832256,0.3359622408196194,Banks—Regional,Financial Services,BMRC
2012Q2,2012,Q2,2012-08-08,2012-06-30,4951000.0,18081000.0,0.0,0.455,18081000.0,1.0,1407000000.0,144326000.0,0.0,0.0,1262674000.0,0.0,85171000.0,197522370.0,119201370.0,13.52126662919243,0.0,0.014214641080312722,0.1385751701010213,0.0,13.52126662919243,0.034304283358507826,10.9243056246889,9.973862351040193,1.3685848010753432,0.18380125227226823,0.0,0.004607073112782112,0.012850746268656716,0.0,0.0035188343994314144,166.68554430379746,1.0,0.0,0.6575435037739835,0.48031515861276,0.6668998218804787,0.010337505587840858,0.002226720647773279,0.0,0.5290495604252926,0.22290650817154986,0.34811937546506233,Banks—Regional,Financial Services,BMRC
2012Q1,2012,Q1,2012-05-08,2012-03-31,4940000.0,17896000.0,0.0,0.455,17896000.0,1.0,1421284000.0,140021000.0,0.0,0.0,1281263000.0,0.0,81130000.0,202441260.0,82614260.0,13.14504318437852,0.0,0.01407178297933418,0.14283571749951793,0.0,13.14504318437852,0.03528042222238093,11.31209544032186,10.245003036437247,1.4457921311803228,0.18380566801619433,0.0,0.004485251672509843,0.012591431409908224,0.0,0.0034757303958955423,33.17077830575127,1.0,0.46774193548387105,0.6272374952681659,0.5238222344511184,0.6798481727342766,0.037930634497158104,0.46024238841265147,0.0,0.4781806867378538,0.2311269754545466,0.34901616813369357,Banks—Regional,Financial Services,BMRC
2011Q4,2011,Q4,2012-03-12,2011-12-31,3383000.0,17242000.0,0.0,0.31,17242000.0,1.0,1393263000.0,135551000.0,0.0,0.0,1257712000.0,0.0,77098000.0,200204340.00000003,110461340.00000003,12.725403680060083,0.0,0.028709583187093893,0.2950918842354538,0.0,12.725403680060083,0.024957396109213506,11.6114337083865,14.794881761749927,1.476966898067886,0.26810523204256576,0.0,0.004530371319622741,0.012375265832796823,0.0,0.002428112998048466,43.073222891566274,1.0,-0.21518987341772156,0.026994198988281908,0.4558604151213003,0.4832807287009307,0.027226690497467978,-0.20080321285140562,0.0,0.17030667436253305,0.18740422392978515,0.043202130495422965,Banks—Regional,Financial Services,BMRC
2011Q3,2011,Q3,2011-11-08,2011-09-30,4233000.0,16785000.0,0.0,0.395,16785000.0,1.0,1362717000.0,133001000.0,0.0,0.0,1229716000.0,0.0,74622000.0,175442400.0,84767400.0,12.523634651600753,0.0,0.029353123209000843,0.3007496184239216,0.0,12.523634651600753,0.031826828369711506,10.452332439678285,10.361587526576896,1.3191058713844257,0.2012756909992913,0.0,0.004856294715530567,0.012317304326576978,0.0,0.003106294263592514,30.969532215357457,1.0,0.23437500000000003,0.3985528996424576,0.5086055858401665,0.5137651254052504,-0.09680370210934137,0.2308810700785112,0.0,0.5174428477091914,0.2007417215218468,0.3572242511109157,Banks—Regional,Financial Services,BMRC
2011Q2,2011,Q2,2011-08-08,2011-06-30,3439000.0,18584000.0,0.0,0.32,18584000.0,1.0,1337393000.0,129058000.0,0.0,0.0,1208335000.0,0.0,71241000.0,187461000.0,159418000.0,12.175283018867924,0.0,0.044863402156284655,0.46490725100342484,0.0,12.175283018867924,0.02664693393667963,10.087225570383126,13.627580692061645,1.4525329696725502,0.24745565571387032,0.0,0.004539610905735059,0.0138956910945399,0.0,0.002571420666924382,51.556930693069305,1.0,-0.23809523809523805,0.2977358490566038,0.628066502136242,0.5119810245021073,0.0633403902271557,-0.23730317143490795,0.0,-0.015200158254299084,0.36635328858138616,0.35215143514024805,Banks—Regional,Financial Services,BMRC
2011Q1,2011,Q1,2011-05-09,2011-03-31,4509000.0,17477000.0,0.0,0.42,17477000.0,1.0,1290699000.0,125484000.0,0.0,0.0,1165215000.0,0.0,68653000.0,197161560.0,147311560.0,11.876206700738217,0.0,0.04648643874365751,0.478148608587549,0.0,11.876206700738217,0.03593286793535431,11.2812015792184,10.931556886227545,1.5712087596825093,0.18784652916389444,0.0,0.004295969254858807,0.01354072483204837,0.0,0.0034934558715858616,33.08079865771812,1.0,0.16666666666666666,0.600298126064736,0.5955218258351378,0.5887305467649716,0.13347169077112653,0.1537871033776868,0.0,0.33807589344216266,0.307781768643544,0.344817118053454,Banks—Regional,Financial Services,BMRC
2010Q4,2010,Q4,2011-03-11,2010-12-31,3908000.0,15419000.0,0.0,0.36,15419000.0,1.0,1208150000.0,121920000.0,0.0,0.0,1086230000.0,0.0,64991000.0,184905000.0,159673000.0,11.538898353208404,0.0,0.04966270744526756,0.4921259842519685,0.0,11.538898353208404,0.032053805774278216,11.992022828977236,11.828620777891505,1.516609251968504,0.21596724667349027,0.0,0.004564506097725859,0.012762488101643007,0.0,0.003234697678268427,27.51153102216932,1.0,0.1428571428571428,0.2113320626376615,0.36493088515796596,0.6097752301733129,0.00962545835515977,0.16344150044656147,0.0,0.21576304372515606,0.17947633902993174,0.35037213621524294,Banks—Regional,Financial Services,BMRC
2010Q3,2010,Q3,2010-11-03,2010-09-30,3359000.0,15272000.0,0.0,0.315,15272000.0,1.0,1219214000.0,118614000.0,0.0,0.0,1100600000.0,0.0,61927000.0,168969840.0,155423840.0,11.315970234688036,0.0,0.04921203332638897,0.5058424806515252,0.0,11.315970234688036,0.028318748208474548,11.064028287061289,12.575903542721049,1.4245353836815218,0.23489133670735338,0.0,0.004669472374478191,0.012526102882676872,0.0,0.0027550536657223426,37.34140110497238,1.0,0.0,0.06818040731616193,0.33732532569057827,0.5452696516102388,0.0006552221202987813,0.006291192330736968,0.0,-0.4735105888548094,-0.3688622803581873,0.3709740815377674,Banks—Regional,Financial Services,BMRC
2010Q2,2010,Q2,2010-08-03,2010-06-30,3338000.0,15262000.0,0.0,0.315,15262000.0,1.0,1185536000.0,115968000.0,0.0,0.0,1069568000.0,0.0,59357000.0,167121620.0,102938620.0,11.07833397019488,0.0,0.004217501619520622,0.04311534216335541,0.0,11.07833397019488,0.02878380242825607,10.95017822041672,12.516598262432595,1.4411011658388522,0.23576992210904735,0.0,0.00470914535175042,0.012873501943424747,0.0,0.002815604081191967,36.53730214254482,1.0,0.1249999999999999,0.17480848076814784,0.45444477631431596,0.5841871477966278,0.054223941424328244,0.1326772989480828,0.0,0.1395196699394285,0.2741092653553403,0.36573543204755427,Banks—Regional,Financial Services,BMRC
2010Q1,2010,Q1,2010-05-04,2010-03-31,2947000.0,14477000.0,0.0,0.28,14477000.0,1.0,1168777000.0,112512000.0,0.0,0.0,1056265000.0,0.0,56806000.0,172611440.0,141800440.0,10.781142200076658,0.0,0.004277976038200615,0.04443970420932878,0.0,10.781142200076658,0.026192761660978385,11.923149823858534,14.64297930098405,1.5341602673492603,0.2663725822870716,0.0,0.004547786635694598,0.01238645182100606,0.0,0.002521439076915442,28.74461948376353,1.0,0.07692307692307698,0.19743321313596776,0.49157092216544584,0.6784333820736048,-0.01724254972506958,0.05174875089221984,0.0,-0.009165278330171079,0.2582125039374117,0.3777575144302137,Banks—Regional,Financial Services,BMRC
2009Q4,2009,Q4,2010-03-15,2009-12-31,2802000.0,14731000.0,0.0,0.26,14731000.0,1.0,1121672000.0,109051000.0,0.0,0.0,1012621000.0,0.0,54644000.0,169898080.0,151238080.0,10.449501724798774,0.0,0.004457631107846144,0.045850106830748916,0.0,10.449501724798774,0.025694399867951693,11.533370443282873,15.15864382583869,1.5579690236678252,0.2798001427551749,0.0,0.004614531253090088,0.01313307276993631,0.0,0.002498056472836979,-938.6634254143646,1.0,-0.23529411764705885,0.0778524971648867,0.5247899206665321,0.7039673470878922,0.004363537192336538,-0.22188281033046375,0.0,-0.13177715098613987,0.26958392180568647,0.21800022400923758,Banks—Regional,Financial Services,BMRC
2009Q3,2009,Q3,2009-11-03,2009-09-30,3601000.0,14667000.0,0.0,0.34,14667000.0,1.0,1126529000.0,107416000.0,0.0,64822000.0,1019113000.0,0.0,52626000.0,163072650.0,159483650.0,10.318539865513928,0.0,0.053260945790121694,0.5585760035748865,0.0,10.318539865513928,0.03352386981455277,11.118337083248107,11.32134476534296,1.5181411521561035,0.2027214662593724,0.0,0.004476532392157729,0.013019638198395248,1.5047669001265003,0.0031965444298371368,32.26605658884052,1.0,0.13333333333333347,0.3868142645740821,0.5140487895051935,0.662650500407987,0.025234167482175312,0.14937759336099585,0.0,0.21374523558265704,0.3448363679216937,0.2472294368250563,Banks—Regional,Financial Services,BMRC
2009Q2,2009,Q2,2009-08-05,2009-06-30,3133000.0,14306000.0,0.0,0.3,14306000.0,1.0,1094359000.0,103587000.0,0.0,63167000.0,990772000.0,0.0,49755000.0,139169800.0,152793800.0,10.029725019364834,0.0,0.054826615397689425,0.5792232616061861,0.0,10.029725019364834,0.030245107976869686,9.728072137564657,11.105154803702522,1.3435064245513433,0.23108841366102778,0.0,0.005202278080445614,0.013072492664655749,1.2613706523976127,0.002862863100682683,69.93457286432161,1.0,0.6216216216216216,0.31154319561373567,0.6189556924205621,0.700728775818669,0.01858312566749733,-0.02973056673892846,0.0,0.21340046475600305,0.28629564898611076,0.24553604928550568,Banks—Regional,Financial Services,BMRC
2009Q1,2009,Q1,2009-05-06,2009-03-31,3229000.0,14045000.0,0.0,0.185,14045000.0,1.0,1074828000.0,100287000.0,0.0,110092000.0,974541000.0,0.0,47346000.0,110690460.00000001,195203460.0,9.744170229304315,0.0,0.09685270573524322,1.038020880074187,0.0,9.744170229304315,0.03219759290835303,7.8811292274830915,8.5700263239393,1.103736875168267,0.3632703623412821,0.0,0.010597119209731352,0.01306720703219492,0.4739581440976638,0.0030042016024889565,18.39017444758266,1.0,-0.3148148148148149,0.5260163733520387,0.6725964578954247,0.6381925150135153,0.0010691375623663579,0.1561045470819907,0.0,0.17652059852312482,0.31634108224413543,0.3035189843244579,Banks—Regional,Financial Services,BMRC
2008Q4,2008,Q4,2009-03-16,2008-12-31,2793000.0,14030000.0,0.0,0.27,14030000.0,1.0,1049557000.0,125546000.0,0.0,0.0,924011000.0,0.0,46138000.0,123452539.99999999,103526539.99999999,12.19840652934318,0.0,0.004763914680193644,0.03982603985790069,0.0,12.19840652934318,0.022246825864623326,8.799183178902352,11.05017364840673,0.9833251557198157,0.2581453634085213,0.0,0.0058403010582042305,0.013367544592623364,0.0,0.0026611227403561693,26.440895266652387,1.0,0.03846153846153849,0.2850325144471921,0.7395079500278057,1.1661302247014926,0.03887449092928545,0.03636363636363636,0.0,-0.11122788116412513,0.2750374835217911,0.7017822739604127,Banks—Regional,Financial Services,BMRC
2008Q3,2008,Q3,2008-11-04,2008-09-30,2695000.0,13505000.0,0.0,0.26,13505000.0,1.0,984739000.0,94673000.0,0.0,0.0,890066000.0,0.0,44179000.0,161595000.0,146131000.0,9.22738791423002,0.0,0.00507748753730684,0.05281336811973847,0.0,9.22738791423002,0.028466405416539036,11.965568308034062,14.990259740259738,1.7068752442618276,0.26679035250463823,0.0,0.0044493950926699465,0.013714293838265773,0.0,0.0027367657826083865,36.54341926729987,1.0,-0.2,0.33658904777859006,0.6550607026826326,0.692261580272723,0.024037003336366394,-0.20407560543414058,0.0,-0.1244314206205728,0.20818248893626956,0.26006009310502964,Banks—Regional,Financial Services,BMRC
2008Q2,2008,Q2,2008-08-07,2008-06-30,3386000.0,13188000.0,0.0,0.325,13188000.0,1.0,952539000.0,92547000.0,0.0,0.0,859992000.0,0.0,42203000.0,125391600.0,100036600.0,9.004378283712784,0.0,0.005249128907057874,0.05402660269916907,0.0,9.004378283712784,0.0365868153478773,9.50800727934486,9.258092144122857,1.3548964310026257,0.2132309509746013,0.0,0.0057579614583433015,0.013845102405255848,0.0,0.003554710095859592,206.57594728171335,1.0,0.03174603174603177,0.7025435202762554,0.5930585901239568,0.6932184684946546,0.015086206896551725,0.033577533577533576,0.0,0.21373197978876782,0.2800290502756659,0.28761421973144574,Banks—Regional,Financial Services,BMRC
2008Q1,2008,Q1,2008-05-06,2008-03-31,3276000.0,12992000.0,0.0,0.315,12992000.0,1.0,919839000.0,90713000.0,0.0,0.0,829126000.0,0.0,39539000.0,154080000.0,130752000.0,8.831094236760125,0.0,0.005435733862121523,0.05511889144885518,0.0,8.831094236760125,0.03611389767728992,11.85960591133005,11.758241758241759,1.6985437588879213,0.21978021978021978,0.0,0.004672897196261682,0.014124210867336567,0.0,0.003561492826462022,15.438877755511022,1.0,0.050000000000000044,1.0137954824309505,0.7438309067371295,0.8302663214194386,0.022267684318199702,0.04832,0.0,0.35236560558747365,0.35994205920568567,0.3748453635191476,Banks—Regional,Financial Services,BMRC
2007Q4,2007,Q4,2008-03-14,2007-12-31,3125000.0,12709000.0,0.0,0.3,12709000.0,1.0,933901000.0,87774000.0,0.0,0.0,846127000.0,0.0,36983000.0,150228000.0,126463000.0,8.544976635514018,0.0,0.005353886546860963,0.056964476952172625,0.0,8.544976635514018,0.03560279809510789,11.820599575104257,12.018239999999999,1.711531888714198,0.21439999999999995,0.0,0.00445988763745773,0.013608508824811195,0.0,0.0033461790917881018,-100.82416107382555,1.0,0.0,0.7041005177877071,0.6770103245260876,0.8448406304705112,-0.46777503245529545,-0.5036531130876747,0.0,0.22129416640365193,0.3364977205039092,0.3934024369784229,Banks—Regional,Financial Services,BMRC
2007Q3,2007,Q3,2007-11-07,2007-09-30,6296000.0,23879000.0,0.0,0.3,23879000.0,1.0,924238000.0,85379000.0,0.0,0.0,838859000.0,0.0,33202000.0,165297120.0,160035120.0,8.253963650425368,0.0,0.021964039565566446,0.23776338443879644,0.0,8.253963650425368,0.07374178662200306,6.922279827463462,6.563576874205845,1.9360395413392053,0.10641677255400252,0.0,0.004053307159858561,0.025836418757938972,0.0,0.006812098182502775,-37.82542791762014,1.0,0.111111111111111,2.5827238841604774,2.1236784136759597,0.7443739303525669,1.0115407295088872,1.1687909059593524,0.0,1.4401814184012531,1.4807153360825125,0.32998049846130606,Banks—Regional,Financial Services,BMRC
2007Q2,2007,Q2,2007-08-08,2007-06-30,2903000.0,11871000.0,0.0,0.27,11871000.0,1.0,890600000.0,84150000.0,0.0,0.0,806450000.0,0.0,31880000.0,169355550.0,154995550.0,8.111625216888374,0.0,0.01684257803727824,0.17825311942959002,0.0,8.111625216888374,0.03449792038027332,14.266325499115492,14.584528935583878,2.01254367201426,,0.0,,0.013329216258701999,0.0,0.0032596002694812486,0.0,1.0,-0.018181818181818195,0.7669622412478639,0.6039031654658358,0.78190129507304,0.031812255541069104,-0.02387357094821789,0.0,0.20987144057813945,0.33743915353662424,0.3754788290189901,Banks—Regional,Financial Services,BMRC
2007Q1,2007,Q1,2007-03-31,2007-03-31,2974000.0,11505000.0,0.0,0.275,11505000.0,1.0,881550000.0,81656000.0,0.0,0.0,799894000.0,0.0,29657000.0,186266320.8,160178320.8,7.825137650971415,0.0,0.005671828030174125,0.06123248750857255,0.0,7.825137650971415,0.036421083570098954,16.19003222946545,15.657895158036315,2.2811100323307536,0.2101546738399462,0.0,0.003355410668529187,0.013050876297430661,0.0,0.0033736033123475694,46.80058311557789,1.0,-0.08333333333333323,1.211186935824682,0.7062680098828141,0.8548346673112333,-0.008360627478021031,-0.07840099163309576,0.0,0.3862315349137071,0.35132469641808267,0.3155642427325525,Banks—Regional,Financial Services,BMRC
