Quarters,Year,Quarter,FillingDate,Date,NetIncome,Revenue,OperatingIncome,EPSDiluted,GrossProfit,GrossProfitRatio,TotalAssets,CommonStockEquity,CurrentAssets,CurrentLiability,TotalLiability,Inventory,RetainedEarnings,MarketCap,EnterpriseValue,bookValuePerShare,currentRatio,debtToAssets,debtToEquity,roic,shareholdersEquityPerShare,roe,priceToSalesRatio,peRatio,pbRatio,payoutRatio,inventoryTurnover,dividendYield,assetTurnover,quickRatio,returnOnAssets,priceToFreeCashFlowsRatio,grossProfitMargin,epsdilutedGrowth,fiveYNetIncomeGrowthPerShare,fiveYRevenueGrowthPerShare,fiveYShareholdersEquityGrowthPerShare,grossProfitGrowth,netIncomeGrowth,operatingIncomeGrowth,threeYNetIncomeGrowthPerShare,threeYRevenueGrowthPerShare,threeYShareholdersEquityGrowthPerShare,Industry,Sector,Symbol
2023Q1,2023,Q1,2023-03-31,2023-03-31,-94039000.0,73968000.0,88190000.0,-0.87,42582000.0,0.5756813757,3969239000.0,2149219000.0,1036964000.0,480207000.0,1382729000.0,0.0,160200000.0,2316945600.0,2597380600.0,20.036348889676134,2.1594104209226437,0.2947277803125486,0.5443116778699612,0.026587442165684674,20.036348889676134,-0.04375496401250873,31.323621025308242,-6.15953381044035,1.078040720838593,-0.1225129999255628,0.0,0.00497249482249389,0.01863531019422111,1.9758708223745176,-0.02369194699538123,69.24316667164759,0.5756813757300454,-2.318181818181818,-3.2001126897816268,0.048250527602602934,0.19503457483954217,0.5535206129149945,-2.31637223886447,23.023426859166438,0.17043843463419306,-0.44498738638279156,0.4527016021864425,Oil & Gas Midstream,Energy,GLNG
2022Q4,2022,Q4,2022-12-31,2022-12-31,71438000.0,58949000.0,3671000.0,0.66,27410000.0,0.4649782015,4279560000.0,2500224000.0,1258506000.0,414412000.0,1379386000.0,692000.0,262063000.0,2455736450.0,2769809450.0,23.20285833604009,3.0368473885891336,0.2787461795137818,0.4771216499001689,0.0010064102483159853,23.20285833604009,0.028572639891465725,41.65866172454155,8.593943174500966,0.9822065742909435,0.2222346650242168,45.57658959537572,0.00646486311672411,0.013774546916038098,2.8492176867465226,0.016692837581433605,27.433491778006168,0.4649782014962086,-0.4923076923076923,16.53546434162044,-0.039396269576361324,0.36781405574818915,-0.27383033963863723,-0.49378193181737656,-0.8040565785962103,1.7115690540898294,-0.6014397192692594,0.5688223407752728,Oil & Gas Midstream,Energy,GLNG
2022Q3,2022,Q3,2022-09-30,2022-09-30,141121000.0,68626000.0,18735000.0,1.3,37746000.0,0.550024772,4386244000.0,2427996000.0,1172107000.0,456156000.0,1550425000.0,745000.0,195524000.0,2697440480.0,3554621480.0,22.430767525220798,2.5695310376274785,0.30899899777577355,0.5582154995313007,0.004945284139594928,22.430767525220798,0.0581224186530785,39.30639232943782,4.778595106327194,1.1109740213740056,0.09912061280744892,41.4496644295302,0.005185656589538538,0.015645732430753966,2.4450210015871763,0.03217354073325606,21.32650617078975,0.5500247719523212,-0.09090909090909084,3.7902060460428593,0.835594358372532,0.22846808467275523,0.13191591447506523,-0.09303521276117149,-0.36590401407974005,1.8485799740424977,-0.37184768833407245,0.5249051397806209,Oil & Gas Midstream,Energy,GLNG
2022Q2,2022,Q2,2022-06-30,2022-06-30,155597000.0,60477000.0,29546000.0,1.43,33347000.0,0.5513997057,4222775000.0,2294909000.0,1125394000.0,448329000.0,1556002000.0,2230000.0,63298000.0,2462551000.0,3318729000.0,21.201258268356675,2.5101967528310682,0.3279776923942194,0.603499310865921,0.008033031474549205,21.201258268356675,0.06780094548411288,40.718802189262036,3.956617094159913,1.0730495196105816,0.0898025026189451,12.165919282511211,0.005674197204443684,0.014321624997779897,2.418891037608542,0.03684709699190698,-7.505260430953034,0.5513997056732312,-0.7508710801393729,2.9686208216380434,0.9879885214939657,0.2175304585869664,-0.21126327491189478,-0.7491576629297532,-0.2555995061852813,2.27952301766844,-0.4207538699207827,0.34839724575013353,Oil & Gas Midstream,Energy,GLNG
2022Q1,2022,Q1,2022-03-31,2022-03-31,620298000.0,79688000.0,39691000.0,5.74,42279000.0,0.530556671,4831827000.0,2068544000.0,1884396000.0,1080506000.0,2291193000.0,1081000.0,-162437000.0,2676240000.0,4112206000.0,19.153185185185187,1.7439940176176718,0.3404550701008128,0.7952550199560657,0.010671918471219111,19.153185185185187,0.29987179388013985,33.58397751229796,1.0786106032906764,1.29377958602766,0.018268638622081643,34.6059204440333,0.004234298867067228,0.01649231232823526,0.9707627722567019,0.12837752676161626,18.64053325532315,0.5305566710169661,26.333333333333336,9.817318826602676,1.9702430520524508,0.053942089243061896,0.018255822354952916,26.114481793941515,0.9632487510510956,14.939143300352171,-0.3459745539899713,0.14788394457264845,Oil & Gas Midstream,Energy,GLNG
2021Q4,2021,Q4,2021-12-31,2021-12-31,22877000.0,72414000.0,20217000.0,0.21,41521000.0,0.5733835999,4948295000.0,1730650000.0,925597000.0,1307222000.0,2770378000.0,536000.0,-539598000.0,1340878063.56,3493481063.56,15.991576029717415,0.7080641237678068,0.4893059124405477,1.3990292664605783,0.004631281751496305,15.991576029717415,0.013218732846040505,18.516834639158173,14.653123918783058,0.7747829217692774,0.38025090702452247,57.63619402985075,0.006487539945954785,0.014634131554404092,0.578238432339725,0.004623208600133985,24.54966336915725,0.5733835998563813,1.2542026276730251,1.477652926461243,1.9326273732801866,-0.13246807619405945,-0.1126474611044623,1.2515199824088836,-0.8196392249223852,1.0684252155815777,-0.6274380427310311,-0.071708275591061,Oil & Gas Midstream,Energy,GLNG
2021Q3,2021,Q3,2021-09-30,2021-09-30,-90955000.0,106603000.0,112092000.0,-0.8261126248864669,46792000.0,0.4389369905162144,4804153000.0,1717175000.0,736321000.0,1380289000.0,2651457000.0,1078000.0,-547607000.0,1427997000.0,3590130000.0,15.596503178928247,0.5334542258903752,0.47580145761386033,1.3311532022071135,0.02805115342752341,15.596503178928247,-0.052967810502715214,13.39546729454143,-3.9250096201418283,0.8315966631240265,-0.08504205376284976,55.483302411873844,0.005416678046242394,0.022189759568440055,0.4775608586317793,-0.01893257770932774,32.81016933575351,0.4389369905162144,-1.1926589738475368,-2.2433106435838406,3.0874104619246716,-0.12960929977371224,0.0605861420249779,-1.1929330360836004,0.008720066952836046,-2.2551267402540915,-0.20876487913187317,-0.2395591029336365,Oil & Gas Midstream,Energy,GLNG
2021Q2,2021,Q2,2021-06-30,2021-06-30,471433000.0,104287000.0,111123000.0,4.287953,44119000.0,0.4230536883791844,4946097000.0,1811052000.0,961204000.0,1556049000.0,2731169000.0,1195000.0,0.0,1456752620.5,3633777620.5,16.47255591808287,0.6177209072464942,0.48205625566987464,1.316525974958201,0.02651840954337655,16.47255591808287,0.26030892542014256,13.96868852781267,0.7725130721120498,0.8043681906980031,0.018825580729393148,50.34979079497908,0.0060923178548694425,0.021084705779122408,0.5768616540995817,0.09531414365710984,-23.458929764243614,0.4230536883791844,17.643273913043476,5.380936471393008,4.423781372809266,-0.10362737757920433,-0.2783584408786823,17.586697681753666,0.8008459469095388,10.936233972821151,0.6151582948207057,-0.022415162522399786,Oil & Gas Midstream,Energy,GLNG
2021Q1,2021,Q1,2021-03-31,2021-03-31,25364000.0,125827000.0,61706000.0,0.23,61137000.0,0.4858814086006978,4345073000.0,1316013000.0,528482000.0,1505225000.0,2662354000.0,1149000.0,0.0,1128146610.03,3356107610.0299997,11.933566852310085,0.35109834077961766,0.5472628423043756,1.8068947647173699,0.016625596474170126,11.933566852310085,0.019273365840610998,8.965854784982556,11.119565230543289,0.8572457947071952,0.30858697366346,56.30113141862489,0.006937928040923565,0.02895854684144547,0.12471025926356524,0.005837416310381897,328.80985427863595,0.4858814086006978,1.6741698446656126,1.2672477771287156,4.694757823530294,-0.37769394684363816,0.02152082741566275,2.1213389121338913,0.3560268102406329,2.101901722342061,0.7344717575260926,-0.288242330566637,Oil & Gas Midstream,Energy,GLNG
2020Q4,2020,Q4,2020-12-31,2020-12-31,8126000.0,118684000.0,45505000.0,0.086008,59849000.0,0.5042718479323245,4314229000.0,1292523000.0,270027000.0,1180206000.0,2683582000.0,1533000.0,-930950000.0,1059856246.1600001,3298586246.16,11.756237475736876,0.2287964982384431,0.548515389424159,1.8308540737766368,0.012247001736050207,11.756237475736876,0.006286928743240933,8.930068468875334,32.60694825744524,0.8199902409164093,1.2370169825252277,38.37899543378995,0.00948430509931864,0.027509898060580466,0.1404348054492182,0.0018835346941481316,-37.93736786913413,0.5042718479323245,1.3858175880569161,1.097529940529517,3.3917339023019797,-0.41300158882730836,0.512560655074808,1.372718099256949,0.4855379994776704,0.9549349127252778,0.8955162112993843,-0.3069669853110495,Oil & Gas Midstream,Energy,GLNG
2020Q3,2020,Q3,2020-09-30,2020-09-30,-21802000.0,95152000.0,30632000.0,-0.222924,39568000.0,0.41583991928703545,4385938000.0,1182046000.0,216459000.0,1424038000.0,2885406000.0,4423000.0,0.0,592179000.0,3057256000.0,12.08635991820041,0.15200366844143204,0.5795277999825806,2.150316485145248,0.008076388154359139,12.08635991820041,-0.018444290662123133,6.223505549016311,-6.790420603614347,0.5009779653245304,-0.2870378864324374,12.567035948451277,0.010567750629454946,0.021694789119226034,0.07137590429468876,-0.004970886501359573,-38.01624189510175,0.41583991928703545,0.8599151663681779,0.857051865723063,2.3297907160840414,-0.43252403367530196,-0.20029103844132745,0.8599149286145701,0.0801890119190352,0.5229038155663923,1.8168967406272982,-0.3380651195870721,Oil & Gas Midstream,Energy,GLNG
2020Q2,2020,Q2,2020-07-08,2020-06-30,-155634000.0,102242000.0,28358000.0,-1.59135,49478000.0,0.4839302830539309,4369239000.0,1203507000.0,241846000.0,1406952000.0,2884250000.0,3671000.0,0.0,708072000.0,3124276000.0,12.30579754601227,0.1718935685083784,0.5824503992571705,2.1145410870065566,0.007478620692690259,12.30579754601227,-0.12931707086041044,6.925451380059076,-1.1373992829330353,0.5883405746705254,-0.0323194160658982,14.373195314628166,0.007103797353941407,0.023400413664713696,0.10858366170274465,-0.03562039064468664,-69.0195925528804,0.4839302830539309,-0.5012735849056603,-53.02579432652973,3.5157398154555097,-0.5130122288249389,-0.1789110340364095,-0.49293504849060404,0.34029681444370924,-1.1793667078393748,2.719785927142416,-0.29331159783866906,Oil & Gas Midstream,Energy,GLNG
2020Q1,2020,Q1,2020-04-07,2020-03-31,-104247000.0,122559000.0,21158000.0,-1.06,60259000.0,0.4916733981184572,4544754000.0,1360531000.0,264621000.0,1455691000.0,2928692000.0,1503000.0,-765140000.0,777306840.0,3203646840.0,13.792473870421622,0.1817837714185222,0.5626962427449318,1.8796455207562341,0.005420443723765018,13.792473870421622,-0.07662228938554139,6.342307296893741,-1.8640988229877118,0.5713260778328461,-0.045392193540341685,41.45043246839654,0.006087686041718094,0.026967136175027294,0.10698080842706316,-0.022937875185323562,-7.574023073625131,0.4916733981184572,-5.335449250703489,-5.19546897303887,2.3618168403434745,-0.4649340671504959,-0.22335640361391434,-5.208938953488372,-0.6928994426381793,-0.6223972940677356,4.001517053561392,-0.2410417073570442,Oil & Gas Midstream,Energy,GLNG
2019Q4,2019,Q4,2020-02-18,2019-12-31,24768000.0,139048000.0,68896000.0,0.244496,77589000.0,0.5580015534204016,4632144000.0,1498261000.0,371389000.0,1443949000.0,2881318000.0,1228000.0,-605145000.0,1440520184.88,3764287184.88,14.789984648340626,0.25720368240152525,0.5496137425779509,1.6992299739497991,0.01684780944075602,14.789984648340626,0.016531165130774943,10.35987705598067,14.54013429505814,0.9614614442210002,0.1945655684754522,50.04804560260586,0.003345319316300617,0.03001806506878888,0.17631162873480988,0.00534698403158451,-7.0968927075214685,0.5580015534204016,1.1591390598730642,1.5760128020177915,2.6352141675996736,-0.39426075659017995,0.5681515016775133,1.159142603801226,1.4295084279568375,1.8656989481342507,5.015854456419069,-0.1976535764085035,Oil & Gas Midstream,Energy,GLNG
2019Q3,2019,Q3,2019-10-01,2019-09-30,-155634000.0,102242000.0,28358000.0,-1.536367,49478000.0,0.4839302830539309,4717616000.0,1490084000.0,517461000.0,1303727000.0,3025578000.0,5590000.0,-629913000.0,1315887000.0,3620126000.0,14.709615004935834,0.39690901546105894,0.5414582280541698,1.714260404111446,0.00693109624166413,14.709615004935834,-0.1044464607364417,12.870317482052386,-2.113752457689194,0.8830958523143662,-0.0323194160658982,9.438998211091235,0.003822516675064044,0.021672387070079464,0.20956227799224839,-0.032989967814251946,-128.26659518471587,0.4839302830539309,-0.3675558997365236,-19.45064515272369,2.265853059152431,-0.4266838443563643,1.1163437272766157,-0.3811788928134041,2.2100704075101345,-5.031763740957825,3.2607498309465166,-0.17910367745104974,Oil & Gas Midstream,Energy,GLNG
2019Q2,2019,Q2,2019-08-16,2019-06-30,-112682000.0,96745000.0,-23435000.0,-1.12344,23379000.0,0.24165589952969146,4624297000.0,1577063000.0,454424000.0,1050881000.0,2863783000.0,8195000.0,-548090000.0,1840523350.0000002,4168197350.0,15.723302858396227,0.43242193930616313,0.5335963498884263,1.5646223391202507,-0.005810839233863037,15.723302858396227,-0.07145053812054433,19.024480334901032,-4.08344578104755,1.1670575937676555,-0.16126799311336326,8.952532031726662,0.009873278706298401,0.020921017832548384,0.17010584452473687,-0.024367379517362314,-11.804052962038957,0.24165589952969146,-1.74009756097561,-2.7357689977188473,2.6859921206510085,-0.4812568349488238,-0.39079111944965605,-1.6995519992333676,-1.8119110310421287,-0.14779991791014305,4.515249914609991,-0.14439882393567743,Oil & Gas Midstream,Energy,GLNG
2019Q1,2019,Q1,2019-04-01,2019-03-31,-41741000.0,114287000.0,28864000.0,-0.41,38376000.0,0.33578622240499795,4722289000.0,1690306000.0,606816000.0,1191218000.0,2930500000.0,8565000.0,-420763000.0,2131415120.0,4431932120.0,16.685646032200427,0.5094080176760257,0.532197415278904,1.486825462371902,0.007188050289394686,16.685646032200427,-0.02469434528422664,18.649672491184475,-12.76571668144031,1.2609640621283957,-0.47715675235380084,8.862930531231758,0.009344495970357948,0.024201610701928663,0.20831703349009165,-0.008839145592317623,43.78600435515017,0.33578622240499795,0.8672853113324749,-3.556424679809808,3.3370455793218876,-0.244213106288307,-0.545631067961165,0.8666238492828088,1.2807290552237935,0.5212301331767142,4.6307449073990945,-0.1298847481922207,Oil & Gas Midstream,Energy,GLNG
2018Q4,2018,Q4,2019-02-26,2018-12-31,-312957000.0,181939000.0,-102818000.0,-3.089334,84460000.0,0.46422152479677253,4806595000.0,1745125000.0,649937000.0,1000138000.0,2980804000.0,7006000.0,-364379000.0,2204340311.04,4551864311.04,17.226886343190827,0.6498473210696923,0.5337164874510958,1.4700144688775876,-0.02394920277542935,17.226886343190827,-0.1793321395315522,12.115820747833064,-1.760897112894104,1.2631417870009314,-0.05044782510057292,13.91364544675992,0.007162233490413862,0.037851951329371414,0.3065706932443323,-0.06510991668738472,87.15563462913174,0.46422152479677253,-5.693681155897234,-58.744464577612696,7.0270852676123505,-0.23058484107390684,1.0607036549065534,-5.726590346160817,-1.7761606401449386,-3.076580187390833,6.306675574770142,-0.13984768223885086,Oil & Gas Midstream,Energy,GLNG
2018Q3,2018,Q3,2018-10-01,2018-09-30,66212000.0,123101000.0,132470000.0,0.65819,40986000.0,0.33294611741578056,5187084000.0,2063226000.0,686406000.0,1099570000.0,3040688000.0,5998000.0,-36696000.0,2847901070.0,5161094070.0,20.50981639611519,0.6242494793419245,0.505019776043727,1.2696524762677477,0.028241994480190186,20.50981639611519,0.032091491673718726,23.134670473838554,10.752964228538634,1.3803146480317716,0.25945447955053463,13.690396798932978,0.0060321617843277124,0.023732216405209554,0.3291923206344298,0.012764782679439932,242.6223436701312,0.33294611741578056,0.8321836776732975,5.036886319598809,4.787014193777535,-0.11201332258720895,20.148606811145513,0.8230678157438256,0.6895606147567119,1.4220585357355024,3.1880747378286047,-0.03702785972796358,Oil & Gas Midstream,Energy,GLNG
2018Q2,2018,Q2,2018-07-06,2018-06-30,36319000.0,59374000.0,78405000.0,0.359238,1938000.0,0.032640549735574495,5192974000.0,1703561000.0,714128000.0,1159152000.0,3350279000.0,7443000.0,-90331000.0,2978406000.0,5328024000.0,16.850257171117704,0.6160779604400458,0.5246868172265065,1.5994055980384618,0.017556899507880763,16.850257171117704,0.021319459649522383,50.163472226900666,20.50170709545968,1.7483412686719173,0.13417219637104547,7.716780867929598,0.0016361100534984148,0.011433525374862266,0.3570187516391293,0.006993872875157858,-264.86491774121833,0.032640549735574495,2.710657142857143,-0.5094786213044695,0.6933057983211673,-0.29627353017359676,-0.7168736303871439,2.729311494143415,11.195520298646757,13.196023789042343,1.5367845390537294,-0.3331704708445868,Oil & Gas Midstream,Energy,GLNG
2018Q1,2018,Q1,2018-04-16,2018-03-31,-21002000.0,66190000.0,6429000.0,-0.21,6845000.0,0.10341441305333132,4784146000.0,1686995000.0,431680000.0,930430000.0,3003558000.0,9204000.0,-121777000.0,2752908480.0,5047140480.0,16.76633405553678,0.4639575250153155,0.5155804191594487,1.4621335570052074,0.0015464579597492419,16.76633405553678,-0.012449355214449362,41.59100287052425,-32.76959908580135,1.6318415170169445,-0.23964384344348158,6.44774011299435,0.0018282482096898477,0.013835280110598631,0.21148071321861936,-0.004389916194029195,-46.71013438305959,0.10341441305333132,-6.5545269394556565,-1.1963848237126942,0.5081274905082037,-0.2860649689705324,0.5340654415060511,-6.49359142035051,1.2968917470525188,-1.8286443878482586,0.7799664316207534,-0.34956598387103127,Oil & Gas Midstream,Energy,GLNG
2017Q4,2017,Q4,2018-02-28,2017-12-31,3823000.0,57587000.0,2799000.0,0.037807,4462000.0,0.07748276520742528,4764287000.0,1715316000.0,473460000.0,1632274000.0,2967983000.0,7408000.0,-95742000.0,3014336195.0899997,5210321195.09,16.96345949840983,0.2900615950508309,0.5060247210128189,1.4054827215510146,0.0006647546017966543,16.96345949840983,0.0022287438582745105,52.34403936808654,197.1185060874967,1.7573066391790197,1.3219984305519226,7.1713012958963285,0.0016766543852117003,0.012087223124887313,0.1474887181931465,0.0008024285690597565,-22.620132186869178,0.07748276520742528,1.080867128678987,-0.9965254990042042,-0.5376391939178239,-0.22598149501323514,1.375873978603319,1.0871339031339031,1.122248427672956,1.0890708371493676,0.5082722805125159,-0.3052438277322515,Oil & Gas Midstream,Energy,GLNG
2017Q3,2017,Q3,2017-10-02,2017-09-30,-43875000.0,32432000.0,-22896000.0,-0.46752,-11871000.0,-0.36602738036507154,4645223000.0,1714533000.0,588574000.0,1432087000.0,2860794000.0,9570000.0,-94511000.0,2123079000.0,4139066000.0,18.259137380191692,0.41099039374004515,0.4956810469594248,1.3429598613733302,-0.005779640893881151,18.259137380191692,-0.02559005863404204,65.46247533300443,-12.097316239316239,1.2382841275146061,-0.1150997150997151,4.629362591431557,0.002378620861494085,0.0069817961376665875,0.21571105666066379,-0.009445187023314058,-46.603718500307316,-0.36602738036507154,0.3597274130396377,-1.8391420111580359,-0.7709581989193098,0.7422653102041183,0.07726389428682472,0.40555224365922393,0.044806007509386736,-6.611359063238554,0.11759612863851503,-0.288339059542492,Oil & Gas Midstream,Energy,GLNG
2017Q2,2017,Q2,2017-07-05,2017-06-30,-73808000.0,28408000.0,-23970000.0,-0.730189,-12865000.0,-0.4528653900309772,4498258000.0,1760151000.0,568234000.0,1113743000.0,2675612000.0,6810000.0,-45869000.0,2249044974.25,4228848974.25,17.413328856645027,0.5102020843228644,0.5164288042170991,1.3197901770927607,-0.005911930668648924,17.413328856645027,-0.04193276599564469,79.16942319945086,-7.617890249871287,1.277756836913424,-0.07043951875135486,6.06064610866373,0.0023116478592135475,0.006315333624705386,0.3198197429748156,-0.01640812954703799,-23.115255087515546,-0.4528653900309772,-0.12097398171289618,-2.656074195151745,-0.7890083758491392,0.9890782440295092,0.5704364085612207,-0.12096957915040323,0.4208746073930901,-1.428097055935888,0.07399849058739398,-0.42549950182067614,Oil & Gas Midstream,Energy,GLNG
2017Q1,2017,Q1,2017-05-01,2017-03-31,-65843000.0,25110000.0,-41390000.0,-0.651388,-29949000.0,-1.1927120669056153,4506938000.0,1836935000.0,648152000.0,1142283000.0,2616787000.0,0.0,32901000.0,2823192330.0,4638304330.0,18.17290094082963,0.5674180566462076,0.5040721660692914,1.2367459926453577,-0.010115816857080644,18.17290094082963,-0.035843946574048616,112.4329880525687,-10.719409542396306,1.5369037717720007,-0.07798854851692663,0.0,0.0018188629748792213,0.005571410123680423,0.3998221106328292,-0.014609253555296301,-41.12143805986454,-1.1927120669056153,-3.813401513360132,-4.44541417464348,-0.7599526732223248,1.1012467430597397,-0.6806397306397306,-8.634856215213357,-0.26547833797046505,-5.04140653742877,-0.045014795196049485,-0.17684695424474123,Oil & Gas Midstream,Energy,GLNG
2016Q4,2016,Q4,2017-01-20,2016-12-31,8624000.0,23063000.0,-32707000.0,-0.135328,-17820000.0,-0.772666175259073,4256911000.0,1863262000.0,697176000.0,974272000.0,2347085000.0,7257000.0,103650000.0,2318790638.6200004,3866653638.6200004,18.433415060463634,0.715586612362872,0.4162767321186654,0.9510487521346971,-0.009183507713659219,18.433415060463634,0.004628441947509261,100.54158776481812,67.21911637929036,1.2444791116976572,0.5339749536178108,5.633595149510817,0.0019859490215729907,0.005417778290408233,0.23823429186099981,0.0020258821478767114,-36.382888591781345,-0.772666175259073,0.1845745962882622,-0.6018957234725154,-0.7731318727734181,1.180248736519305,0.03592296039818221,1.3601887816898468,-0.1560511805457373,0.594725958251655,0.019763583234083584,-0.17669689717879405,Oil & Gas Midstream,Energy,GLNG
2016Q3,2016,Q3,2016-10-14,2016-09-30,-23943000.0,22267000.0,-28292000.0,-0.16596,-18484000.0,-0.8301073337225491,4178955000.0,1684383000.0,636642000.0,1333786000.0,2454984000.0,5891000.0,99836000.0,1992800000.0,3655187000.0,17.918968085106382,0.4773194500467091,0.43079932662591486,1.0688133280851209,-0.00817981343079281,17.918968085106382,-0.014214700575819158,89.49566623254142,-20.80775174372468,1.1831038427721012,-0.19554775926157958,6.917501273128501,0.0023494580489763148,0.005328365584219021,0.11576069924260714,-0.005729422786318589,-45.94775310691476,-0.8301073337225491,0.8447143365084118,-2.484647559066821,-0.7560109278823781,1.4462830109233105,0.32922049644360574,0.7372481453843115,0.24294238848304836,-0.5622320905701466,0.12024200107444924,-0.22418589102663306,Oil & Gas Midstream,Energy,GLNG
2016Q2,2016,Q2,2016-07-22,2016-06-30,-91124000.0,16282000.0,-37371000.0,-1.06874,-27556000.0,-1.6924210784915859,4356001000.0,1710890000.0,989887000.0,1530169000.0,2612069000.0,5595000.0,128425000.0,1443050000.0,3143886000.0,18.37690655209452,0.646913510860565,0.40531579308636523,1.0319517911730152,-0.010670085370831065,18.37690655209452,-0.05326116816393807,88.62854686156491,-3.959028356964137,0.8434499003442653,0.0,7.83521000893655,0.0,0.0037378320161083525,0.053105245237617546,-0.020919187116807365,-13.117086162544426,-1.6924210784915859,-0.2427209302325582,-118.68170626704787,-0.8204644438806296,1.347437748447294,0.06845610358000068,-0.1377984217360903,0.1252311509562042,-2.3364672103813797,-0.4957472070062717,-0.23251524039633653,Oil & Gas Midstream,Energy,GLNG
2016Q1,2016,Q1,2016-05-02,2016-03-31,-80088000.0,18645000.0,-42721000.0,-0.86,-29581000.0,-1.5865379458299813,4284040000.0,1784514000.0,530365000.0,1236410000.0,2475896000.0,7116000.0,231012000.0,1672252260.0,3544821260.0,19.176363128371552,0.4289556053412703,0.458792401564878,1.1014119250395347,-0.011286119817350766,19.176363128371552,-0.044879446168536646,89.68904585679807,-5.220046261612226,0.9370911407811875,-0.5626435920487464,6.777121978639685,0.026946293378009845,0.0043522002595680715,0.09070211337663073,-0.01869450331929674,-29.88726515584787,-1.5865379458299813,-0.1348266420347706,-4.585935670581601,-0.7977716959132963,2.1440419135477207,-0.3742624854819977,-0.12971844495852847,-0.23556802406293384,-1.8097233878455639,-0.5406644812485476,-0.18344240549321625,Oil & Gas Midstream,Energy,GLNG
2015Q4,2015,Q4,2016-01-14,2015-12-31,-70892000.0,22994000.0,-34576000.0,-0.757825,-21525000.0,-0.9361137688092546,4307588000.0,1873526000.0,640773000.0,967581000.0,2413249000.0,8650000.0,315696000.0,1477101808.77,3249927808.77,20.02771600735774,0.6622422308829958,0.43598900359087267,1.0024205695570811,-0.009148642600446523,20.02771600735774,-0.037838813018874574,64.2385756619118,-5.208986235294532,0.7884074247008048,0.0,5.1467052023121385,0.0,0.005338022113535464,0.1352672282733952,-0.016457469934450554,-3.353353255547862,-0.9361137688092546,0.5139748465588784,-11.83295972019376,-0.743607065074951,2.2876461535551735,-0.27359327850423054,0.5148470808839128,-0.4339153153900386,-1.0696444934150684,-0.8004404586218592,-0.08616383328131315,Oil & Gas Midstream,Energy,GLNG
2015Q3,2015,Q3,2015-10-16,2015-09-30,-146123000.0,27378000.0,-24113000.0,-1.55923,-16901000.0,-0.6173204762948352,4038969000.0,1995665000.0,388392000.0,370298000.0,2033511000.0,5194000.0,427052000.0,2612356000.0,4205278000.0,21.298452508004267,1.0488633478981793,0.4495612617972557,0.9098541087807823,-0.006293720541551501,21.298452508004267,-0.07322020479389076,95.41807290525239,-4.469446972755828,1.3090152906424677,-0.27693792216146673,8.525028879476318,0.015490614602297696,0.006778462523480621,0.7431339083656947,-0.0361782920344276,-38.596359553217894,-0.6173204762948352,-50.974333333333334,-27.010159537680973,-0.7141433315973916,2.225903226646502,0.5058042632825521,-56.012485368708546,0.455921839391683,-3.800676299459997,-0.8062379416774978,1.032273167843166,Oil & Gas Midstream,Energy,GLNG
2015Q2,2015,Q2,2015-07-01,2015-06-30,-2563000.0,20144000.0,-44319000.0,-0.03,-34199000.0,-1.6977263701350278,4171231000.0,2198750000.0,584860000.0,298941000.0,1965791000.0,7446000.0,613642000.0,4072208399.9999995,5515368400.0,25.269212646386173,1.9564395649977755,0.43583968377680354,0.8268279704377487,-0.00949613090501669,25.269212646386173,-0.001165662308129619,202.1549046862589,-397.211119781506,1.8520561227970436,-15.780725712056185,7.298280956218104,0.009932202880383038,0.004829269824663271,1.7505962715050796,-0.0006144469102766066,-43.22755297014988,-1.6977263701350278,-1.12,0.6318078907749417,-0.7031739087589506,2.924285956252572,-0.43795988731446833,-1.1169358518112966,-1.660442589970941,-1.0668049958657115,-0.8261982075284543,1.8864349563754799,Oil & Gas Midstream,Energy,GLNG
2015Q1,2015,Q1,2015-04-30,2015-03-31,21918000.0,32158000.0,67105000.0,0.25,-23783000.0,-0.7395671372597798,4258525000.0,2242947000.0,578458000.0,600685000.0,2011274000.0,11851000.0,656651000.0,2895792640.0,4359025640.0,25.77714824221668,0.9629972448121727,0.43191433653671163,0.8200452351303887,0.017281263692149794,25.77714824221668,0.00977196518687245,90.04890353877728,33.02984578884935,1.2910660127056057,1.8453326033397208,4.720361150957725,0.013967160300538645,0.00755144093318696,0.8515827763303562,0.005146852490005342,-6.300337536034811,-0.7395671372597798,1.6146341943129128,7.297334880994794,-0.5232606200092482,2.693708811461239,-5.768070574843483,1.5527729439358402,11.993610747051115,0.33234941547794694,-0.6428714425686255,1.9804899595107341,Oil & Gas Midstream,Energy,GLNG
2014Q4,2014,Q4,2014-12-31,2014-12-31,-39651000.0,35272000.0,-6104000.0,-0.406746,-3514000.0,-0.09962576547970062,3991993000.0,2280852000.0,742838000.0,369690000.0,1709486000.0,8317000.0,670405000.0,3406833087.8399997,4596210087.84,24.41642143752322,2.009353782899186,0.34588913357313,0.6053821115968945,-0.0016533691972692402,24.41642143752322,-0.01738429323779009,96.58746563393059,-21.480120853446316,1.4936668787979228,-1.0466823030944996,4.663460382349405,0.012181988060446219,0.008835686836124212,0.6496659363250291,-0.009932632647401936,-6.677380832880901,-0.09962576547970062,-5.8847230061607565,-2.6332052859763935,-0.6149736208913461,2.291585761015499,-13.871794871794872,-6.103745655811559,-0.17997293640054127,-2.98059314393037,-0.6245597724723163,1.8879006855143174,Oil & Gas Midstream,Energy,GLNG
2014Q3,2014,Q3,2014-10-22,2014-09-30,7769000.0,28834000.0,-5173000.0,0.083269,273000.0,0.009467989179440937,3617682000.0,2393805000.0,447141000.0,140301000.0,1223877000.0,0.0,756007000.0,6195120000.000001,6871162000.000001,25.65707395498392,3.1870122094639384,0.2946765359697176,0.44533535521899237,0.0024823341844074816,25.65707395498392,0.003245460678710254,214.8546854407991,199.3538421933325,2.587980223953079,10.068605998197967,0.0,0.012626551220961013,0.007970297002334644,3.008210917954968,0.0021475077135027346,-20.812739367063095,0.009467989179440937,1.2775633333333334,5.163451232583065,-0.6839447967189777,1.7913599579282284,1.0449456700691473,1.320635575732563,0.5324475777295734,-0.5146487702323599,-0.6816830460682911,2.5026829574102396,Oil & Gas Midstream,Energy,GLNG
2014Q2,2014,Q2,2014-07-01,2014-06-30,-24230000.0,21084000.0,-11064000.0,-0.3,-6074000.0,-0.28808575222917854,3406735000.0,2442168000.0,541244000.0,223272000.0,964567000.0,9112000.0,790236000.0,4842377200.0,5139743200.0,30.310380777441296,2.4241463327242108,0.22955968104357985,0.3202273553662156,-0.003364011995851949,30.310380777441296,-0.009921512361147964,229.67070764560805,-49.96262071811804,1.9828190362006217,0.0,2.980465320456541,0.0,0.006188916954209822,2.3372881507757355,-0.007112381796646936,-13.642343753521603,-0.28808575222917854,-2.861284658671415,-2.670693419598314,-0.6314257920093125,3.2204060941137618,0.4600888888888889,-2.865137402817335,-1.5339252967860244,-35.7717202837074,-0.7313658227837091,2.8718013722863147,Oil & Gas Midstream,Energy,GLNG
2014Q1,2014,Q1,2014-04-30,2014-03-31,12991000.0,20966000.0,20722000.0,0.161179,-11250000.0,-0.5365830392063341,2697311000.0,1779421000.0,308015000.0,230910000.0,917890000.0,0.0,850763000.0,3360214000.0,3985098000.0,22.077183622828784,1.333917976700879,0.2904607588817159,0.4402909710518197,0.008621366532707956,22.077183622828784,0.00730068938154602,160.26967471143757,64.66426756985605,1.888374926450795,2.7920098529751365,0.0,0.010794252985077735,0.007772926444151231,0.8310727123121563,0.004816278137745333,-12.044511672754254,-0.5365830392063341,2.0126915887850467,3.0147332506203472,-0.6908977061094688,2.140878175992358,-0.08716660224197913,2.01345395499884,2.257860871676581,-0.3284222465068081,-0.7374489217274489,2.619643108477025,Oil & Gas Midstream,Energy,GLNG
2013Q4,2013,Q4,2013-12-31,2013-12-31,4311000.0,18029000.0,-16474000.0,0.0535,-10348000.0,-0.5739641688390926,2665221000.0,1804137000.0,181696000.0,90574000.0,861084000.0,11951000.0,874296000.0,2924222615.5499997,3515903615.5499997,22.38958531468909,2.006050301411001,0.26903134861987055,0.39743544974688727,-0.003626154438459926,22.38958531468909,0.0023895081138516645,162.19549700759885,169.57913567327765,1.6208428825249968,8.41196938065414,2.374445653083424,0.012401244627259445,0.006764542227455059,1.6017510543864686,0.0016175018882111465,-8.683325114546431,-0.5739641688390926,1.3281322833100266,1.0622848556199547,-0.7472135504584881,2.327649610516774,-0.6188986232790988,1.3283070596298834,-0.3893902336172725,-0.2352266266701858,-0.7666176535187447,2.6753583889690993,Oil & Gas Midstream,Energy,GLNG
2013Q3,2013,Q3,2013-11-27,2013-09-30,-13131000.0,17030000.0,-11857000.0,-0.163044,-6392000.0,-0.3753376394597769,2427239000.0,1860150000.0,132704000.0,78461000.0,567089000.0,0.0,906906000.0,3033809201.6,3389573201.6,23.096986607808038,1.6913370974114528,0.16966314400848043,0.22138698492057093,-0.005015251244884116,23.096986607808038,-0.007059108136440609,178.14499128596594,-57.76043716396314,1.6309486877939954,-2.759348107531795,0.0,0.011943071430098862,0.007016202359965376,1.1329450300149118,-0.005409850451480056,-46.38993855469586,-0.3753376394597769,-1.2226282156316566,-1.211994151647241,-0.755148483283639,1.8083930020454364,-2.286116700201207,-1.2226763214570366,-23.14867617107943,-3.719375523512744,-0.7931249083743245,2.4983125462254865,Oil & Gas Midstream,Energy,GLNG
2013Q2,2013,Q2,2013-07-18,2013-06-30,58969000.0,27926000.0,-491000.0,0.73236,4970000.0,0.17797035021127264,2464083000.0,1927976000.0,250311000.0,44919000.0,536107000.0,0.0,956451000.0,2584663495.2000003,2806211495.2000003,23.94432765229701,5.57249716155747,0.1676100196300206,0.21421687821840105,-0.0002120668233732939,23.94432765229701,0.030585961650974908,92.55401758934327,10.957721409554173,1.3406097872587628,0.6186131696315013,0.0,0.01411363609527718,0.011333222135780328,4.949442329526481,0.02393141789460826,-22.79606547070964,0.17797035021127264,-0.3109547617658736,3.186851451225287,-0.5577215570038521,1.99738318190904,-0.6684456304202802,-0.3108199710158478,-1.0064658861951354,10.154503591644179,-0.5553172735872082,2.718532510400849,Oil & Gas Midstream,Energy,GLNG
2013Q1,2013,Q1,2013-04-25,2013-03-31,85564000.0,35115000.0,75937000.0,1.062862,14990000.0,0.42688309839100097,2447537000.0,1890573000.0,392892000.0,61215000.0,556964000.0,0.0,934067000.0,2955278492.44,2995491492.44,23.484397496730697,6.418230825777996,0.1692248166217712,0.21907855449115163,0.033262779685692793,23.484397496730697,0.04525823652405911,84.16000263249323,8.634701780071058,1.5631655019086805,0.0,0.0,0.0,0.014347076264832769,6.185199705954423,0.03495922635694578,-17.876975007500967,0.42688309839100097,2.7475521393438287,5.544212762496031,-0.5026096783923121,2.019511410425643,-0.7233449605964971,-0.9023224168477963,0.6234179921327176,27.571560413301487,-0.4373286752240839,2.3651715523545027,Oil & Gas Midstream,Energy,GLNG
2012Q4,2012,Q4,2013-01-22,2012-12-31,875984000.0,99158000.0,46776000.0,0.283615,54183000.0,0.5464309485871034,2414399000.0,1764319000.0,439925000.0,87059000.0,650080000.0,2051000.0,848503000.0,2960913727.92,3041105727.92,21.916090363627536,5.053182324630423,0.20912285003431497,0.2861761393489499,0.020571588482931124,21.916090363627536,0.49649978263567984,29.860563221525243,0.8450250597956127,1.6782190340408965,0.07811329887303878,21.928327645051194,0.023109758097568177,0.041069433842542184,4.996668925671097,0.3628165849969288,-169.4371232,0.5464309485871034,-0.49065410490246436,332.70111206548575,0.3403828094103001,1.5702812788455047,-0.44915262852902005,18.58556544291911,-0.33323830430196427,40.86815955290025,0.2559987940943095,1.9545153110431843,Oil & Gas Midstream,Energy,GLNG
2012Q3,2012,Q3,2012-10-11,2012-09-30,44726000.0,121126000.0,70154000.0,0.556822,98363000.0,0.8120717269620065,2542589000.0,841802000.0,180663000.0,236259000.0,1550379000.0,0.0,41856000.0,3071580276.48,4239752276.48,10.48011303057656,0.7646819803690018,0.5060338104192224,1.5284306760972295,0.026821301628765407,10.48011303057656,0.05313125889460942,25.358554533956376,17.168874236909183,3.648815608040846,0.7190224925099494,0.0,0.010469854962362855,0.04763884371402535,0.6954147778497327,0.01759073133723146,1058.0710563141579,0.8120717269620065,0.26287546834317665,5.07890204254216,0.7881053864029849,0.4142806099463527,0.14217536199909428,0.2628755364806867,0.2098437553892319,28.841079933616648,0.542172956885242,0.14018332407817996,Oil & Gas Midstream,Energy,GLNG
2012Q2,2012,Q2,2012-07-05,2012-06-30,35416000.0,106992000.0,57986000.0,0.440916,86119000.0,0.8049106475250486,2451024000.0,703192000.0,130600000.0,253468000.0,1664258000.0,0.0,30014000.0,3028205450.4,4329361450.4,8.754471529168608,0.5152524184512444,0.5624771524065044,1.9605527366636708,0.02307809165584088,8.754471529168608,0.05036462303325408,28.30310163750561,21.3759702563813,4.306370735730782,0.7948667269030947,0.0,0.00929626488727226,0.043651959344339346,0.45386399861126453,0.01444947091501348,140.29862168272794,0.8049106475250486,1.3206105263157892,-0.677987222960097,0.5251728308435801,0.017284608543785135,0.5826916361898811,1.3336847654190827,1.082905276769999,1.4495314191683435,0.8761320248826923,0.2189693446526078,Oil & Gas Midstream,Energy,GLNG
2012Q1,2012,Q1,2012-03-31,2012-03-31,15176000.0,83069000.0,27839000.0,0.19,54413000.0,0.6550337671092706,2453825000.0,694234000.0,167862000.0,231246000.0,1678592000.0,0.0,22749000.0,3054311550.0,4262672550.0,8.648627773417548,0.7259022858773774,0.5363988874512241,1.895944306962782,0.012069864179283914,8.648627773417548,0.021860064473938182,36.768367862861,50.31483180680021,4.399541869168032,3.1079994728518714,0.0,0.015442759924081747,0.033852862367935777,0.6566773046885135,0.006184630118284719,-26.288346602401344,0.6550337671092706,-0.09523809523809519,-0.7674853604249797,0.262651012984541,0.05498229497609404,-0.12205944044661009,-0.11664726426076834,-0.17626346313173158,3.3632445092250003,0.22970799716430332,0.23042353091267864,Oil & Gas Midstream,Energy,GLNG
2011Q4,2011,Q4,2012-01-13,2011-12-31,17180000.0,80622000.0,33796000.0,0.21,61978000.0,0.7687479844211258,2232634000.0,677765000.0,105966000.0,256140000.0,1476814000.0,3211000.0,34093000.0,3563289800.0,4593768800.0,8.454730302879097,0.41370344342937454,0.49152346510892514,1.6191334754671605,0.014986418331176839,8.454730302879097,0.02534801885609319,44.197487038277394,51.85229627473807,5.257411934815165,0.7531431897555297,5.806290875116786,0.0036311949704455697,0.03611071048814987,0.401167330366206,0.007694946865451301,-1147.5973590982287,0.7687479844211258,0.23529411764705868,-0.5602897516178978,-0.08328923411064403,0.10552263527600006,-0.007462686567164179,0.25009095539547405,-0.2569041336851363,1.2495006507578699,0.13626545398339193,0.25658334462058713,Oil & Gas Midstream,Energy,GLNG
2011Q3,2011,Q3,2011-10-06,2011-09-30,13743000.0,77771000.0,45480000.0,0.17,62444000.0,0.8029213974360623,2264469000.0,586760000.0,160056000.0,263755000.0,1507149000.0,0.0,42645000.0,2545705120.0,3630974120.0,7.324977529212024,0.6068358893670263,0.530226291461707,2.046289794805372,0.021746988495225602,7.324977529212024,0.02342184197968505,32.73334687737074,46.30912318998764,4.338579862294635,0.8563632394673653,0.0,0.004623080618229655,0.03434403385517753,0.5440389755644442,0.006068972461093528,-68.85494752785893,0.8029213974360623,18.0,2.8971343451859686,0.13791216141744467,0.010987254816521264,0.09695212999560826,23.130434782608695,1.1342092914124824,-0.7769274837694944,0.12420179589116742,-0.10934634104065932,Oil & Gas Midstream,Energy,GLNG
2011Q2,2011,Q2,2011-07-01,2011-06-30,-621000.0,73968000.0,21310000.0,-0.01,56925000.0,0.769589552238806,2277517000.0,594449000.0,265769000.0,295678000.0,1514458000.0,44037000.0,50857000.0,2649337260.0,3698681260.0,7.828495798983328,0.8988460419780978,0.5261172584002666,2.015717075813064,0.011672103920892157,7.828495798983328,-0.001044664891353169,35.81734344581441,-1066.5608937198067,4.456794880637363,-32.027375201288244,0.38701546426868316,0.007507160488883925,0.03247747437230984,0.6201408288746542,-0.0002726653632003625,-18.668874090985963,0.769589552238806,-1.0416666666666667,-1.0309159994991417,0.18968258390810633,0.06824425933515155,0.1466873476623089,-1.0379862980181063,0.042308632917583765,-1.046753926342049,0.24220597291292192,-0.020018353062121914,Oil & Gas Midstream,Energy,GLNG
2011Q1,2011,Q1,2011-04-21,2011-03-31,16348000.0,67487000.0,20445000.0,0.24,49643000.0,0.7355935217152934,2090485000.0,415462000.0,212086000.0,272670000.0,1488821000.0,0.0,72617000.0,1742424341.86,2805480341.8599997,6.099270828973473,0.7778120071881762,0.5700815839386554,2.868486167206628,0.010399279625636292,6.099270828973473,0.03934896572971776,25.81866643738794,26.64583346372645,4.193943951215755,1.2493883043797407,0.0,0.011722173244088613,0.032282939126566323,0.5705981589467122,0.007820194835169828,185.06896886457778,0.7355935217152934,2.4418471246235476,-0.43693398021111673,0.13282086173033794,-0.13543112927190434,0.07303735085595711,2.4672322375397666,0.36172905288397494,2.02610746292126,0.12975798530983504,-0.2157849539923046,Oil & Gas Midstream,Energy,GLNG
2010Q4,2010,Q4,2010-12-31,2010-12-31,4715000.0,64616000.0,15014000.0,0.06973,46264000.0,0.7159836572985019,2077772000.0,410588000.0,204332000.0,247156000.0,1478450000.0,5664000.0,78086000.0,1011674000.0,2056010000.0,6.091810089020772,0.8267329136254026,0.5818987838896664,2.944686644519567,0.007736511360750206,6.091810089020772,0.011483530936120881,15.656710412281788,53.64125132555674,2.4639638761970635,5.771792152704136,3.2401129943502824,0.026899969753102285,0.03109869610332606,0.7923254948291767,0.0022692576471335644,16.484561111925828,0.7159836572985019,0.17173584271550998,-0.5629844849992538,0.4056292610480086,-0.07197303926974526,-0.06129654052957289,0.14137012829823287,-0.3010567478236581,1.1453458244216597,0.04326657360998388,-0.28556301939336354,Oil & Gas Midstream,Energy,GLNG
2010Q3,2010,Q3,2010-10-01,2010-09-30,4131000.0,70426000.0,21481000.0,0.05951,49285000.0,0.6998125692215943,2440800000.0,454900000.0,200400000.0,275500000.0,1985900000.0,0.0,0.0,862628000.0,2391428000.0,6.602322206095791,0.7274047186932849,0.608120288430023,3.2629149263574413,0.009048053298139548,6.602322206095791,0.009081116728951419,12.24871496322381,52.204550956184946,1.8963024840624312,1.2018881626724764,0.0,0.005755667564697645,0.028853654539495247,0.3190562613430127,0.0016924778761061947,-46.30068165959959,0.6998125692215943,1.7438749999999998,-0.6413771242519825,0.5662250178874036,0.012830441613869412,0.4678202340888108,1.7234676007005254,0.6473159509202454,1.4392008538747056,0.21203042805711966,-0.10902332355991744,Oil & Gas Midstream,Energy,GLNG
2010Q2,2010,Q2,2010-07-20,2010-06-30,-5710000.0,55668000.0,13040000.0,-0.08,33577000.0,0.6031651936480563,2425996000.0,459597000.0,196854000.0,254573000.0,1810338000.0,0.0,0.0,704471250.0,2171259250.0,6.439187390542907,0.773271320996335,0.6604083436246391,3.485984460298914,0.005042839949323933,6.439187390542907,-0.012423927919459874,12.654869045052813,-30.843749999999996,1.532802107063362,-1.4094570928196146,0.0,0.011424170965103262,0.02294645168417425,0.7032953219705154,-0.002353672471018089,-121.85975609756098,0.6031651936480563,-1.0,-0.2057379310344827,0.3142680364425529,0.013959283923714068,0.13061485621927402,-1.0748546511627908,0.22429818796357148,-1.0584261902954246,-0.10695932853743374,-0.2517553798532254,Oil & Gas Midstream,Energy,GLNG
2010Q1,2010,Q1,2010-04-12,2010-03-31,-2752000.0,53335000.0,10651000.0,-0.04,29698000.0,0.5568200993718946,2395174000.0,480132000.0,144353000.0,225739000.0,1757134000.0,0.0,0.0,804960000.0,2273954000.0,6.978662790697674,0.6394685898316197,0.6475992975875656,3.2305970024909816,0.0043178144202791246,6.978662790697674,-0.005731757100130797,15.092528358488797,-73.125,1.676538951788258,-2.010901162790698,0.0,0.006874875770224608,0.022267693286583772,0.542165952715304,-0.001148977068054346,-41.97747183979975,0.5568200993718946,-1.2968900764491949,-1.1478221671268383,0.17822288782055418,0.08029116245806239,-0.31585615886106566,-1.1585162145037728,-0.4452315224751289,-1.0491939447372864,-0.05413994787848157,-0.1487244127416955,Oil & Gas Midstream,Energy,GLNG
2009Q4,2009,Q4,2010-01-05,2009-12-31,17361000.0,65509000.0,19199000.0,0.13473,43409000.0,0.6626417744126761,2492436000.0,495511000.0,182128000.0,205762000.0,1834252000.0,6882000.0,157076000.0,856376000.0,2369314000.0,7.417829341317366,0.8851391413380507,0.6560525526031561,3.299965086547019,0.006039191051247233,7.417829341317366,0.03503655821969644,13.072646506586882,12.331893324117274,1.7282683936380827,0.0,3.2112757919209534,0.0,0.02628312221457241,0.8367677219311632,0.006965474740374477,-50.20083240518201,0.6626417744126761,7.736499999999999,0.2956363959708434,0.42201785771310757,0.21184092821879152,0.7381676944021782,17.871720116618075,4.307990047000277,-0.4667620104224305,-0.10611293875671675,-0.03006033928151924,Oil & Gas Midstream,Energy,GLNG
2009Q3,2009,Q3,2009-10-01,2009-09-30,-1029000.0,50309000.0,3617000.0,-0.02,24974000.0,0.4964121727722674,2504462000.0,472908000.0,235564000.0,210033000.0,1874225000.0,0.0,0.0,569037000.0,2086312000.0,9.191603498542275,1.1215570886479744,0.6675745130091812,3.5353916618031413,0.0011010530649775477,9.191603498542275,-0.0021758989063411912,11.310839014887993,-138.25,1.2032720952066787,0.0,0.0,0.0,0.020087747388461075,1.037889284064885,-0.00041086668514036146,-22.97932399143884,0.4964121727722674,-1.1111111111111112,-1.2409548292324641,0.4740587068390447,0.5773175763939786,0.15894009002737947,-1.0866891322662173,0.8625128733264675,0.7788429752066115,0.14605527548357106,0.26861740548613355,Oil & Gas Midstream,Energy,GLNG
2009Q2,2009,Q2,2009-07-08,2009-06-30,11870000.0,46819000.0,1942000.0,0.18,21549000.0,0.46026185950148446,2424084000.0,473604000.0,128067000.0,214656000.0,1905525000.0,0.0,0.0,563824996.2,2203352996.2,7.181863569886191,0.5966150491949911,0.7004460241476781,3.5851470849063776,0.0006241119109378954,7.181863569886191,0.025063132912728776,12.04265354236528,11.874999919966303,1.1904988053310361,0.11457455770850884,0.0,0.0024120959680148353,0.019314099676413853,0.5010621645796064,0.004896694999018186,-31.433628600100352,0.46026185950148446,3.25,-0.4708235469308765,0.20931912254389207,0.2500502245538567,-0.18350257653834495,3.318359375,-0.7068679245283019,-0.3195433270174687,-0.13290350993637637,-0.01999250854097315,Oil & Gas Midstream,Energy,GLNG
2009Q1,2009,Q1,2009-05-20,2009-03-31,-5120000.0,53859000.0,6625000.0,-0.08,26392000.0,0.49002023802892736,2354271000.0,449855000.0,139193000.0,255293000.0,1860272000.0,0.0,0.0,219520000.0,1762356000.0,7.028984375,0.545228423811072,0.6832178623446493,3.575552122350535,0.0026357260944155888,7.028984375,-0.011381445132320414,4.0758276239811355,-10.71875,0.4879794600482378,0.0,0.0,0.0,0.022877145409343276,0.47914748935536816,-0.0021747708738713597,-23.296190172981003,0.49002023802892736,0.9068283195322782,-1.6359292464259754,0.5464814464065653,0.3096100376609732,-0.20587350303905638,0.9112989847891618,-0.9279601578895861,-1.1876886741814277,-0.037783463223752964,-0.0036446562445948344,Oil & Gas Midstream,Energy,GLNG
2008Q4,2008,Q4,2009-02-06,2008-12-31,-57722000.0,59479000.0,91963000.0,-0.85863,33234000.0,0.5587518283764018,2359729000.0,452145000.0,144770000.0,267029000.0,1865896000.0,4748000.0,134089000.0,454272000.0,1997206000.0,6.728348214285714,0.5421508525291261,0.6776405256705325,3.5365822910791893,0.032335857051318063,6.728348214285714,-0.12766258611728537,7.637519124396846,-1.9674993936454037,1.0047042431078526,-0.32758740168393335,5.527590564448189,0.0416248415046492,0.02520586050347307,0.5223552498043283,-0.024461283477890894,-17.957544372850535,0.5587518283764018,-2.115103896103896,-4.834855608192172,0.39789958019111465,0.2293191326643014,0.022616080494784453,-2.1163933157976174,6.955965048879661,-6.365956560032714,0.29773196237809435,0.02499724265733211,Oil & Gas Midstream,Energy,GLNG
2008Q3,2008,Q3,2008-10-15,2008-09-30,51704000.0,58058000.0,11559000.0,0.77,32499000.0,0.5597678183885081,2498500000.0,552892000.0,188539000.0,180032000.0,1903532000.0,0.0,0.0,892772780.4799999,2535476780.48,8.224271528587991,1.0472527106292215,0.6930594356613968,3.1319118381166664,0.00353212885073988,8.224271528587991,0.09351555095751068,15.377256889317577,4.3167490933003245,1.6147326792212582,0.6504912579297539,0.0,0.037672519520495676,0.023237142285371222,0.8726726359758266,0.020694016409845906,-19.802869828538473,0.5597678183885081,3.529411764705882,5.483729851353901,0.7554075290590998,0.7770932764715067,0.23669089386962974,3.417634996582365,0.5752248569092395,3.6002696909474063,0.3233038064339318,0.26164587310831605,Oil & Gas Midstream,Energy,GLNG
2008Q2,2008,Q2,2008-07-03,2008-06-30,11704000.0,52470000.0,7338000.0,0.17,26279000.0,0.5008385744234801,2660194000.0,534512000.0,307674000.0,266887000.0,2085316000.0,0.0,0.0,1036450336.6800001,2885166336.6800003,7.988410623244644,1.1528249783616287,0.722041700718068,3.5935039812015446,0.0021250887428414704,7.988410623244644,0.021896608495225553,19.75319871698113,22.138805892857146,1.9390590607507407,0.0,0.0,0.0,0.019724125383336705,0.4766211917403246,0.004399679121146804,-63.50798631617648,0.5008385744234801,1.7391304347826086,0.11045773824222634,0.4206388016336156,1.0842988509569302,-0.37090943911138774,1.7466666666666666,-0.6592207309710677,3.6363324203934986,0.32141256924780987,0.2579107617103843,Oil & Gas Midstream,Energy,GLNG
2008Q1,2008,Q1,2008-04-23,2008-03-31,-15675000.0,58772000.0,21533000.0,-0.23,41773000.0,0.7107636289389505,2662870000.0,521233000.0,313118000.0,259101000.0,2103727000.0,0.0,0.0,1224412355.8799999,3102322355.88,7.77754884967308,1.2084785469758896,0.7313804278842001,3.736469103069069,0.006166003677035782,7.77754884967308,-0.03007292324162131,20.83325998570748,-19.5281077492823,2.349069141593107,-1.0778947368421052,0.0,0.013799272703236191,0.022070923477300806,0.26885654628889893,-0.005886505912793339,-6.5480798547500365,0.7107636289389505,-17.558675305975523,-2.348378960389952,0.4875520565005715,1.1162586040839464,-0.06428779427905831,-8.418362517747278,-0.12786553260429323,-1.8643665799834706,0.332861144198528,0.20395805613180037,Oil & Gas Midstream,Energy,GLNG
2007Q4,2007,Q4,2007-12-31,2007-12-31,2113000.0,59547000.0,24690000.0,0.01389,44643000.0,0.7497103128621089,2573610000.0,552532000.0,270321000.0,146209000.0,1984095000.0,4133000.0,211386000.0,1433376000.0,3093067000.0,8.526728395061728,1.8488670328091978,0.717058917240763,3.339951351233956,0.007185531041603774,8.526728395061728,0.0038242128962666416,24.071338606478914,169.590156176053,2.5941954493133434,0.9465215333648841,3.606097265908541,0.0013953073024802981,0.023137538321657127,1.633018487234028,0.0008210257187374932,141.79206647541795,0.7497103128621089,1.0992142857142857,-0.8192030314142527,0.5361304588170259,1.434965783393456,0.14566171375779505,1.2405510018214936,0.30981432360742706,-0.837441622494783,0.3324944948033229,0.39300029395203634,Oil & Gas Midstream,Energy,GLNG
2007Q3,2007,Q3,2007-09-30,2007-09-30,-8784000.0,54265000.0,18850000.0,-0.14,38967000.0,0.718087164839215,2536037000.0,476815000.0,219207000.0,129193000.0,2021969000.0,0.0,0.0,1582904220.0,3346033220.0,7.410207675104941,1.6967405354779284,0.7454248498740358,3.9646928053857367,0.005005849722843452,7.410207675104941,-0.0184222392332456,29.169892564267943,-45.05078039617487,3.319745016410977,-9.119990892531876,0.0,0.05060950560862109,0.021397558474107434,0.9916404139543165,-0.0034636718628316544,-6764.547948717949,0.718087164839215,-1.3783783783783785,-2.1508439300818747,0.7141902828189077,0.6011910831143779,-0.04744793194485186,-1.0980729294598397,0.004797441364605544,-2.6446687346458004,0.2713196279338779,0.2716226077992007,Oil & Gas Midstream,Energy,GLNG
2007Q2,2007,Q2,2007-07-02,2007-06-30,89566000.0,57128000.0,18760000.0,0.37,40908000.0,0.7160761798067498,2604955000.0,562922000.0,298033000.0,124358000.0,2005669000.0,0.0,0.0,1089118158.3,2743644158.3,8.605724942305372,2.396572797889963,0.719456190222096,3.329326265450631,0.005307384948305588,8.605724942305372,0.15910907727891252,19.064524546632125,3.039987713808811,1.934758560333403,0.36636670165017976,0.0,0.030128962362742387,0.021930513195045596,1.7719487286704514,0.03438293559773585,214.98581885116462,0.7160761798067498,-0.54320987654321,7.692550431949806,0.5821874900489653,1.245365624634487,0.12363007114016536,0.6801290588831154,-0.6796448087431693,3.0254127801775206,0.4875968731050144,0.49788258881504055,Oil & Gas Midstream,Energy,GLNG
2007Q1,2007,Q1,2007-04-12,2007-03-31,53309000.0,53734000.0,58560000.0,0.81,36407000.0,0.6775412215729333,2584934000.0,537470000.0,188081000.0,126546000.0,2013268000.0,0.0,0.0,890331960.0,2667781960.0,8.197889021079284,1.486265863796564,0.7272410049927773,3.4976277745734645,0.01706763005310737,8.197889021079284,0.099185070794649,16.569247776082182,4.175336059577182,1.6565240106424544,0.6161811326417678,0.0,0.036894104082257136,0.02078737793692218,0.8141071231014809,0.020622963681084315,89.30109929789369,0.6775412215729333,0.6626298288107066,3.687506861063281,0.39023377887633326,1.2306324925125471,-0.3836217113059967,0.6497183883146623,0.44975614586685814,5.463491084340456,0.5061331932227702,0.5273953073250529,Oil & Gas Midstream,Energy,GLNG
