Quarters,Year,Quarter,FillingDate,Date,NetIncome,Revenue,OperatingIncome,EPSDiluted,GrossProfit,GrossProfitRatio,TotalAssets,CommonStockEquity,CurrentAssets,CurrentLiability,TotalLiability,Inventory,RetainedEarnings,MarketCap,EnterpriseValue,bookValuePerShare,currentRatio,debtToAssets,debtToEquity,roic,shareholdersEquityPerShare,roe,priceToSalesRatio,peRatio,pbRatio,payoutRatio,inventoryTurnover,dividendYield,assetTurnover,quickRatio,returnOnAssets,priceToFreeCashFlowsRatio,grossProfitMargin,epsdilutedGrowth,fiveYNetIncomeGrowthPerShare,fiveYRevenueGrowthPerShare,fiveYShareholdersEquityGrowthPerShare,grossProfitGrowth,netIncomeGrowth,operatingIncomeGrowth,threeYNetIncomeGrowthPerShare,threeYRevenueGrowthPerShare,threeYShareholdersEquityGrowthPerShare,Industry,Sector,Symbol
2023Q1,2023,Q1,2023-05-08,2023-03-31,766000000.0,-129000000.0,298000000.0,1.32,-151000000.0,1.1705426357,66111000000.0,7792000000.0,1321000000.0,547000000.0,58319000000.0,0.0,-7674000000.0,5839344000.0,4956344000.0,13.450716381840152,2.4149908592321756,0.0013915989774772731,0.011806981519507187,-0.1917438621602642,13.450716381840152,0.09830595482546202,-45.266232558139535,1.9057911227154045,0.7494024640657084,0.31070496083550914,0.0,0.04075800295375645,-0.001951263783636611,3.047531992687386,0.011586574095082514,224.59015384615384,1.1705426356589148,-0.13157894736842102,0.2203073651023194,-1.1971395497608674,-0.36876165504748726,-1.2811918063314711,-0.11342592592592593,-0.6456599286563615,1.2993029588260212,0.9491117446827992,-0.24770437056048134,REIT—Mortgage,Real Estate,AGNC
2022Q4,2022,Q4,2023-02-27,2022-12-31,864000000.0,575000000.0,841000000.0,1.52,537000000.0,0.9339130435,51748000000.0,7870000000.0,1138000000.0,486000000.0,43878000000.0,0.0,-7284000000.0,5882940000.0,4959940000.0,13.84588318085855,2.3415637860082303,0.001835819741825771,0.01207115628970775,0.16261518474878395,13.84588318085855,0.10978398983481576,10.2312,1.7022395833333333,0.7475146124523507,0.2638888888888889,0.0,0.03875613213801263,0.011111540542629667,2.3415637860082303,0.016696297441447013,62.58446808510638,0.9339130434782609,1.932515337423313,0.5449299469003903,-0.022608404792312745,-0.3810950321373143,-0.1596244131455399,2.0023201856148494,2.6955645161290325,-0.05515673944465943,-0.3887427584950236,-0.3210613935226139,REIT—Mortgage,Real Estate,AGNC
2022Q3,2022,Q3,2022-11-07,2022-09-30,-862000000.0,650000000.0,-496000000.0,-1.63,639000000.0,0.9830769231,58524000000.0,7222000000.0,2145000000.0,837000000.0,51302000000.0,0.0,-7610000000.0,4451654000.0,3573654000.0,13.659920559863817,2.5627240143369177,0.0016745266899049962,0.013569648296870672,-0.08770081556966804,13.659920559863817,-0.11935751869288286,6.848698461538461,-1.291082946635731,0.6164018277485461,-0.2482598607888631,0.0,0.04807201997280112,0.011106554575900485,3.959378733572282,-0.014729000068348028,19.69758407079646,0.9830769230769231,-0.6632653061224489,-3.079063172499904,0.47978009452165193,-0.43330985915341436,0.3801295896328294,-0.6770428015564203,-0.4011299435028249,-221.714582939285,43.78406153458168,-0.2691882312827191,REIT—Mortgage,Real Estate,AGNC
2022Q2,2022,Q2,2022-08-04,2022-06-30,-514000000.0,475000000.0,-354000000.0,-0.98,463000000.0,0.9747368421,61240000000.0,8040000000.0,2912000000.0,803000000.0,53200000000.0,0.0,-6726000000.0,5825034000.0,5026034000.0,15.279361459521095,3.62640099626401,0.0017472240365774003,0.013308457711442786,-0.05146108459815861,15.279361459521095,-0.06393034825870647,12.263229473684211,-2.8331877431906616,0.7245067164179104,-0.4163424124513619,0.0,0.03673798298859715,0.007756368386675375,6.12453300124533,-0.008393207054212933,18.090167701863354,0.9747368421052631,0.24031007751937988,-15.098695046243508,6.817369821360699,-0.3166209413068938,-0.3432624113475177,0.24188790560471976,0.4326923076923077,-0.18317804691806977,2.1449794898273846,-0.20575675691760628,REIT—Mortgage,Real Estate,AGNC
2022Q1,2022,Q1,2022-05-09,2022-03-31,-678000000.0,718000000.0,-624000000.0,-1.29,705000000.0,0.9818941504,66394000000.0,8930000000.0,3321000000.0,743000000.0,57464000000.0,0.0,-6078000000.0,6868330000.0,5980330000.0,17.032233454129315,4.469717362045761,0.0017471458264300991,0.012989921612541993,-0.0718417183652219,17.032233454129315,-0.07592385218365062,9.56591922005571,-2.53257005899705,0.7691298992161254,-0.3141592920353982,0.0,0.031011905368553926,0.010814230201524234,7.588156123822342,-0.01021176612344489,18.51301886792453,0.9818941504178273,-24.09727626459144,-6.6320206390475525,3.874046091152771,-0.22686927134986243,101.71428571428571,-24.11111111111111,-51.0,-3.619000356270175,1.587961681974356,-0.1294924583533756,REIT—Mortgage,Real Estate,AGNC
2021Q4,2021,Q4,2022-02-23,2021-12-31,-27000000.0,-7000000.0,-12000000.0,-0.0514,-7000000.0,1.0,68149000000.0,10291000000.0,998000000.0,400000000.0,57858000000.0,0.0,-5214000000.0,7903520000.0,7031520000.0,19.58325404376784,2.495,0.0018488899323541065,0.012243708094451463,-0.0011519631371796103,19.58325404376784,-0.0026236517345253133,-1129.0742857142857,-73.18074074074075,0.7680031095131667,-7.925925925925926,0.0,0.02707654310990546,-0.00010271610735300592,2.495,-0.0003961906997901657,21.02,1.0,-1.1468571428571428,-1.0166895587080484,-1.0042559210018773,-0.1188068123318168,0.0,-1.1273584905660377,0.0,0.9677790874362725,0.9914442417594406,-0.0032428135606959894,REIT—Mortgage,Real Estate,AGNC
2021Q3,2021,Q3,2021-11-05,2021-09-30,212000000.0,234000000.0,0.0,0.35,0.0,0.0,68805000000.0,10679000000.0,0.0,0.0,58126000000.0,0.0,-4973000000.0,8306059000.0,7459059000.0,20.275299031706854,0.0,0.0019475328827846814,0.012547991384961139,0.0,20.275299031706854,0.01985204607172956,35.49597863247863,9.794880896226415,0.7777937072759621,1.009433962264151,0.0,0.025764324573182062,0.0034009156311314583,0.0,0.0030811714264951675,21.13501017811705,0.0,1.4216867469879517,-0.739276824982342,-0.7204272820004894,-0.15381112350334522,0.0,1.5158150851581509,0.0,-0.138524987869966,-0.21307032073482912,-0.02635600474103262,REIT—Mortgage,Real Estate,AGNC
2021Q2,2021,Q2,2021-08-05,2021-06-30,-411000000.0,-389000000.0,0.0,-0.83,0.0,0.0,75055000000.0,10668000000.0,0.0,0.0,64387000000.0,0.0,-4972000000.0,8894274000.0,8095274000.0,20.258260539308772,0.0,0.001971887282659383,0.013873265841769778,0.0,20.258260539308772,-0.03852643419572553,-22.86445758354756,-5.410142335766424,0.8337339707536559,-0.5182481751824818,0.0,0.023947991707923545,-0.0051828658983412166,0.0,-0.005475984278195989,25.93082798833819,0.0,-1.4689265536723164,-0.9136177575220492,-1.0375838713761236,-0.12938402512188998,0.0,-1.4215384615384616,0.0,-2.078552086992478,-1.9617365786462448,-0.09283679580113675,REIT—Mortgage,Real Estate,AGNC
2021Q1,2021,Q1,2021-05-07,2021-03-31,975000000.0,999000000.0,0.0,1.77,0.0,0.0,1489000000.0,11364000000.0,963000000.0,846000000.0,74181000000.0,0.0,-4348000000.0,8944812000.0,8146812000.0,21.292861157953908,1.1382978723404256,0.11081262592343855,0.014519535374868005,0.0,21.292861157953908,0.08579725448785638,8.953765765765766,2.2935415384615387,0.7871182682154171,0.2246153846153846,0.0,0.024483465946517378,0.6709200805910007,1.1973995271867612,0.6548018804566823,20.899093457943927,0.0,0.29197080291970795,1.791327723847886,1.8171575253501469,-0.07045264083292603,-1.0,0.25806451612903225,0.0,0.6859760624476332,0.6571272691201269,-0.0007320015462504648,REIT—Mortgage,Real Estate,AGNC
2020Q4,2020,Q4,2021-02-26,2020-12-31,775000000.0,800000000.0,0.0,1.37,800000000.0,1.0,1543000000.0,11079000000.0,1017000000.0,396000000.0,70738000000.0,0.0,-5106000000.0,8498880000.0,7835880000.0,20.33590308370044,2.5681818181818183,0.11471160077770577,0.015976171134578932,0.0,20.33590308370044,0.06995216174745013,10.6236,2.741574193548387,0.7671161657189277,0.2864516129032258,0.0,0.026121088896419294,0.5184705119896306,3.0984848484848486,0.5022683084899546,20.728975609756098,1.0,0.19130434782608713,-0.17357177819732889,-0.15410578135021155,-0.12849774264307237,0.0,0.17069486404833836,0.0,0.4458183153117073,0.4187560051485653,-0.09099395971533221,REIT—Mortgage,Real Estate,AGNC
2020Q3,2020,Q3,2020-11-05,2020-09-30,662000000.0,683000000.0,0.0,1.15,0.0,0.0,79968000000.0,10720000000.0,0.0,0.0,69248000000.0,0.0,-5661000000.0,7695012000.0,7030012000.0,19.37816341287057,0.0,0.0024009603841536613,0.01791044776119403,0.0,19.37816341287057,0.06175373134328358,11.266489019033674,2.9059712990936557,0.7178182835820895,0.3368580060422961,0.0,0.02897981185734343,0.008540916366546619,0.0,0.008278311324529813,13.716598930481283,0.0,-0.07258064516129038,1.6575089754968648,1.683767518226324,-0.18954723003891483,0.0,-0.07799442896935933,0.0,0.5259684278122454,0.4860439948550168,-0.1960850646486296,REIT—Mortgage,Real Estate,AGNC
2020Q2,2020,Q2,2020-08-07,2020-06-30,718000000.0,742000000.0,0.0,1.24,0.0,0.0,89853000000.0,10350000000.0,0.0,79299000000.0,79503000000.0,0.0,-6100000000.0,7227870000.0,6572870000.0,18.472247010530072,0.0,0.0022703749457447164,0.01971014492753623,0.0,18.472247010530072,0.0693719806763285,9.741064690026954,2.51666782729805,0.6983449275362319,0.34540389972144847,0.0,0.03431162984392359,0.00825793240069892,0.016998953328541344,0.007990829465905423,16.848181818181818,0.0,1.2780269058295965,-0.11874846622345164,-0.10157474818231495,-0.25394836288051864,0.0,1.2965716646014043,0.0,17.495686834433936,10.468356237729788,-0.17381712531341287,REIT—Mortgage,Real Estate,AGNC
2020Q1,2020,Q1,2020-05-11,2020-03-31,-2421000000.0,-2398000000.0,0.0,-4.46,0.0,0.0,85137000000.0,9798000000.0,0.0,75125000000.0,75339000000.0,0.0,-6592000000.0,5797840000.0,4722840000.0,17.87956204379562,0.0,0.002513595733934717,0.02184119208001633,0.0,17.87956204379562,-0.24709124311083894,-2.4177814845704755,-0.5987030152829409,0.591737089201878,-0.1144155307724081,0.0,0.0477764132849475,-0.028166367149417997,0.017158069883527454,-0.028436519961943692,16.708472622478386,0.0,-3.8589743589743586,-5.1850364963503655,-5.2756987715862556,-0.32578992207662516,0.0,-3.779563719862227,0.0,-20.241043987706494,-16.574483949454518,-0.1884071535249109,REIT—Mortgage,Real Estate,AGNC
2019Q4,2019,Q4,2020-02-25,2019-12-31,871000000.0,896000000.0,0.0,1.56,0.0,0.0,113082000000.0,11041000000.0,112556000000.0,99488000000.0,102041000000.0,0.0,-3886000000.0,9571952000.0,8968952000.0,20.393424455116364,1.1313525249276295,0.002016236005730355,0.020650303414545785,0.0,20.393424455116364,0.07888778190381306,10.682982142857142,2.747402985074627,0.8669461099538086,0.3168771526980482,0.0,0.028834244049698535,0.007923453776905254,0.008352766162753296,0.0077023752675049965,25.662069705093835,0.0,214.096,2.7626764748397874,2.8418704165739253,-0.23686888547252297,0.0,218.75,0.0,-0.4774188823872104,-0.4712407272436826,-0.08235134656830932,REIT—Mortgage,Real Estate,AGNC
2019Q3,2019,Q3,2019-11-05,2019-09-30,-4000000.0,15000000.0,0.0,-0.007320644216691069,0.0,0.0,109761000000.0,10213000000.0,28124000000.0,96785000000.0,99548000000.0,0.0,-4473000000.0,8791576000.0,8123576000.0,18.69143484626647,0.29058221831895437,0.0021683475915853538,0.023303632625085675,0.0,18.69143484626647,-0.0003916576911779105,586.1050666666666,-549.4735,0.8608220894937825,-69.0,0.0,0.0313936886856236,0.00013666056249487523,0.010445833548587075,-3.644281666530006e-05,36.17932510288066,0.0,0.9913874773921281,-1.0131102704550692,-0.952053404461969,-0.2952508054116906,0.0,0.990990990990991,0.0,-1.0047419437098333,-0.9827248105818103,-0.21991363836663697,REIT—Mortgage,Real Estate,AGNC
2019Q2,2019,Q2,2019-08-05,2019-06-30,-444000000.0,-424000000.0,0.0,-0.85,0.0,0.0,106576000000.0,10346000000.0,31613000000.0,95979000000.0,96230000000.0,0.0,-4194000000.0,9018906000.0,8399906000.0,19.237634808478987,0.32937413392512943,0.002355126857829155,0.02426058380050261,0.0,19.237634808478987,-0.042915136284554414,-21.271004716981132,-5.078212837837838,0.8717287840711386,-0.6509009009009009,0.0,0.032043797773255424,-0.003978381624380724,0.016138947061336333,-0.00416604113496472,38.37832340425532,0.0,-2.808510638297872,-10.10208255857196,-8.31964533870936,-0.2938260784068893,0.0,-2.6754716981132076,0.0,-1.0242138754596917,-1.1746622040411554,-0.17324628387346866,REIT—Mortgage,Real Estate,AGNC
2019Q1,2019,Q1,2019-05-03,2019-03-31,265000000.0,284000000.0,0.0,0.47,0.0,0.0,118807000000.0,10501000000.0,44208000000.0,108040000000.0,108306000000.0,0.0,-3467000000.0,9741105000.0,9078105000.0,19.56586547419415,0.4091817845242503,0.0022389253158483927,0.025330920864679553,0.0,19.56586547419415,0.02523569183887249,34.29966549295774,9.189721698113207,0.9276359394343394,1.1245283018867924,0.0,0.03059201189187469,0.002390431540229111,0.012661977045538689,0.002230508303382797,29.60822188449848,0.0,1.2919254658385093,2.2424495901536448,2.390710031813069,-0.2123928896932057,0.0,1.3296019900497513,0.0,1.2138765879762239,1.2310065232800196,-0.1458452461396183,REIT—Mortgage,Real Estate,AGNC
2018Q4,2018,Q4,2019-02-22,2018-12-31,-804000000.0,-785000000.0,0.0,-1.61,0.0,0.0,109241000000.0,9906000000.0,22734000000.0,99060000000.0,99335000000.0,0.0,-3433000000.0,8843668000.0,8197668000.0,19.646965489884966,0.22949727437916415,0.0025173698519786528,0.027760952957803352,0.0,19.646965489884966,-0.08116293155663235,-11.265819108280255,-2.749896766169154,0.8927587320815666,-0.3420398009950249,0.0,0.031095694682342218,-0.0071859466683754265,0.014233797698364628,-0.007359874039966679,32.39438827838828,0.0,-4.5777777777777775,-4.947877826259421,-5.452576138216757,-0.15737402233792205,0.0,-4.722222222222222,0.0,-1.9263897546325155,-1.896871005309197,-0.15802240479930948,REIT—Mortgage,Real Estate,AGNC
2018Q3,2018,Q3,2018-11-05,2018-09-30,216000000.0,261000000.0,0.0,0.45,0.0,0.0,92031000000.0,9627000000.0,17380000000.0,82113000000.0,82404000000.0,0.0,-2343000000.0,8603403000.0,7823403000.0,20.82414016872161,0.21165954233799764,0.003161978029142354,0.03022748519788096,0.0,20.82414016872161,0.02243689622935494,32.96322988505747,9.95764236111111,0.8936743533811156,1.1666666666666667,0.0,0.02929073530555293,0.002836000912735926,0.019424451670259277,0.0023470352381262834,20.007913953488373,0.0,-0.3571428571428571,1.2603419051859726,1.3177527972217598,-0.1771462670811674,0.0,-0.2627986348122867,0.0,1.2567176481081097,1.3126702405998256,-0.1290721560027206,REIT—Mortgage,Real Estate,AGNC
2018Q2,2018,Q2,2018-08-06,2018-06-30,293000000.0,311000000.0,0.0,0.7,0.0,0.0,73138000000.0,9042000000.0,42157000000.0,63783000000.0,64096000000.0,0.0,-2299000000.0,7527091000.0,6977091000.0,22.331439861694246,0.6609441387203486,0.004279581065930159,0.03461623534616235,0.0,22.331439861694246,0.032404335324043354,24.20286495176849,6.422432593856656,0.8324586374695864,0.7747440273037542,0.0,0.03015773291434898,0.004252235500013673,0.014016273928789803,0.004006125406765293,61.697467213114756,0.0,-0.33962264150943405,-0.8431661571662931,-0.8343464486052387,-0.13889272751210122,0.0,-0.3089622641509434,0.0,-0.5023592823845394,-0.47891175108771117,-0.09808442586573247,REIT—Mortgage,Real Estate,AGNC
2018Q1,2018,Q1,2018-05-07,2018-03-31,424000000.0,442000000.0,0.0,1.06,0.0,0.0,69221000000.0,8338000000.0,42608000000.0,60547000000.0,60883000000.0,0.0,-2358000000.0,7403396000.000001,6767396000.000001,21.30845898287759,0.703717772969759,0.004854018289247483,0.040297433437275126,0.0,21.30845898287759,0.050851523147037656,16.749764705882356,4.365209905660378,0.887910290237467,0.5188679245283019,0.0,0.029716092452706837,0.006385345487641034,0.0160536442763473,0.006125308793574204,25.706236111111114,0.0,0.10416666666666677,0.6708518502538435,0.6094086378737543,-0.3480438850969767,0.0,0.1012987012987013,0.0,2.516994633273703,2.6199659671015314,-0.196491627922273,REIT—Mortgage,Real Estate,AGNC
2017Q4,2017,Q4,2018-02-26,2017-12-31,385000000.0,405000000.0,0.0,0.96,0.0,0.0,70376000000.0,8754000000.0,45660000000.0,61265000000.0,61622000000.0,0.0,-2562000000.0,7900347000.000001,7211347000.000001,22.37158190646563,0.7452868685219947,0.005072752074570876,0.040781357093899934,0.0,22.37158190646563,0.0439798949051862,19.50702962962963,5.1300954545454545,0.9024842357779301,0.5584415584415584,0.0,0.027213994524544302,0.005754802773672843,0.017073369786990943,0.005470614982380357,24.308760000000003,0.0,0.29729729729729726,-0.5871502970117944,-0.5322517749090528,-0.3012987038573557,0.0,0.34615384615384615,0.0,2.0780119779108657,2.1518992342116103,-0.16284534401770534,REIT—Mortgage,Real Estate,AGNC
2017Q3,2017,Q3,2017-11-03,2017-09-30,286000000.0,303000000.0,0.0,0.74,0.0,0.0,65490000000.0,8791000000.0,45796000000.0,56319000000.0,56699000000.0,0.0,-2729000000.0,7906696000.0,7188696000.0,24.104743624897175,0.8131536426428027,0.005802412582073599,0.04322602661813218,0.0,24.104743624897175,0.0325332726652258,26.094706270627064,6.911447552447552,0.8994080309407348,0.7097902097902098,0.0,0.025674441005446524,0.0046266605588639485,0.028746959285498676,0.00436707894335013,30.88553125,0.0,13.799999999999999,2.034695608368777,1.110662952086521,-0.2883829789438676,0.0,10.916666666666666,0.0,0.4044058185644553,0.4510556621880997,-0.09114528685863804,REIT—Mortgage,Real Estate,AGNC
2017Q2,2017,Q2,2017-08-03,2017-06-30,24000000.0,40000000.0,0.0,0.05,0.0,0.0,56711000000.0,7745000000.0,45641000000.0,48561000000.0,48966000000.0,0.0,-2800000000.0,7374856000.0,6657856000.0,22.35854503464203,0.9398694425567843,0.007141471672162367,0.052291801162040026,0.0,22.35854503464203,0.0030987734021949644,184.3714,76.82141666666666,0.9522086507424145,7.958333333333333,0.0,0.02589881077000012,0.0007053305355222091,0.030374168571487406,0.00042319832131332546,25.51853287197232,0.0,-0.7619047619047619,1.0799023121233842,1.1524452007617196,-0.2633622969103272,0.0,-0.6842105263157895,0.0,-0.23614318706697465,0.07207973744986014,-0.17926389676186566,REIT—Mortgage,Real Estate,AGNC
2017Q1,2017,Q1,2017-05-08,2017-03-31,76000000.0,93000000.0,0.0,0.21,0.0,0.0,56838000000.0,7292000000.0,49101000000.0,49112000000.0,49546000000.0,0.0,-2628000000.0,6583590000.0,5944590000.0,22.03021148036254,0.9997760221534452,0.007635736655054717,0.059517279210093255,0.0,22.03021148036254,0.010422380691168404,70.79129032258065,21.65654605263158,0.9028510696653868,2.4473684210526314,0.0,0.028252063084122793,0.0016362292832260107,0.03585681707118423,0.0013371336077976001,16.881,0.0,-0.9313725490196079,-0.91367340494224,-0.8990864516593802,-0.3909978244130108,0.0,-0.9254170755642787,0.0,1.5777634933898996,1.7384222893588452,-0.11319275774533369,REIT—Mortgage,Real Estate,AGNC
2016Q4,2016,Q4,2017-02-27,2016-12-31,1019000000.0,1036000000.0,0.0,3.06,0.0,0.0,56880000000.0,7356000000.0,54941000000.0,49064000000.0,49524000000.0,0.0,-2518000000.0,6001030000.0,8290030000.0,22.22356495468278,1.1197823251263657,0.061480309423347396,0.47539423599782493,0.0,22.22356495468278,0.13852637302882,5.7925,1.472284102060844,0.8158007069059271,0.18351324828263002,0.0,0.031161317307195596,0.01821378340365682,0.025048915701940323,0.017914908579465542,18.57904024767802,0.0,1.013157894736842,2.1013977351218296,1.7619173105805555,-0.2477556937870591,0.0,0.9941291585127201,0.0,12.482990936555892,13.971735481705272,-0.046867916741787294,REIT—Mortgage,Real Estate,AGNC
2016Q3,2016,Q3,2016-11-07,2016-09-30,511000000.0,526000000.0,0.0,1.52,0.0,0.0,55889000000.0,7931000000.0,53688000000.0,47464000000.0,47958000000.0,0.0,-3350000000.0,6467740000.0,8744740000.0,23.9607250755287,1.1311309624136188,0.06317880083737408,0.44521497919556174,0.0,23.9607250755287,0.06443071491615181,12.296083650190115,3.164256360078278,0.8155011978312949,0.38943248532289626,0.0,0.030768089007906937,0.009411512104349692,0.031223664250800608,0.009143122975898657,18.966979472140764,0.0,4.534883720930233,0.11423059889278975,0.05207125385058586,-0.12346606344389353,0.0,4.785185185185185,0.0,1.860215229861527,1.89439738109127,-0.053205946939655045,REIT—Mortgage,Real Estate,AGNC
2016Q2,2016,Q2,2016-08-05,2016-06-30,-135000000.0,-120000000.0,0.0,-0.43,0.0,0.0,60475000000.0,7702000000.0,58231000000.0,52245000000.0,52773000000.0,0.0,-3669000000.0,6560420000.0,8994420000.0,23.268882175226587,1.1145755574696143,0.05894997933030178,0.4628667878473124,0.0,23.268882175226587,-0.01752791482731758,-54.67016666666667,-12.148925925925926,0.85178135549208,-1.5185185185185186,0.0,0.031247999365894254,-0.0019842910293509713,0.021648004593741027,-0.002232327408019843,20.12398773006135,0.0,0.8154506437768241,-1.2992409055921055,-1.2428203279489842,-0.36444499953413184,0.0,0.8251295336787565,0.0,-1.0883945959606804,-1.0781882316586069,-0.10274466009145729,REIT—Mortgage,Real Estate,AGNC
2016Q1,2016,Q1,2016-05-05,2016-03-31,-772000000.0,-766000000.0,0.0,-2.33,0.0,0.0,62396000000.0,7660000000.0,59976000000.0,54174000000.0,54736000000.0,0.0,-3329000000.0,6229872000.0,8719872000.0,22.906698564593302,1.1070993465500056,0.05767997948586448,0.46984334203655354,0.0,22.906698564593302,-0.10078328981723238,-8.132992167101827,-2.0174455958549222,0.8132992167101827,-0.2694300518134715,0.0,0.03338752385281753,-0.012276427976152318,0.02047107468527338,-0.012372587986409386,17.209591160220995,0.0,-2.3705882352941177,-2.5611221688822554,-2.430603280341531,-0.3815022010228032,0.0,-2.312925170068027,0.0,-4.5598603947886245,-4.263746411483253,-0.29914395905272856,REIT—Mortgage,Real Estate,AGNC
2015Q4,2015,Q4,2016-02-23,2015-12-31,588000000.0,593000000.0,0.0,1.7,0.0,0.0,57021000000.0,7971000000.0,54943000000.0,48455000000.0,49050000000.0,0.0,-2350000000.0,5923344000.0,9161344000.0,23.334309133489462,1.1338974306057166,0.07625260868802722,0.5454773554133735,0.0,23.334309133489462,0.07376740684983063,9.988775716694771,2.5184285714285717,0.7431117802032366,0.3622448979591837,0.0,0.03595941751821268,0.010399677311867557,0.022907852646785676,0.010311990319356026,16.545653631284917,0.0,1.9239130434782608,0.12573371578367482,0.08185595322973185,0.3403916456267889,0.0,1.9289099526066351,0.0,-0.2777283661134806,-0.21548038913821682,-0.2712311492174685,REIT—Mortgage,Real Estate,AGNC
2015Q3,2015,Q3,2015-11-06,2015-09-30,-633000000.0,-628000000.0,0.0,-1.84,0.0,0.0,60609000000.0,8316000000.0,57422000000.0,51667000000.0,52293000000.0,0.0,-2727000000.0,6503860000.0,9126860000.0,23.9102932719954,1.111386378152399,0.06810869672820868,0.4963924963924964,0.0,23.9102932719954,-0.07611832611832611,-10.356464968152867,-2.5686650868878353,0.7820899470899471,-0.3412322274881517,0.0,0.03321104697825599,-0.010361497467372832,0.03197398726459829,-0.010443993466316883,32.682713567839194,0.0,-2.2867132867132867,-2.076186250135216,-1.987519904580816,-0.07047751240138576,0.0,-2.236328125,0.0,-8.043021249849552,-5.587140982138545,-0.2941235162849224,REIT—Mortgage,Real Estate,AGNC
2015Q2,2015,Q2,2015-08-05,2015-06-30,512000000.0,519000000.0,0.0,1.43,0.0,0.0,62885000000.0,8718000000.0,55998000000.0,53493000000.0,54167000000.0,0.0,-1879000000.0,6468077000.0,5632077000.0,24.760011360408974,1.046828557007459,0.01071797726007792,0.07731130993347098,0.0,24.760011360408974,0.05872906629961,12.462576107899807,3.1582407226562506,0.7419221151640285,0.455078125,0.0,0.03602307146312575,0.00825316053112825,0.03235937412371712,0.0081418462272402,14.341634146341464,0.0,2.9589041095890414,0.17851868040302793,0.0750193672173985,-0.06662915417369754,0.0,3.0317460317460316,0.0,2.676987881142265,2.945955843884064,-0.1842421826310091,REIT—Mortgage,Real Estate,AGNC
2015Q1,2015,Q1,2015-05-06,2015-03-31,-252000000.0,-246000000.0,0.0,-0.73,0.0,0.0,73105000000.0,9356000000.0,65838000000.0,63024000000.0,63749000000.0,0.0,-2166000000.0,7525223999.999999,6542223999.999999,26.519274376417233,1.0446496572734196,0.009917242322686547,0.0774903805044891,0.0,26.519274376417233,-0.026934587430525864,-30.59034146341463,-7.4655,0.8043206498503633,-0.9523809523809523,0.0,0.03189273834240682,-0.0033650229122495043,0.04150799695354151,-0.0034470966418165654,17.917199999999998,0.0,0.2234042553191489,-1.3360032253729337,-1.307928417326482,0.0814130665648653,0.0,0.21739130434782608,0.0,-1.2685535992868286,-1.2504384764337926,-0.2669023715626803,REIT—Mortgage,Real Estate,AGNC
2014Q4,2014,Q4,2015-02-25,2014-12-31,-322000000.0,-317000000.0,0.0,-0.94,0.0,0.0,67766000000.0,9428000000.0,63284000000.0,57577000000.0,58338000000.0,0.0,-1674000000.0,7701623999.999999,6742623999.999999,26.723356009070294,1.0991194400541884,0.011229820263849128,0.08071701315231226,0.0,26.723356009070294,-0.03415358506576156,-24.295343848580437,-5.979521739130434,0.8168884174798472,-1.2142857142857142,0.0,0.0507685132382469,-0.004677862054717705,0.034024002639943034,-0.004751645367883599,23.48056097560975,0.0,-2.7407407407407405,-1.560711740774153,-1.5028978303506042,0.2218552782052943,0.0,-2.6345177664974617,0.0,-1.9194721309984302,-1.7928838942275527,-0.09544249800981343,REIT—Mortgage,Real Estate,AGNC
2014Q3,2014,Q3,2014-11-06,2014-09-30,197000000.0,202000000.0,0.0,0.54,0.0,0.0,62348000000.0,9357000000.0,58282000000.0,52195000000.0,52991000000.0,0.0,-1112000000.0,7497000000.0,6585000000.0,26.522108843537413,1.1166203659354343,0.012767049464297171,0.0850700010687186,0.0,26.522108843537413,0.021053756545901463,37.113861386138616,9.513959390862944,0.8012183392112857,1.1928934010152283,0.0,0.031345871682006136,0.0032398793866683776,0.05006226650062266,0.0031596843523449027,20.709944751381215,0.0,5.75,-0.6926951090111536,-0.709451264836503,0.06149688641052064,0.0,5.15625,0.0,-0.5969862866039969,-0.6209380460123581,-0.02976523468656298,REIT—Mortgage,Real Estate,AGNC
2014Q2,2014,Q2,2014-08-07,2014-06-30,32000000.0,38000000.0,0.0,0.08,0.0,0.0,66854000000.0,9611000000.0,61495000000.0,56399000000.0,57243000000.0,0.0,-1073000000.0,8259048000.0,7356048000.0,27.24206349206349,1.0903562119895742,0.01262452508451252,0.08781604411611695,0.0,27.24206349206349,0.003329518260326709,217.34336842105265,64.5238125,0.8593328477785871,7.28125,0.0,0.02821148393858469,0.0005684027881652556,0.06416780439369492,0.0004786549795075837,18.60145945945946,0.0,1.1951219512195121,-0.9551802103528189,-0.9508175403287716,0.31249430135984,0.0,1.2269503546099292,0.0,-0.9334517579568409,-0.9278582273964872,-0.25592344552662105,REIT—Mortgage,Real Estate,AGNC
2014Q1,2014,Q1,2014-05-09,2014-03-31,-141000000.0,-135000000.0,0.0,-0.41,0.0,0.0,67318000000.0,8814000000.0,64356000000.0,57630000000.0,58504000000.0,0.0,-870000000.0,7624651999.999999,6772651999.999999,24.84216459977452,1.1167100468505986,0.012983154579755785,0.09916042659405491,0.0,24.84216459977452,-0.015997277059223963,-56.47890370370369,-13.518886524822696,0.8650614930791921,-1.6666666666666667,0.0,0.03082107878497275,-0.0020054071719302416,0.04381398577129967,-0.0020945363795715857,15.6242868852459,0.0,-0.4642857142857141,-1.3654653208142713,-1.3055048073934759,0.2895597295019666,0.0,-0.41,0.0,-1.2687332230946204,-1.2376330668686146,-0.3292431869453654,REIT—Mortgage,Real Estate,AGNC
2013Q4,2013,Q4,2014-02-27,2013-12-31,-100000000.0,-90000000.0,0.0,-0.28,0.0,0.0,76255000000.0,8697000000.0,69528000000.0,66648000000.0,67558000000.0,0.0,-497000000.0,7195170000.0,5962170000.0,23.316353887399465,1.0432120993878287,0.011933643695495377,0.10463378176382661,0.0,23.316353887399465,-0.011498217776244683,-79.94633333333333,-17.987924999999997,0.8273163159710244,-3.13,0.0,0.04350140441435019,-0.0011802504753786636,0.0419367422878406,-0.0013113894170874042,7.074896755162242,0.0,0.8444444444444444,-1.3671884332706012,-1.2764514932066653,0.3548090393257899,0.0,0.8573466476462197,0.0,-1.1753344993305352,-1.1503717609198236,0.33936024325200576,REIT—Mortgage,Real Estate,AGNC
2013Q3,2013,Q3,2013-11-07,2013-09-30,-701000000.0,-694000000.0,0.0,-1.8,0.0,0.0,97271000000.0,9885000000.0,88506000000.0,86650000000.0,87386000000.0,0.0,-160000000.0,8819748000.0,7426748000.0,25.307219662058372,1.0214195037507212,0.007566489498411654,0.07445624683864441,0.0,25.307219662058372,-0.07091552857865453,-12.70857060518732,-3.145416547788873,0.8922355083459786,-0.5991440798858774,0.0,0.04762040820213911,-0.007134706130295772,0.04542412002308136,-0.007206670024981752,18.685906779661018,0.0,-1.3904555314533622,-2.4243451594996572,-2.2548359899252004,0.4172536188906499,0.0,-1.3832695462001094,0.0,-2.0612045066799514,-1.9717242109655169,-0.01617142429479166,REIT—Mortgage,Real Estate,AGNC
2013Q2,2013,Q2,2013-08-08,2013-06-30,1829000000.0,1838000000.0,0.0,4.61,0.0,0.0,98663000000.0,10280000000.0,89098000000.0,0.0,88383000000.0,0.0,852000000.0,9037920000.0,6897920000.0,25.93340060544904,0.0,0.007936105733659021,0.07616731517509727,0.0,25.93340060544904,0.1779182879377432,4.917257889009793,1.2353635866593766,0.8791750972762646,0.2728266812465828,0.0,0.055211818648538594,0.01862907067492373,0.0,0.018537851068789718,18.295384615384616,0.0,6.203125,11.470341042651732,9.171489440387845,0.4717559855548748,0.0,6.917748917748917,0.0,2.7394918803388624,2.381635678158038,-0.022396245869068892,REIT—Mortgage,Real Estate,AGNC
2013Q1,2013,Q1,2013-05-09,2013-03-31,231000000.0,250000000.0,0.0,0.64,0.0,0.0,93369000000.0,11642000000.0,90896000000.0,0.0,81727000000.0,0.0,-557000000.0,11694046000.0,9730046000.0,32.683885457608085,0.0,0.009232186271674752,0.07404226077993471,0.0,32.683885457608085,0.019841951554715683,46.776184,12.655893939393938,1.0044705377082974,1.8484848484848484,0.0,0.03651430822146587,0.0026775482226434897,0.0,0.0024740545577225845,22.575378378378378,0.0,-0.729957805907173,-0.40361222009404435,-0.4364739656081414,0.6966243952094616,0.0,-0.7151664611590629,0.0,-0.6949369930218788,-0.6900516471494992,0.33279592413726755,REIT—Mortgage,Real Estate,AGNC
2012Q4,2012,Q4,2013-02-27,2012-12-31,811000000.0,753000000.0,0.0,2.37,0.0,0.0,100453000000.0,10896000000.0,98947000000.0,0.0,89557000000.0,0.0,-289000000.0,9834670000.0,8341670000.0,32.018806935057306,0.0,0.009327745313728809,0.08599486049926579,0.0,32.018806935057306,0.0744309838472834,13.060650730411687,3.0316491985203453,0.9025945301027899,0.531442663378545,0.0,0.04382455130675457,0.007496042925547271,0.0,0.008073427373995799,15.414843260188087,0.0,8.48,2.2640494454791855,1.535235395091353,0.8604696632043246,0.0,8.430232558139535,0.0,0.46410175018839184,0.23846033954464865,0.4639758659861942,REIT—Mortgage,Real Estate,AGNC
2012Q3,2012,Q3,2012-11-08,2012-09-30,86000000.0,131000000.0,0.0,0.25,0.0,0.0,102177000000.0,11273000000.0,98346000000.0,2319000000.0,90904000000.0,0.0,-672000000.0,11531520000.0,9970520000.0,33.87319711538461,42.408796895213456,0.009865233858891922,0.08941719151956001,0.0,33.87319711538461,0.007628847689168811,88.02687022900763,33.521860465116276,1.0229326709837665,4.465116279069767,0.0,0.0333000333000333,0.001282088924121867,5.005174644243208,0.0008416766982784775,19.315778894472363,0.0,1.284090909090909,-0.7949099463856205,-0.7219981328883276,0.8969650493510793,0.0,1.3295019157088122,0.0,-0.8577844921949069,-0.8002512021714301,0.35571019193339865,REIT—Mortgage,Real Estate,AGNC
2012Q2,2012,Q2,2012-08-09,2012-06-30,-261000000.0,-228000000.0,0.0,-0.88,0.0,0.0,84782000000.0,9136000000.0,80745000000.0,3152000000.0,75646000000.0,0.0,-328000000.0,10116610000.0,8971610000.0,30.35215946843854,25.617068527918782,0.011252388478686514,0.10442206654991243,0.0,30.35215946843854,-0.02856830122591944,-44.37109649122807,-9.690239463601532,1.1073347197898422,-1.0957854406130267,0.0,0.02827033957027107,-0.002689250076667217,1.9828680203045685,-0.003078483640395367,16.47656351791531,0.0,-1.330827067669173,-3.343539527271343,-2.6616557041105295,0.722526600032715,0.0,-1.4071762870514821,0.0,-1.4284719774236048,-1.3458785070832433,0.4623354926067379,REIT—Mortgage,Real Estate,AGNC
2012Q1,2012,Q1,2012-05-10,2012-03-31,641000000.0,671000000.0,0.0,2.66,0.0,0.0,88417000000.0,8718000000.0,85778000000.0,4902000000.0,79699000000.0,0.0,317000000.0,7119140000.0,5407140000.0,36.17427385892116,17.49857201142391,0.0005655021093228678,0.005735260380821289,0.0,36.17427385892116,0.07352603808212893,10.609746646795827,2.776575663026521,0.8166024317504015,0.48985959438377535,0.0,0.04410645106009996,0.007589038307112886,1.4445124439004489,0.007249737041519165,15.08292372881356,0.0,1.686868686868687,1.445972997373918,1.2354932810822405,0.877810873729733,0.0,2.0711883246931206,0.0,1.445972997373918,1.2354932810822405,0.877810873729733,REIT—Mortgage,Real Estate,AGNC
2011Q4,2011,Q4,2012-02-23,2011-12-31,208714000.0,238278000.0,0.0,0.99,0.0,0.0,57972297000.0,6211803000.0,56633867000.0,1973551000.0,51760494000.0,0.0,-37922000.0,5904185040.0,4591351040.0,29.543015176231673,28.696429431010397,0.0009325316193698517,0.008702948242241423,0.0,29.543015176231673,0.03359958453286429,24.778557147533554,7.0720999070498385,0.9504784746071309,1.2316758818287226,0.0,0.043539963307112066,0.004110204568916771,1.3131426550415977,0.003600236851060085,17.006022892891913,0.0,-0.2877697841726618,0.3595229671788104,0.29839355785981675,0.7166124773619901,0.0,-0.16648096453288924,0.0,0.3595229671788104,0.29839355785981675,0.7166124773619901,REIT—Mortgage,Real Estate,AGNC
2011Q3,2011,Q3,2011-11-07,2011-09-30,250401000.0,272980000.0,0.0,1.39,0.0,0.0,47039429000.0,4940256000.0,43220386000.0,1717140000.0,42099173000.0,0.0,67174000.0,4897647500.0,3970118500.0,27.335764282750034,25.169983810289203,0.001208858211267828,0.011510334687109332,0.0,27.335764282750034,0.05068583490410213,17.94141512198696,4.889804253976622,0.9913752445217414,0.7202806698056318,0.0,0.03682563924823091,0.005803216701461236,2.440188336419861,0.005323215126612188,16.036933771668444,0.0,0.02205882352941162,0.09963179973577709,0.066773775046573,0.5308560708054558,0.0,0.40815534635759354,0.0,0.09963179973577709,0.066773775046573,0.5308560708054558,REIT—Mortgage,Real Estate,AGNC
2011Q2,2011,Q2,2011-08-09,2011-06-30,177822000.0,194791000.0,0.0,1.36,0.0,0.0,43636570000.0,4776646000.0,40443778000.0,3398242000.0,38859924000.0,0.0,73841000.0,3797894370.0,3233801370.0,36.611909525013985,11.901382538383082,0.0014152578903428937,0.012928946377855927,,36.611909525013985,0.037227376699047826,19.49727846769101,5.339460766946721,0.7950964693636497,0.7607663843618899,0.0,0.035620000668949624,0.004463939305953699,1.0105757624089162,0.0040750682283231705,-314.2131521469347,0.0,-0.081081081081081,2.6836900883452333,2.2752232047277685,1.0777759849478044,0.0,0.3315711044382708,0.0,2.6836900883452333,2.2752232047277685,1.0777759849478044,REIT—Mortgage,Real Estate,AGNC
2011Q1,2011,Q1,2011-05-06,2011-03-31,133543000.0,144594000.0,0.0,1.48,0.0,0.0,29154963000.0,3344501000.0,403012000.0,3572445000.0,25810462000.0,0.0,76379000.0,2631458560.0,2398729560.0,37.03602276754075,0.11281125391713519,0.0023270480569637492,0.020285537364168826,,37.03602276754075,0.03992912545100151,18.198947120904048,4.926238290288521,0.7868015467778303,0.679915832353624,0.0,0.03450481849883283,0.004959498662371823,0.20826044907619293,0.004580455135545876,7.0071512146541375,0.0,-0.03267973856209153,0.35995585735817814,0.28561572435702737,0.9225443624333776,0.0,-0.03285776361529548,0.0,0.35995585735817814,0.28561572435702737,0.9225443624333776,REIT—Mortgage,Real Estate,AGNC
2010Q4,2010,Q4,2011-02-25,2010-12-31,138080000.0,144902000.0,0.0,1.53,0.0,0.0,14475829000.0,1572064000.0,0.0,800301000.0,12903765000.0,0.0,78116000.0,2595336960.0,2495005960.0,17.408575478384126,0.0,0.005037846191744874,0.04638933274981171,0.0,17.408575478384126,0.0878335742056303,17.910980938841423,4.698973348783314,1.6509104972825532,0.3950898030127462,0.0,0.021020006589048075,0.010009927583421993,1.0142296460956566,0.00953865923671798,-16.077465108067425,0.0,-0.09467455621301771,1.0942166811015819,0.8384535202328698,0.011534459195439481,0.0,1.3002598787232624,0.0,1.0942166811015819,0.8384535202328698,0.011534459195439481,REIT—Mortgage,Real Estate,AGNC
2010Q3,2010,Q3,2010-11-08,2010-09-30,60028000.0,64901000.0,0.0,1.69,0.0,0.0,10358806000.0,913045000.0,0.0,1303886000.0,9445761000.0,0.0,30835000.0,943102150.0,908658150.0,25.723200450767713,0.0,0.0078022505682604736,0.088519185801357,0.0,25.723200450767713,0.06574484280621437,14.531396280488744,3.9277593373092556,1.032919680848151,0.7850169920703671,0.0,0.04996595543759497,0.006265297371144898,0.41988716804996756,0.005794876359302414,14.598652518497879,0.0,0.37398373983739835,0.3421966741884798,0.2913499280607411,0.44054935370703424,0.0,0.6286287915784904,0.0,0.3421966741884798,0.2913499280607411,0.44054935370703424,REIT—Mortgage,Real Estate,AGNC
2010Q2,2010,Q2,2010-08-06,2010-06-30,36858000.0,40959000.0,0.0,1.23,0.0,0.0,7755487000.0,792430000.0,0.0,0.0,6963057000.0,0.0,25359000.0,789218240.0,7273137240.0,26.527517407605785,0.0,0.0,0.0,,26.527517407605785,0.04651262572088386,19.26849385971337,5.353100005426231,0.9959469479954066,1.016468609257149,0.0,0.04747102651859642,0.005281293102547912,0.0,0.004752506193357039,19.289686659823044,0.0,-0.4225352112676056,2.3347688514092204,2.0078608130631657,0.5054729273858348,0.0,-0.3065286923800564,0.0,2.3347688514092204,2.0078608130631657,0.5054729273858348,REIT—Mortgage,Real Estate,AGNC
2010Q1,2010,Q1,2010-05-03,2010-03-31,53150000.0,56615000.0,0.0,2.13,0.0,0.0,5769989000.0,613119000.0,0.0,0.0,5156870000.0,0.0,35625000.0,640051200.0,5185787200.0,24.52279817614591,0.0,0.0,0.0,,24.52279817614591,0.08668790234848374,11.305328976419677,3.0105888993414864,1.0439265460701757,0.6406396989651929,0.0,0.05319886909047276,0.00981197711122153,0.0,0.009211456035704748,17.63323599096369,0.0,0.3067484662576687,0.9549659128244545,0.8181288243969709,0.2729813803322545,0.0,0.30599307074231513,0.0,0.9549659128244545,0.8181288243969709,0.2729813803322545,REIT—Mortgage,Real Estate,AGNC
2009Q4,2009,Q4,2010-02-24,2009-12-31,40697000.0,44671000.0,0.0,1.63,0.0,0.0,4625684000.0,546822000.0,0.0,0.0,4078862000.0,0.0,19940000.0,663553080.0,4302750080.0,21.871130309575236,0.0,0.0,0.0,,21.871130309575236,0.07442458423399205,14.854224888630208,4.07617932525739,1.2134718061819019,0.6646681573580362,0.0,0.040765389861501355,0.009657166377988639,0.0,0.008798050191063635,19.627683024225753,0.0,-0.10439560439560448,1.22938702522498,1.0470864622305924,0.2708335611468813,0.0,0.3028459839293146,0.0,1.22938702522498,1.0470864622305924,0.2708335611468813,REIT—Mortgage,Real Estate,AGNC
2009Q3,2009,Q3,2009-10-22,2009-09-30,31237000.0,33877000.0,0.0,1.82,0.0,0.0,3680106000.0,429527000.0,0.0,0.0,3250579000.0,0.0,13293000.0,489083950.0,3334457950.0,24.98557384678029,0.0,0.0,0.0,,24.98557384678029,0.0727241826474238,14.437050211057649,3.914299948778692,1.1386570576471329,0.7205237378749559,0.0,0.046018684522360624,0.00920544136500416,0.0,0.008488070724049796,19.140730666875392,0.0,-0.09900990099009899,0.44210752244724344,0.3917573979607207,0.3992408264230787,0.0,0.028683395903312914,0.0,0.44210752244724344,0.3917573979607207,0.3992408264230787,REIT—Mortgage,Real Estate,AGNC
2009Q2,2009,Q2,2009-07-31,2009-06-30,30366000.0,32861000.0,0.0,2.02,0.0,0.0,2803772000.0,311443000.0,0.0,0.0,2492329000.0,0.0,9106000.0,344664850.0,2622438850.0,20.755948017327558,0.0,0.0,0.0,,20.755948017327558,0.09750098733957739,10.488568515869876,2.8375885035895405,1.1066707230536565,0.42000922083909636,0.0,0.037004063512713875,0.011720282533672495,0.0,0.010830409890675846,15.864895281933256,0.0,0.8532110091743118,4.46952811561449,3.804160044875571,0.17792846357176506,0.0,0.861688431120103,0.0,4.46952811561449,3.804160044875571,0.17792846357176506,REIT—Mortgage,Real Estate,AGNC
2009Q1,2009,Q1,2009-05-06,2009-03-31,16311000.0,18682000.0,0.0,1.09,0.0,0.0,2385295000.0,288961000.0,0.0,0.0,2096334000.0,0.0,1247000.0,256650000.0,2051876000.0,19.26406666666667,0.0,0.0,0.0,,19.26406666666667,0.05644706379061534,13.73782250294401,3.933695052418613,0.8881821422268056,1.1039176016185397,0.0,0.07015780245470485,0.007832154932618397,0.0,0.006838147902041467,21.130413304791702,0.0,0.493150684931507,0.0,0.0,0.0,0.0,0.48931701972242514,0.0,0.0,0.0,0.0,REIT—Mortgage,Real Estate,AGNC
2008Q4,2008,Q4,2009-02-17,2008-12-31,10952000.0,13092000.0,0.0,0.73,0.0,0.0,1656325000.0,258151000.0,0.0,0.0,1398174000.0,0.0,-2310000.0,320400000.0,1610388000.0,17.210066666666666,0.0,0.0,0.0,,17.210066666666666,0.042424782394799944,24.47296058661778,7.31373265157049,1.2411340649464848,1.3700693937180424,0.0,0.046832084893882645,0.007904245845471149,0.0,0.0066122288802016515,24.272727272727273,0.0,-0.42063492063492064,0.0,0.0,0.0,0.0,-0.4205597587429237,0.0,0.0,0.0,0.0,REIT—Mortgage,Real Estate,AGNC
2008Q3,2008,Q3,2008-10-31,2008-09-30,18901000.0,21240000.0,0.0,1.26,0.0,0.0,1725459000.0,267862000.0,0.0,0.0,1457597000.0,0.0,4744000.0,259813752.08,1676782752.08,17.856521461463974,0.0,0.0,0.0,,17.856521461463974,0.07056245380083774,12.232285879472693,3.436508016507063,0.9699537526039528,0.0,0.0,0.0,0.012309768009555718,0.0,0.010954186683079691,15.36995693800284,0.0,2.4054054054054053,0.0,0.0,0.0,0.0,2.437170394617203,0.0,0.0,0.0,0.0,REIT—Mortgage,Real Estate,AGNC
2008Q2,2008,Q2,2008-06-30,2008-06-30,5499000.0,6775000.0,0.0,0.37,0.0,0.0,2439767000.0,261882000.0,0.0,0.0,2177885000.0,0.0,848000.0,247306375.68,239464375.68,17.620720323193893,0.0,0.0,0.0,,17.620720323193893,0.020998006735858134,36.50278607822878,11.243243120567376,0.9443427791142576,,0.0,,0.0027769045158820495,0.0,0.002253903753924043,0.0,0.0,0.0,0.0,0.0,0.0,0.0,0.0,0.0,0.0,0.0,0.0,REIT—Mortgage,Real Estate,AGNC
