Year,Date,FillingDate,NetIncome,Revenue,OperatingIncome,EPSDiluted,GrossProfit,GrossProfitRatio,TotalAssets,CommonStockEquity,CurrentAssets,CurrentLiability,TotalLiability,Inventory,RetainedEarnings,EnterpriseValue,bookValuePerShare,currentRatio,debtToAssets,debtToEquity,roic,shareholdersEquityPerShare,roe,priceToSalesRatio,peRatio,pbRatio,payoutRatio,inventoryTurnover,dividendYield,assetTurnover,quickRatio,returnOnAssets,priceToFreeCashFlowsRatio,grossProfitMargin,epsdilutedGrowth,fiveYNetIncomeGrowthPerShare,fiveYRevenueGrowthPerShare,fiveYShareholdersEquityGrowthPerShare,grossProfitGrowth,netIncomeGrowth,operatingIncomeGrowth,threeYNetIncomeGrowthPerShare,threeYRevenueGrowthPerShare,threeYShareholdersEquityGrowthPerShare,Industry,Sector,Price,MarketCap,AvgVolume,Symbol
2022,2022-12-31,2023-02-07,-178931000.0,134036000.0,-182722000.0,-2.37,125266000.0,0.9345698171,454039000.0,341691000.0,392958000.0,86469000.0,112348000.0,20561000.0,-1233363000.0,1201820425.72,4.525699737701176,4.544495715227423,0.064122245005385,0.08520563901302639,-0.4587486067702469,4.525699737701176,-0.5236631927677345,9.232201988421021,-6.915779969485445,3.621539419299894,0.0,0.4265356743349059,0.0,0.29520812088829373,4.012015866958101,-0.39408729206081416,-8.05089962928505,0.9345698170640724,0.5362035225048923,0.208565417101721,0.0,-0.5869156881948373,0.34382509440439407,0.39720789524216993,0.39108295537478716,0.46926124406188463,2.0442308844682002,-0.6449694408882942,Drug Manufacturers—Specialty & Generic,Healthcare,13.4,1052229640,524909,DCPH
2021,2021-12-31,2022-02-08,-296837000.0,96148000.0,-300077000.0,-5.11,93216000.0,0.9695053459,429484000.0,304720000.0,339014000.0,96773000.0,124764000.0,14125000.0,-1054432000.0,511281855.25,5.246165811516274,3.5031878726504293,0.07185599463542297,0.10127658177999475,-0.8103569515011269,5.246165811516274,-0.9741303491730113,5.902190947809626,-1.9117692715193861,1.8623124680034129,0.0,0.20757522123893804,0.0,0.223868642370845,3.1644053609994525,-0.6911479822298386,-2.2994232244300914,0.9695053459250322,-0.08955223880597013,-2.5304668436608426,0.0,1.6726701294983872,1.2267450193492906,-0.13388314208443472,-0.10651941443268557,-0.8112569845832337,0.0,-0.33686812237562386,Drug Manufacturers—Specialty & Generic,Healthcare,13.4,1052229640,524909,DCPH
2020,2020-12-31,2021-02-09,-261788000.0,42087000.0,-271190000.0,-4.69,41862000.0,0.9946539311,642432000.0,543676000.0,584031000.0,69992000.0,98756000.0,5716000.0,-754468000.0,3078744642.7400002,9.746619376474943,8.34425362898617,0.048598139569635386,0.05742574621649659,-0.43952839545347105,9.746619376474943,-0.48151472568220777,75.6390487024497,-12.160300100615766,5.855363567161324,0.0,0.03936319104268719,0.0,0.06551199193066348,8.084152474568523,-0.40749526798166963,-12.993606678966037,0.9946539311426331,-0.04921700223713661,-3.949592619464568,0.0,2.7665266869362566,0.67448,-0.36756762404271104,-0.35104570409413827,-0.5672591607020411,0.0,-0.11037501581951907,Drug Manufacturers—Specialty & Generic,Healthcare,13.4,1052229640,524909,DCPH
2019,2019-12-31,2020-03-09,-191426000.0,25000000.0,-200726000.0,-4.47,25000000.0,1.0,622409000.0,546467000.0,593408000.0,60038000.0,75942000.0,0.0,-487979000.0,2565501169.92,12.747352647683558,9.883873546753723,0.02835916575756456,0.03230021208965958,-0.3435374412369263,12.747352647683558,-0.35029745620504077,106.7268067968,-13.938389612278375,4.882582424775879,0.0,0.0,0.0,0.040166514301689084,9.65348612545388,-0.30755660666860535,-17.29983057828841,1.0,-0.5851063829787234,-3.709370508567566,0.0,3.3103947912722154,0.0,-0.9170589060027641,-0.9282221731236612,-2.0848214656557276,0.0,2.6344819558420682,Drug Manufacturers—Specialty & Generic,Healthcare,13.4,1052229640,524909,DCPH
2018,2018-12-31,2019-03-14,-99854000.0,0.0,-104099000.0,-2.82,0.0,0.0,315559000.0,279981000.0,301037000.0,22743000.0,35578000.0,0.0,-295723000.0,461723175.1999999,7.911195327104917,13.236468363892186,0.04005906977775947,0.045149492286976615,-0.3424658435564153,7.911195327104917,-0.3566456295248606,0.0,-7.439323163819176,2.6532020929991673,0.0,0.0,0.0,0.0,12.91667765905993,-0.31643527834731383,-8.450268180370387,0.0,0.05685618729097002,-1.975670842450119,0.0,2.433865131188769,0.0,-0.9858006522949646,-1.0437616570138413,-1.975670842450119,0.0,2.433865131188769,Drug Manufacturers—Specialty & Generic,Healthcare,13.4,1052229640,524909,DCPH
2017,2017-12-31,2018-03-28,-50284000.0,0.0,-50935000.0,-2.99,0.0,0.0,199095000.0,183973000.0,198182000.0,13815000.0,15122000.0,0.0,-195869000.0,185405697.93,10.955874160226616,14.345421643141513,0.007438659936211356,0.008050094307316834,-0.27465031759897335,10.955874160226616,-0.27332271583330164,0.0,-7.570573103372843,2.069209601028412,0.0,0.0,0.0,0.0,14.242055736518278,-0.2525628468821417,-10.258669233857928,0.0,-1.0620689655172415,-2.15812007584466,0.0,2.985698151860668,0.0,-0.938473400154202,-0.9713213096988931,-2.15812007584466,0.0,2.985698151860668,Drug Manufacturers—Specialty & Generic,Healthcare,13.4,1052229640,524909,DCPH
2016,2016-12-31,2016-12-31,-25940000.0,0.0,-25838000.0,-1.45,0.0,0.0,58945000.0,-139760000.0,58252000.0,4557000.0,198705000.0,0.0,-145585000.0,260498653.54999995,-7.79901705376506,12.782971253017337,0.02829756552718636,-0.011934745277618775,0.1871071459606639,-7.79901705376506,0.18560389238694905,0.0,-12.193201755975327,-2.263105706568403,0.0,0.0,0.0,0.0,12.609392143954356,-0.4400712528628382,-13.567179408484535,0.0,-0.529234212238725,-0.5266266009227589,0.0,-0.4135333724635242,0.0,-0.3090431974162293,-0.4672345258375923,-0.5266266009227589,0.0,-0.4135333724635242,Drug Manufacturers—Specialty & Generic,Healthcare,13.4,1052229640,524909,DCPH
2015,2015-12-31,2015-12-31,-19816000.0,0.0,-17610000.0,-0.948187,0.0,0.0,26790000.0,-115307000.0,26383000.0,3050000.0,142097000.0,0.0,-119645000.0,344953261.25,-5.5173915279926025,8.65016393442623,0.0696528555431131,-0.016182885687772642,0.15523487980536138,-5.5173915279926025,0.17185426730380637,0.0,-18.614466151090028,-3.198975441647081,0.0,0.0,0.0,0.0,8.451475409836066,-0.739678984695782,-27.50460526806353,0.0,0.0,0.0,0.0,0.0,0.0,0.0,0.0,0.0,0.0,0.0,Drug Manufacturers—Specialty & Generic,Healthcare,13.4,1052229640,524909,DCPH
TTM,,,,,,,,,,,,,,,,965915640.0,5.322955615604236,5.674436618879077,0.051588378544276246,0.06435816798611174,-0.3636697066658643,5.322955615604236,-0.4430967818004027,7.610623906030754,-6.408669876786024,2.5173984093945703,0.0,0.34769664681917894,0.0,0.2518273502374235,5.017959076662734,-0.31487070574970993,-6.901993663620919,0.9358011832949992,,,,,,,,,,,Drug Manufacturers—Specialty & Generic,Healthcare,13.4,1052229640,524909,DCPH
