Quarters,Year,Quarter,FillingDate,Date,NetIncome,Revenue,OperatingIncome,EPSDiluted,GrossProfit,GrossProfitRatio,TotalAssets,CommonStockEquity,CurrentAssets,CurrentLiability,TotalLiability,Inventory,RetainedEarnings,MarketCap,EnterpriseValue,bookValuePerShare,currentRatio,debtToAssets,debtToEquity,roic,shareholdersEquityPerShare,roe,priceToSalesRatio,peRatio,pbRatio,payoutRatio,inventoryTurnover,dividendYield,assetTurnover,quickRatio,returnOnAssets,priceToFreeCashFlowsRatio,grossProfitMargin,epsdilutedGrowth,fiveYNetIncomeGrowthPerShare,fiveYRevenueGrowthPerShare,fiveYShareholdersEquityGrowthPerShare,grossProfitGrowth,netIncomeGrowth,operatingIncomeGrowth,threeYNetIncomeGrowthPerShare,threeYRevenueGrowthPerShare,threeYShareholdersEquityGrowthPerShare,Industry,Sector,Symbol
2023Q4,2023,Q4,2023-06-12,2023-03-31,-5116000.0,21629000.0,-2412000.0,-0.16,4741000.0,0.2191964492,71579000.0,33249000.0,50361000.0,24454000.0,38330000.0,18205000.0,-91421000.0,65556692.10999999,59584692.10999999,1.0295740652494616,2.059417682178785,0.13998519118735941,0.30136244699088693,-0.056238971603575896,1.0295740652494616,-0.1538692893019339,3.030962694068149,-3.203513101544175,1.9716891368161444,0.0,0.9276572370227959,0.0,0.30216963075762443,1.2693219923120962,-0.07147347685773761,22.267898135190215,0.2191964492117065,0.7866666666666666,-2.1353348523901072,0.2870598929913256,0.27179846213181635,-0.00836645053336122,0.7873560829627166,0.07052023121387284,-8.02764648181472,-0.21727470033402432,0.003842012032736193,Electrical Equipment & Parts,Industrials,OESX
2023Q3,2023,Q3,2023-02-09,2022-12-31,-24059000.0,20288000.0,-2595000.0,-0.75,4781000.0,0.2356565457,68327000.0,38153000.0,46589000.0,22063000.0,30174000.0,19305000.0,-86305000.0,58326914.1,55207914.1,1.1905046078890706,2.1116348637991207,0.073514130577956,0.13165412942625743,-0.30977165918131233,1.1905046078890706,-0.6305926139490997,2.8749464757492116,-0.60608207011929,1.5287635074568184,0.0,0.8032634032634033,0.0,0.296925080861153,1.1302633368082309,-0.3521155619301301,49.72456445012788,0.2356565457413249,-9.080645161290324,-14.145358686526528,0.06015934790367104,0.39686294358001645,0.07801578354002255,-9.32132132132132,0.005747126436781609,-10.854504142027764,-0.4409752711044683,0.145904351958085,Electrical Equipment & Parts,Industrials,OESX
2023Q2,2023,Q2,2022-11-08,2022-09-30,-2331000.0,17560000.0,-2610000.0,-0.0744,4435000.0,0.2525626424,81185000.0,60975000.0,44799000.0,12293000.0,20210000.0,16849000.0,-62246000.0,48874846.800000004,41381846.800000004,1.9462158191358259,3.644269096233629,0.06192030547514935,0.08244362443624437,-0.03099450614760976,1.9462158191358259,-0.03822878228782288,2.7833056264236906,-5.241832561132561,0.8015555030750308,0.0,0.7789779808890736,0.0,0.21629611381412822,2.070853331164077,-0.028712200529654494,-25.696554574132495,0.2525626423690205,0.18241758241758246,0.5247327642489216,0.04795098374642129,1.1734653851391716,0.24788970174451322,0.17777777777777778,0.2756036636136553,-1.3341929305224631,-0.6498384217328987,1.030776986048366,Electrical Equipment & Parts,Industrials,OESX
2023Q1,2023,Q1,2022-08-05,2022-06-30,-2835000.0,17906000.0,-3603000.0,-0.091,3554000.0,0.1984809561,80601000.0,62572000.0,44430000.0,14916000.0,18029000.0,18753000.0,-59915000.0,62588179.98,53195179.98,2.009480384957505,2.9786806114239743,0.0003846106127715537,0.00049542926548616,-0.04275448049114575,2.009480384957505,-0.04530780540816979,3.495374733608846,-5.519239857142857,1.0002585817937735,0.0,0.7653175491921292,0.0,0.22215605265443356,1.5455215875569859,-0.035173260877656605,-12.164855195335276,0.1984809561040992,-1.401055408970976,0.6090055613902868,0.30300790333506783,0.9570345837652431,-0.3234342280601561,-1.402542372881356,-2.4119318181818183,-1.682000467588851,-0.5966691921970827,1.707190044727989,Electrical Equipment & Parts,Industrials,OESX
2022Q4,2022,Q4,2022-06-10,2022-03-31,-1180000.0,22058000.0,-1056000.0,-0.0379,5253000.0,0.2381448907,86817000.0,65100000.0,51249000.0,18374000.0,21717000.0,19832000.0,-57080000.0,87072826.39999999,72641826.39999999,2.093420043155967,2.789213018395559,0.0004031468491194121,0.0005376344086021505,-0.012808644618065702,2.093420043155967,-0.018125960061443933,3.9474488348898356,-18.447632711864404,1.3375242150537632,0.0,0.847367890278338,0.0,0.2540746627964569,1.56667029498204,-0.013591808056025894,-35.06759017317761,0.2381448907425877,-2.0736543909348444,0.8583199405808165,0.3133157424021138,0.6717650905932875,-0.31252453867294855,-2.0707803992740472,-1.7927927927927927,-0.27302461204611883,-0.06479116514391192,2.447119105259541,Electrical Equipment & Parts,Industrials,OESX
2022Q3,2022,Q3,2022-02-09,2021-12-31,1102000.0,30714000.0,1332000.0,0.0353,7641000.0,0.2487790584,91898000.0,66055000.0,54440000.0,22463000.0,25843000.0,18722000.0,-55900000.0,112526650.2,98110650.2,2.1249997185111265,2.4235409339803233,0.03099088119436767,0.043115585496934374,0.015854833520003133,2.1249997185111265,0.01668306714101885,3.6636924594647393,25.52782445553539,1.7035296374233595,0.0,1.2324003845742977,0.0,0.3342183725434721,1.3155411120509282,0.011991555855404906,18.39572506130456,0.24877905840984568,-0.7058333333333333,1.8757125513732378,0.35430634554184925,0.4171048683298772,-0.2917130144605117,-0.6988248155233671,-0.7352415026833632,2.422340964643248,0.7934044699279396,2.3664123721757,Electrical Equipment & Parts,Industrials,OESX
2022Q2,2022,Q2,2021-11-09,2021-09-30,3659000.0,36510000.0,5031000.0,0.12,10788000.0,0.2954806902,96593000.0,64732000.0,62557000.0,27819000.0,31861000.0,19714000.0,-57002000.0,120710971.22,106012971.22,2.0860364012900865,2.2487149070778965,0.0004348141169649975,0.0006488290181054193,0.05681621815102038,2.0860364012900865,0.05652536612494593,3.306244076143522,8.247538345176277,1.8647804983624792,0.0,1.304758039971594,0.0,0.37797770024742994,1.51231172939358,0.03788059176130776,-104.69294988725065,0.295480690221857,0.4999999999999999,4.424598444411321,0.775360262151489,0.364308921821655,0.05454545454545454,0.45776892430278887,0.4719133996489175,2.4262059021475633,1.628798087296214,2.2157351995637904,Electrical Equipment & Parts,Industrials,OESX
2022Q1,2022,Q1,2021-08-04,2021-06-30,2510000.0,35101000.0,3418000.0,0.08,10230000.0,0.2914446882,93618000.0,60844000.0,58022000.0,28601000.0,32774000.0,20647000.0,-60661000.0,176828819.94000003,161011819.94000003,1.9716023672967797,2.02867032621237,0.0004913584994338696,0.0007560318190782986,0.04163604329319973,1.9716023672967797,0.04125304056275064,5.037714593316431,17.612432264940242,2.9062655305371115,0.0,1.2045817794352691,0.0,0.37493858018757076,1.2731023390790532,0.026811083338674185,-56.63959639333761,0.29144468818552177,-0.8873239436619719,1.7714499777886266,1.0287604111086475,0.2645894588799032,0.10954446854663774,-0.8865485445669861,0.3419709462112289,1.8783106610572535,1.3922033217749927,1.6834056527259833,Electrical Equipment & Parts,Industrials,OESX
2021Q4,2021,Q4,2021-06-01,2021-03-31,22124000.0,35497000.0,2547000.0,0.71,9220000.0,0.2597402597,92821000.0,58074000.0,56531000.0,30372000.0,34747000.0,19554000.0,-63171000.0,214244870.64,194900870.64,1.8866031134961319,1.8612867114447518,0.0005278977817519742,0.0008437510762131074,0.3947446112957913,1.8866031134961319,0.38096222061507734,6.035576827337521,2.4209554176459953,3.689170207666081,0.0,1.343817121816508,0.0,0.3824242358948945,1.181845120505729,0.23835123517307505,30.0863461086926,0.2597402597402597,4.07142857142857,2.835416041912976,0.7233093551419635,0.13889806703564625,-0.16227512266036706,4.127230590961761,-0.4295632698768197,15.224494588234359,1.216020467941966,1.3304578265732805,Electrical Equipment & Parts,Industrials,OESX
2021Q3,2021,Q3,2021-02-11,2020-12-31,4315000.0,44251000.0,4465000.0,0.14,11006000.0,0.2487175431,73668000.0,35786000.0,56667000.0,33416000.0,37882000.0,18518000.0,-85295000.0,303361576.14,294578576.14,1.1643129775835428,1.695804405075413,0.04745615463973503,0.09769183479573017,0.10328481132598913,1.1643129775835428,0.1205778796177276,6.85547391335789,17.575989347624564,8.477102110881349,0.0,1.7952802678474997,0.0,0.6006814356301243,1.0780165190327986,0.058573600477819406,36.905301233576644,0.24871754310637048,1.3333333333333337,2.938538597877698,1.3783387979237682,-0.4302058323990339,0.5153517830097756,1.2544409613375131,1.3889780631353665,3.8322852034684782,1.4110665217243192,0.36613133820587895,Electrical Equipment & Parts,Industrials,OESX
2021Q2,2021,Q2,2020-11-06,2020-09-30,1914000.0,26281000.0,1869000.0,0.06,7263000.0,0.2763593471,67684000.0,31240000.0,51155000.0,23803000.0,36444000.0,18119000.0,-89610000.0,232166389.04000002,231604389.04000002,1.0186091146865175,2.1490988530857456,0.17082323739731695,0.37010243277848914,0.04187359310448337,1.0186091146865175,0.06126760563380282,8.8340013332826,30.324763458725183,7.431702594110115,0.0,1.0496164247475026,0.0,0.38828969919035516,1.360206696634878,0.028278470539566218,-35.112884004839685,0.2763593470568091,1.8207934336525307,1.478433209848172,0.5036621612897083,-0.5155262209560726,1.7563567362428842,1.8625506985128437,1.9139364303178483,1.3986528554053566,0.6021961650202478,0.13754683832620426,Electrical Equipment & Parts,Industrials,OESX
2021Q1,2021,Q1,2020-08-05,2020-06-30,-2219000.0,10811000.0,-2045000.0,-0.0731,2635000.0,0.2437332347,53364000.0,29049000.0,36507000.0,19562000.0,24315000.0,17070000.0,-91524000.0,105018670.82,97417670.82,0.957063531800659,1.866220222881096,0.059646953002023835,0.10957347929360735,-0.05980948396789691,0.957063531800659,-0.07638817170986953,9.714057054851539,-11.831756514195584,3.615224992942958,0.0,0.4789689513766842,0.0,0.2025897608874897,0.9644719353849299,-0.041582340154411215,-13.204912714698855,0.2437332346683933,-3.1771428571428566,0.4498533050691293,-0.4098668686574862,-0.5707603406763321,-0.5437229437229437,-3.1789077212806025,-5.068249258160237,0.6860354126109084,-0.19291331240081647,-0.06791504678757783,Electrical Equipment & Parts,Industrials,OESX
2020Q4,2020,Q4,2020-06-05,2020-03-31,-531000.0,25892000.0,-337000.0,-0.0175,5775000.0,0.2230418662,72563000.0,31035000.0,54968000.0,27204000.0,41528000.0,14507000.0,-89305000.0,111959576.5,96827576.5,1.0256335687371951,2.0205852080576387,0.1876851839091548,0.4388271306589335,-0.008480639222014487,1.0256335687371951,-0.017109714838086033,4.324099200525259,-52.71166501883239,3.607526228451748,0.0,1.386709864203488,0.0,0.3568209693645522,1.460741067490075,-0.007317779033391673,19.376873745240566,0.22304186621350225,-1.25,0.9099911904454328,0.06351665808131671,-0.6172995026544765,-0.3020304568527919,-1.23046875,-1.138228055783429,0.9344781227541121,0.5842864350026654,-0.180948705654621,Electrical Equipment & Parts,Industrials,OESX
2020Q3,2020,Q3,2020-02-06,2019-12-31,2304000.0,34249000.0,2438000.0,0.07,8274000.0,0.2415836959,57040000.0,31421000.0,42724000.0,23332000.0,25619000.0,12235000.0,-88774000.0,101316947.75,88492947.75,1.0389214473745336,1.8311332076118636,0.016444600280504908,0.029852646319340568,0.07408815766810081,1.0389214473745336,0.07332675599121606,2.958245430523519,10.99359242078993,3.2244978756245826,0.0,2.123007764609726,0.0,0.6004382889200561,1.2761443511057775,0.04039270687237027,17.759324758983347,0.2415836958743321,-0.6818181818181818,1.3575044801449303,-0.0519309454553118,-0.5576697287343221,-0.3531389258072082,-0.6571938699598274,-0.6455364931666182,2.8817935856028707,0.5521652569285659,-0.30717137133631806,Electrical Equipment & Parts,Industrials,OESX
2020Q2,2020,Q2,2019-11-06,2019-09-30,6721000.0,48322000.0,6878000.0,0.22,12791000.0,0.2647034477,75047000.0,28932000.0,60605000.0,40858000.0,46115000.0,17635000.0,-91078000.0,86038840.95,78829840.95,0.9583601904623287,1.4833080424886191,0.051820858928404864,0.13441863680353933,0.20897020137194136,0.9583601904623287,0.23230333195078115,1.7805314546169446,3.2003734916679067,2.9738297024056406,0.0,2.0148001134108307,0.0,0.643889829040468,1.0351461158157522,0.08955721081455621,14.060931680013075,0.2647034477049791,0.6923076923076923,1.2647919793001055,1.607830449256558,-0.6233538812817216,0.24389769522512886,0.6938004032258065,0.6537629237797548,7.465894178037039,1.4152773826121554,-0.3732135463418343,Electrical Equipment & Parts,Industrials,OESX
2020Q1,2020,Q1,2019-08-05,2019-06-30,3968000.0,42378000.0,4159000.0,0.13,10283000.0,0.2426494879,67933000.0,22063000.0,53351000.0,35412000.0,45870000.0,14933000.0,-97799000.0,92439997.92,91337997.92,0.7422753304190035,1.5065796905003954,0.1343676858080756,0.41372433485926663,0.13307145621315336,0.7422753304190035,0.17984861532883106,2.181320447401954,5.824092610887097,4.189819966459684,0.0,2.1492667247036765,0.0,0.6238205290506823,1.0657686659889303,0.05841049269132822,51.469932026726056,0.24264948794185662,5.3624161073825505,1.6636307955403118,1.3206319180917205,-0.7806595681514089,1.3455748175182483,5.498866213151928,7.080409356725146,2.2662066835974763,1.543024928967236,-0.5239032098944659,Electrical Equipment & Parts,Industrials,OESX
2019Q4,2019,Q4,2019-06-05,2019-03-31,-882000.0,22443000.0,-684000.0,-0.0298,4384000.0,0.195339304,56021000.0,17970000.0,41377000.0,27335000.0,38051000.0,13403000.0,-101767000.0,26927087.46,27577087.46,0.607295535556596,1.5137003841229193,0.167419360596919,0.5219254312743461,-0.0246743497731657,0.607295535556596,-0.04908180300500835,1.1997989332976875,-7.6323944047619054,1.498446714524207,0.0,1.347384913825263,0.0,0.4006176255332822,0.9979513444302177,-0.015744095964013494,-7.275624820318833,0.1953393040146148,-0.1967871485943776,0.9276017472535717,0.2939718655879048,-0.8307018124132867,0.0513189448441247,-0.19674355495251017,-0.16524701873935263,0.9238810720105967,0.1334587235309068,-0.6333899236055708,Electrical Equipment & Parts,Industrials,OESX
2019Q3,2019,Q3,2019-02-08,2018-12-31,-737000.0,16291000.0,-587000.0,-0.0249,4170000.0,0.2559695537,40333000.0,18665000.0,25468000.0,16860000.0,21668000.0,9024000.0,-100885000.0,16883891.005999997,13741891.005999997,0.6312357143393419,1.5105575326215896,0.08563707138075521,0.18505223680685776,-0.029544871881551443,0.6312357143393419,-0.03948566836324672,1.036393776072678,-5.727235755088195,0.9045749266541655,0.0,1.3431959219858156,0.0,0.40391242902833907,0.9381376037959668,-0.018272878288250315,-29.110156906896545,0.25596955374132957,0.6989117291414753,-1.5195502433630503,-0.5778164927161196,-0.8411791962016117,0.6404405979543666,0.6977030352748155,0.7428821725799387,0.6558338702060026,-0.0898659499920965,-0.6910844117202337,Electrical Equipment & Parts,Industrials,OESX
2019Q2,2019,Q2,2018-11-13,2018-09-30,-2438000.0,13198000.0,-2283000.0,-0.0827,2542000.0,0.1926049401,35937000.0,19129000.0,20890000.0,13876000.0,16808000.0,8327000.0,-100223000.0,30078130.26,25977130.26,0.6486965722715771,1.505477082732776,0.043520605504076576,0.08176067750535836,-0.11016774335446093,0.6486965722715771,-0.12745046787599978,2.278991533565692,-3.0843037592288765,1.5723838287417011,0.0,1.2796925663504264,0.0,0.3672538052703342,0.8753243009512828,-0.06784094387400172,-23.795989129746836,0.19260494014244584,0.10691144708423332,-1.7256114663922142,-0.6566962032373848,-0.8341601688903321,-0.2644675925925926,0.09435364041604755,0.12293507491356127,0.36618007306060973,-0.21463903419540442,-0.691465081855297,Electrical Equipment & Parts,Industrials,OESX
2019Q1,2019,Q1,2018-08-07,2018-06-30,-2692000.0,13822000.0,-2603000.0,-0.0926,3456000.0,0.2500361742,40501000.0,21359000.0,25078000.0,15293000.0,19142000.0,8597000.0,-97785000.0,31977212.3,26609212.3,0.7347388440111148,1.6398352187275225,0.060912076245030984,0.11550166206283066,-0.10975902053761474,0.7347388440111148,-0.12603586310220516,2.3135011069309797,-2.9696519595096587,1.4971305913198185,0.0,1.2057694544608584,0.0,0.3412755240611343,1.0510037271954489,-0.06646749462976223,841.5055868421052,0.25003617421501956,-0.8336633663366336,-1.3920077944001619,-0.5399958590848315,-0.808562483226816,0.07162790697674419,-0.841313269493844,-0.639168765743073,0.30315086555393667,-0.21223347485788477,-0.6704721885057836,Electrical Equipment & Parts,Industrials,OESX
2018Q4,2018,Q4,2018-06-13,2018-03-31,-1462000.0,15057000.0,-1588000.0,-0.0505,3225000.0,0.2141860928,45325000.0,23424000.0,29453000.0,16424000.0,21901000.0,7826000.0,-95494000.0,24594652.25,19262652.25,0.8095418385108495,1.793290306867998,0.09028130170987314,0.17469262295081966,-0.058029411123661855,0.8095418385108495,-0.0624146174863388,1.6334364249186424,-4.205651889534884,1.0499766158640709,0.0,1.5118834653718374,0.0,0.3322007722007722,1.2219922065270337,-0.03225592939878654,-17.592741237482116,0.2141860928471807,-0.018145161290322682,-2.8551355650161105,-0.5292347526828015,-0.7901759970741103,-0.36962470680218923,-0.020237264480111653,-0.16850625459896984,0.7408354286980896,-0.3532224883787394,-0.6979310411986946,Electrical Equipment & Parts,Industrials,OESX
2018Q3,2018,Q3,2018-02-07,2017-12-31,-1433000.0,17263000.0,-1359000.0,-0.0496,5116000.0,0.2963563691,47043000.0,24639000.0,30655000.0,17202000.0,22404000.0,8771000.0,-94034000.0,25440665.36,18709665.36,0.8522701624813165,1.782060225555168,0.08145739004740343,0.15552579244287512,-0.046978760149618215,0.8522701624813165,-0.058159827915093956,1.4737105578404681,-4.43835752965806,1.0325364406022972,0.0,1.3849047999087902,0.0,0.3669621410199179,1.1777700267410767,-0.030461492676912613,18.542759008746355,0.2963563691131321,0.69,-2.5374075262654663,-0.5854841508639517,-0.7761039156591317,0.41286937310135324,0.6825431989366415,0.5184266477675408,0.7673855434327994,-0.5000807687645423,-0.6371382137555389,Electrical Equipment & Parts,Industrials,OESX
2018Q2,2018,Q2,2017-11-02,2017-09-30,-4514000.0,15422000.0,-2822000.0,-0.16,3621000.0,0.2347944495,44768000.0,25820000.0,28073000.0,14228000.0,18948000.0,9310000.0,-92599000.0,32295052.160000004,26937052.160000004,0.8954436691022827,1.9730812482429014,0.07400375268048606,0.1283113865220759,-0.1192076230244169,0.8954436691022827,-0.1748257164988381,2.0940897523019064,-1.788605015507311,1.2507766134779241,0.0,1.2675617615467238,0.0,0.3444871336669049,1.266095023896542,-0.10083095067905647,32.13438025870647,0.23479444948774478,0.30434782608695654,0.6584204492822798,-0.41920564105979297,-0.7518796465529828,0.33566949465142015,0.31874434047690914,0.565979698554291,0.8138066315442516,-0.12862143351387595,-0.6480807676959883,Electrical Equipment & Parts,Industrials,OESX
2018Q1,2018,Q1,2017-08-04,2017-06-30,-6626000.0,12558000.0,-6502000.0,-0.23,2711000.0,0.2158783246,50409000.0,29218000.0,32588000.0,15669000.0,21191000.0,12266000.0,-88930000.0,36422955.52,32064955.520000003,1.0267986072537147,2.0797753526070584,0.08187030093832451,0.14124854541720858,-0.19683353970534442,1.0267986072537147,-0.22677801355328908,2.9003786845039023,-1.3742437186839722,1.246593042644945,0.0,0.8027881950105984,0.0,0.2491221805629947,1.1482545152849575,-0.13144478168581009,-6.09181393544071,0.21587832457397674,0.14814814814814817,-1.7079798723480315,-0.34965917373894184,-0.7392507907650233,1.9725877192982457,0.1260881034027961,0.07140816909454442,-0.1575523029795089,-0.28167561858872353,-0.6965836789841456,Electrical Equipment & Parts,Industrials,OESX
2017Q4,2017,Q4,2017-06-13,2017-03-31,-7582000.0,15290000.0,-7002000.0,-0.27,912000.0,0.059646828,62051000.0,35450000.0,43883000.0,18396000.0,26601000.0,13593000.0,-82366000.0,56053186.2,45717186.2,1.2522214125269475,2.3854642313546424,0.11234307263380122,0.19664315937940763,-0.17162412043435313,1.2522214125269475,-0.2138787023977433,3.666003021582734,-1.8482322012661565,1.5811900197461213,0.0,1.0577503126609284,0.0,0.24641021095550433,1.5603392041748205,-0.12218981160658168,-22.493252889245586,0.059646827992151735,-5.666666666666667,-37.48663651398173,-0.4321892659460754,-0.6954636102802536,-0.8518277822908205,-5.6276223776223775,-5.811284046692607,0.34948673798438834,-0.07856589113929799,-0.6509132651472798,Electrical Equipment & Parts,Industrials,OESX
2017Q3,2017,Q3,2017-02-08,2016-12-31,-1144000.0,20617000.0,-1028000.0,-0.0405,6155000.0,0.2985400398,69038000.0,42375000.0,50438000.0,19159000.0,26663000.0,16572000.0,-75074000.0,61321470.14,48493470.14,1.4995359666045998,2.63260086643353,0.09110924418436224,0.14843657817109143,-0.02225218111798652,1.4995359666045998,-0.026997050147492624,2.974315862637629,-13.400670922202798,1.4471143395870205,0.0,0.8726768042481293,0.0,0.2986326370984096,1.6639177410094472,-0.016570584315884006,-110.09240599640934,0.29854003977300286,-0.17732558139534887,-13.580407956684791,-0.38781844889831285,-0.6279866651041307,-0.014253683536194746,-0.17938144329896907,-0.0321285140562249,-1.8438586305138789,-0.4409346219301387,-0.6227122418287221,Electrical Equipment & Parts,Industrials,OESX
2017Q2,2017,Q2,2016-11-03,2016-09-30,-970000.0,18670000.0,-996000.0,-0.0344,6244000.0,0.3344402785,68565000.0,43075000.0,49556000.0,18967000.0,25490000.0,17007000.0,-73988000.0,37468625.67,24073625.67,1.5290059076244735,2.612748457847841,0.07786771676511339,0.12394660475914103,-0.0207868591729665,1.5290059076244735,-0.022518862449216484,2.0068894306373863,-9.656862286082474,0.86984621404527,0.0,0.7306403245722349,0.0,0.2722963611171881,1.6604629092634575,-0.014147159629548604,14.619050202887243,0.33444027852169256,0.6872727272727273,-6.995580140395085,-0.20895447854661398,-0.6227048024886263,0.5509190263288624,0.6700680272108843,0.6936327283912642,-1.3021876499778693,-0.4916657855136312,-0.6091083376651941,Electrical Equipment & Parts,Industrials,OESX
2017Q1,2017,Q1,2016-08-03,2016-06-30,-2940000.0,15634000.0,-3251000.0,-0.11,4026000.0,0.257515671,65101000.0,43476000.0,45788000.0,17410000.0,21625000.0,15490000.0,-73018000.0,32347282.08,21516282.08,1.559084929462488,2.629982768523837,0.05113592725150151,0.07657098169104794,-0.06359628468412133,1.559084929462488,-0.06762351642285398,2.069034289369323,-2.750619224489796,0.7440261772012143,0.0,0.7493867010974823,0.0,0.2401499208921522,1.6885123492245835,-0.045160596611419176,-13.660169797297296,0.25751567097351924,0.717948717948718,-10.034819437666176,-0.43572240464607287,-0.6148797276816255,-0.1281940233867475,0.7295308187672493,0.3207271207689093,-1.7233469539736677,-0.4575882751348767,-0.5937776398136392,Electrical Equipment & Parts,Industrials,OESX
2016Q4,2016,Q4,2016-06-23,2016-03-31,-10870000.0,18575000.0,-4786000.0,-0.39,4618000.0,0.2486137281,70875000.0,45983000.0,48530000.0,19291000.0,24892000.0,17024000.0,-70078000.0,38584814.01,27809814.009999998,1.6565162134365825,2.5156808874604737,0.06725925925925925,0.10366874714568428,-0.09437487584955188,1.6565162134365825,-0.23639170997977513,2.077244361238223,-0.8874152256209751,0.839110410586521,0.0,0.8198425751879699,0.0,0.26208112874779543,1.5933855165621273,-0.15336860670194002,-156.213821902834,0.24861372812920593,-4.386740331491712,-5.117344943903779,-0.5557576512744139,-0.5907073277801391,-0.019324697387980462,-4.424151696606787,-1.4644696189495365,-15.377321109991653,-0.39463833319425445,-0.5706499080340701,Electrical Equipment & Parts,Industrials,OESX
2016Q3,2016,Q3,2016-02-09,2015-12-31,-2004000.0,16751000.0,-1942000.0,-0.0724,4709000.0,0.2811175452,80429000.0,56544000.0,51099000.0,17016000.0,23885000.0,18435000.0,-59208000.0,60047443.61,49042443.61,2.0433922349288167,3.0029971791255288,0.08023225453505577,0.11412351443123939,-0.031106262337241685,2.0433922349288167,-0.03544142614601019,3.584707994149603,-7.490948554141716,1.0619595997807019,0.0,0.6532139951179821,0.0,0.20827064864663244,1.8858721203573108,-0.024916385880714667,31.991179334043686,0.2811175452211808,0.44307692307692303,-3.5556901776770853,-0.5363343648876098,-0.4760706438006638,0.6171016483516484,0.44333333333333336,0.4554122265844083,-3.246216089331367,-0.5797801022089332,-0.46318956087691593,Electrical Equipment & Parts,Industrials,OESX
2016Q2,2016,Q2,2015-11-09,2015-09-30,-3600000.0,15728000.0,-3566000.0,-0.13,2912000.0,0.1851475076,76959000.0,58026000.0,46578000.0,14531000.0,18933000.0,15898000.0,-57204000.0,49677285.6,40625285.6,2.1025061804101473,3.2054228889959395,0.057095336477864835,0.07572467514562438,-0.05722449944610236,2.1025061804101473,-0.06204115396546376,3.1585252797558496,-3.4498114999999996,0.8561211456933099,0.0,0.8061391369983646,0.0,0.20436855988253486,2.017548689009703,-0.04677815460180096,-15.210436497244336,0.18514750762970497,0.0,-17.456419829025442,-0.0593184394348049,-0.4552335811856293,-0.22491349480968859,0.014238773274917854,0.010818307905686546,0.7153799936151773,-0.3811465643577461,-0.41741217833288946,Electrical Equipment & Parts,Industrials,OESX
2016Q1,2016,Q1,2015-08-11,2015-06-30,-3652000.0,16587000.0,-3605000.0,-0.13,3757000.0,0.2265026828,85766000.0,61275000.0,54172000.0,18876000.0,24491000.0,15703000.0,-53604000.0,68978876.24,56640876.239999995,2.229671725368195,2.869887688069506,0.06527062005923093,0.09135862913096696,-0.053967264080827734,2.229671725368195,-0.05960016319869441,4.158610733707119,-4.721993170865279,1.1257262544267645,0.0,0.8170413296822263,0.0,0.193398316349136,1.9538567493112948,-0.042580976144392886,-30.73924966131907,0.22650268282389824,0.3157894736842105,-1.837031879127633,-0.07446874905034581,-0.4228879674855493,0.25947033188065705,0.22181973151502238,0.21202185792349726,-0.5454237771737381,-0.11057116538520204,-0.43378853931412975,Electrical Equipment & Parts,Industrials,OESX
2015Q4,2015,Q4,2015-06-12,2015-03-31,-4693000.0,19367000.0,-4575000.0,-0.19,2983000.0,0.1540248877,87805000.0,64511000.0,55045000.0,18319000.0,23294000.0,14283000.0,-49952000.0,75584060.98,60636060.980000004,2.6799901642437525,3.0048037556635188,0.057559364500882636,0.07834322828664879,-0.06587813076243504,2.6799901642437525,-0.07274728340903101,3.902724272215625,-4.026425579586618,1.1716460910542388,0.0,1.147097948610236,0.0,0.22056830476624337,2.088814891642557,-0.053447981322248164,-24.171429798528944,0.15402488769556463,0.09523809523809519,-4.322606154289642,-0.03998037742822327,-0.3114896175634811,-0.2199267782426778,-0.0064336264207591675,0.016129032258064516,-27.01633179858286,-0.15415067852960973,-0.3482346484906006,Electrical Equipment & Parts,Industrials,OESX
2015Q3,2015,Q3,2015-02-09,2014-12-31,-4663000.0,26138000.0,-4650000.0,-0.21,3824000.0,0.1463004055,79584000.0,51397000.0,46276000.0,24735000.0,28187000.0,15040000.0,-45259000.0,120355075.5,119956075.5,2.3487459820504206,1.870871235091975,0.05473462002412545,0.08475202832850166,-0.08372678377258203,2.3487459820504206,-0.09072513959958753,4.604601557119902,-6.4526632800772035,2.3416751074965463,0.0,1.4836436170212766,0.0,0.3284328508242863,0.9381039013543562,-0.05859217933252915,-20.945888531152107,0.14630040553982707,0.75,-6.754276658298245,0.3490449742968018,-0.4123301207689171,1.3622927522501185,0.7458301537119808,0.7463590247095402,-67.21939671234205,0.0022549834294684065,-0.41730985780600066,Electrical Equipment & Parts,Industrials,OESX
2015Q2,2015,Q2,2014-11-10,2014-09-30,-18346000.0,13393000.0,-18333000.0,-0.84,-10555000.0,-0.7880982603,75491000.0,55521000.0,41321000.0,16087000.0,19970000.0,12103000.0,-40596000.0,116738952.74999999,110624952.74999999,2.5444578951818633,2.5685957605519985,0.06644500668953915,0.09034419408872318,-0.30305433040950164,2.5444578951818633,-0.3304335296554457,8.716415496901366,-1.5907957150059957,2.1026089722807586,0.0,1.9786829711641742,0.0,0.17741187691247964,1.6421333996394605,-0.24302234703474587,-25.69079065801056,-0.7880982602852237,-3.1999999999999993,-12.04580892189462,-0.0886031120605552,-0.3532800829317764,-5.0409647779479325,-3.2087634778618948,-3.2339491916859124,-194.24222454342515,-0.2673625092736856,-0.37213339769659287,Electrical Equipment & Parts,Industrials,OESX
2015Q1,2015,Q1,2014-08-08,2014-06-30,-4359000.0,13313000.0,-4330000.0,-0.2,2612000.0,0.1961992038,92010000.0,73331000.0,44232000.0,14517000.0,18679000.0,10858000.0,-22250000.0,88193318.4,77639318.4,3.384124505286786,3.0469105187022114,0.06284099554396261,0.07884796334428823,-0.05487030528258981,3.384124505286786,-0.05944280045274168,6.624601397130625,-5.058116448726772,1.2026744269135836,0.0,0.9855406152145884,0.0,0.144690794478861,2.0980918922642418,-0.04737528529507662,-53.94086752293578,0.1961992037857733,0.5121951219512194,-0.5660854578567323,0.05031560059382611,-0.15590960761795156,1.0438184663536776,0.5068446656861636,0.48031685069611135,-20.054420949359816,-0.3816460160460451,-0.1640641722547743,Electrical Equipment & Parts,Industrials,OESX
2014Q4,2014,Q4,2014-06-13,2014-03-31,-8839000.0,12584000.0,-8332000.0,-0.41,1278000.0,0.1015575334,98940000.0,77012000.0,50341000.0,17191000.0,21928000.0,11790000.0,-17891000.0,155649822.25,144682822.25,3.5871354809722567,2.928334593682741,0.06671720234485547,0.08571391471458993,-0.10209836588224454,3.5871354809722567,-0.11477432088505687,12.368866993801653,-4.402359493438172,2.021111284604997,0.0,0.9589482612383375,0.0,0.1271881948655751,1.9275202140654994,-0.08933697190216293,-152.44840572967678,0.1015575333757152,-9.2,-6.865635192372385,-0.17793804446869532,-0.12689118348786121,-0.8431901840490797,-9.68271119842829,-10.156043956043955,-5.328942638854053,-0.6108645180657771,-0.11368916602637377,Electrical Equipment & Parts,Industrials,OESX
2014Q3,2014,Q3,2014-02-07,2013-12-31,1018000.0,27692000.0,910000.0,0.05,8150000.0,0.2943088257,111084000.0,84339000.0,58673000.0,20773000.0,26745000.0,13517000.0,-9052000.0,144295632.79999998,133395632.79999998,3.9745152980125398,2.8244837048091274,0.06696734003096756,0.0882035594446223,0.010983356228070902,3.9745152980125398,0.01207033519486833,5.210733525928065,35.43605913555992,1.7109004470055371,0.0,1.4457350003699045,0.0,0.24928882647365957,1.9107495306407356,0.009164236073601959,124.93128380952379,0.2943088256536184,-0.5454545454545454,0.04776571832957783,0.46998700160762147,0.03697680127495054,0.04100140503257121,-0.5763628797336663,0.2691771269177127,0.6929681174050065,-0.0004396783539655233,0.01907269964969008,Electrical Equipment & Parts,Industrials,OESX
2014Q2,2014,Q2,2013-11-08,2013-09-30,2403000.0,27495000.0,717000.0,0.11,7829000.0,0.2847426805,110335000.0,82495000.0,55984000.0,20500000.0,27840000.0,15207000.0,-10070000.0,79298087.92,70102087.92,3.911584858299822,2.730926829268293,0.07583269134907328,0.1014243287471968,0.08658576923668379,3.911584858299822,0.029129038123522636,2.8840912136752137,8.249905110278817,0.9612472018910236,0.0,1.2932202275267968,0.0,0.24919563148592921,1.7483414634146341,0.021779127203516564,10.656912769789008,0.28474268048736134,3.8423772609819125,5.781054005994447,0.8735380790082106,-0.02435509633869673,0.36798881705399267,4.076824583866838,2.094656488549618,17.121639760957805,1.1519557484850582,0.013504785383710761,Electrical Equipment & Parts,Industrials,OESX
2014Q1,2014,Q1,2013-08-09,2013-06-30,-781000.0,20852000.0,-655000.0,-0.0387,5723000.0,0.2744580856,105533000.0,77427000.0,60600000.0,23079000.0,28106000.0,15376000.0,-12473000.0,48618720.63,39010720.63,3.838008643215094,2.625763681268686,0.05548975202069495,0.07563253128753536,-0.007997877593066211,3.838008643215094,-0.01008692058325907,2.331609468156532,-15.562970752240718,0.6279298000697432,0.0,0.983936004162331,0.0,0.19758748448352648,1.7410199748689286,-0.007400528744563312,25.957672520021358,0.2744580855553424,-2.29,-31.786893305993306,0.7352169099119314,-0.09784982471984659,-0.28202233094969265,-2.422586520947177,-2.304780876494024,0.1735046959319198,0.5849912481668317,-0.006597723022151919,Electrical Equipment & Parts,Industrials,OESX
2013Q4,2013,Q4,2013-06-14,2013-03-31,549000.0,22281000.0,502000.0,0.03,7971000.0,0.3577487545,102097000.0,77769000.0,53607000.0,18773000.0,24328000.0,15230000.0,-11692000.0,47570135.32,39900135.32,3.858194616546237,2.855537207691898,0.06568263514109131,0.08622973164114235,0.005774300926859547,3.858194616546237,0.0070593681286888095,2.1350089906198106,21.66217455373406,0.6116850585708958,0.0,0.9395929087327642,0.0,0.21823364055750905,1.8001384967772864,0.0053772392920458,24.332550035805628,0.3577487545442305,0.0,-0.49386403213342894,0.34326751827027907,-0.07837063358179358,-0.0710872858641184,-0.15668202764976957,-0.1284722222222222,1.743574199211369,0.31895696662626505,-0.008799701433844377,Electrical Equipment & Parts,Industrials,OESX
2013Q3,2013,Q3,2013-02-08,2012-12-31,651000.0,29087000.0,576000.0,0.03,8581000.0,0.2950115172,109369000.0,76860000.0,57183000.0,24318000.0,32509000.0,17766000.0,-12241000.0,33517968.02,27900968.02,3.806543401553135,2.3514680483592403,0.06818202598542548,0.09702055685662243,0.0076183859364613105,3.806543401553135,0.008469945355191256,1.1523349957025475,12.871723509984637,0.43609117902680195,0.0,1.1542271755037712,0.0,0.26595287512914995,1.4115881240233572,0.0059523265276266585,15.877767891994315,0.2950115171726201,1.0652173913043477,-0.6116188614897988,-0.1416894004899953,-0.5247240384375894,0.4782084409991387,1.0673982813955896,1.1403508771929824,-0.1293603583047321,0.6269909289552051,-0.047580743863265176,Electrical Equipment & Parts,Industrials,OESX
2013Q2,2013,Q2,2012-11-09,2012-09-30,-9659000.0,19408000.0,-4104000.0,-0.46,5805000.0,0.2991034625,113232000.0,76060000.0,58582000.0,28278000.0,37172000.0,18411000.0,-12892000.0,39622173.12,34644173.12,3.6089085665980756,2.071645802390551,0.07273562243888654,0.1082829345253747,-0.11674629025124406,3.6089085665980756,-0.1269918485406258,2.0415381863149213,-1.0255247209856093,0.5209331201682882,0.0,0.7388517733963391,0.0,0.17140031086618623,1.191031897588231,-0.08530274127455137,-12.695345440563921,0.299103462489695,-4.348837209302326,-6.448602576542211,-0.4383576620282604,1.7001137003761804,0.32746398353533046,-3.9788659793814434,-0.1470095025153717,-6.111207630239453,0.3673888209963628,-0.08273072495456185,Electrical Equipment & Parts,Industrials,OESX
2013Q1,2013,Q1,2012-08-09,2012-06-30,-1940000.0,15310000.0,-3578000.0,-0.086,4373000.0,0.285630307,118897000.0,88843000.0,59000000.0,20470000.0,30054000.0,16369000.0,-3233000.0,49634497.00000001,39493497.00000001,3.937878125369136,2.882266731802638,0.07409774847136598,0.09916369325664375,-0.020228082638512803,3.937878125369136,-0.02183627297592382,3.241965839320706,-6.396198067010309,0.5586765079972537,0.0,0.6681532164457206,0.0,0.1287669159019992,1.7750854909623839,-0.016316643817758228,-49.833832329317275,0.28563030698889613,-11.285714285714283,-1.5111450946513396,-0.5861206642478877,0.0,-0.38719170403587444,-11.356687898089172,-28.089430894308943,0.3305615573749016,0.16011062756241165,-0.01778877024093569,Electrical Equipment & Parts,Industrials,OESX
2012Q4,2012,Q4,2012-06-14,2012-03-31,-157000.0,21460000.0,-123000.0,-0.007,7136000.0,0.3325256291,125650000.0,92769000.0,67242000.0,22723000.0,32881000.0,18132000.0,-1293000.0,53695501.3,40179501.3,4.111894193266429,2.959204330414118,0.07556705133306804,0.1023510008731365,-0.0006817140092705481,4.111894193266429,-0.0016923756858433312,2.502120284249767,-85.50239060509554,0.5788086677661719,0.0,0.7899845576880653,0.0,0.17079188221249503,1.9008933679531752,-0.0012495025865499403,13.281103462775166,0.3325256290773532,-3.1875,-1.0683871703662262,-0.3802186077762594,2.991223394770954,-0.05030609528879425,-3.1216216216216215,-1.4241379310344828,0.8670525545936933,0.3340288937745527,0.0008350930009810745,Electrical Equipment & Parts,Industrials,OESX
2012Q3,2012,Q3,2012-06-14,2011-12-31,74000.0,27406000.0,290000.0,0.0032,7514000.0,0.2741735386,124901000.0,92694000.0,65450000.0,23939000.0,32207000.0,19473000.0,-1136000.0,67838347.5,58290347.5,4.030866170494498,2.7340323321776183,0.06953507177684726,0.0936953848145511,0.0016283147700896937,4.030866170494498,0.0007983256737221395,2.475310059840911,229.1836064189189,0.7318526280018124,0.0,1.0215169722179427,0.0,0.21942178205138468,1.660762772045616,0.0005924692356346226,21.827010135135136,0.27417353864117344,1.744186046511628,-0.9683761747300268,-0.22346297248583283,0.0,0.10192110280099721,1.7474747474747474,15.5,-0.9297188018692849,0.3424430013165121,0.051679109132367534,Electrical Equipment & Parts,Industrials,OESX
2012Q2,2012,Q2,2011-11-09,2011-09-30,-99000.0,19260000.0,-20000.0,-0.0043,6819000.0,0.3540498442,120574000.0,93166000.0,76374000.0,18495000.0,27408000.0,32844000.0,-835000.0,60922180.3,54644180.3,4.052545374841091,4.129440389294404,0.07697347686897672,0.09961788635339072,-0.00011368862751988259,4.052545374841091,-0.0010626194105145654,3.1631453946002077,-153.84388964646465,0.6539100133095763,0.0,0.37879064669346,0.0,0.15973592980244497,2.065963773992971,-0.0008210725363677078,37.58308470080197,0.3540498442367601,0.5520833333333333,-10.692347631105712,-0.25727142274504383,0.0,-0.03084138715179079,0.547945205479452,0.927536231884058,-1.2562854400135153,0.20395537535327568,0.010803903034444971,Electrical Equipment & Parts,Industrials,OESX
2012Q1,2012,Q1,2011-08-09,2011-06-30,-219000.0,22774000.0,-276000.0,-0.0096,7036000.0,0.3089488013,123128000.0,92793000.0,79048000.0,22194000.0,30335000.0,32174000.0,-736000.0,90081243.48,85455243.48,4.048306572066427,3.5616833378390558,0.06441264375284257,0.08546980914508638,-0.0016531551238455073,4.048306572066427,-0.0023600918172706994,3.955442323702468,-102.8324697260274,0.9707762814005367,0.0,0.4891527320196432,0.0,0.18496199077382885,1.9594935568171579,-0.0017786368657007343,-49.27857958424508,0.3089488012646,-1.1066666666666667,-22.50431653802144,-0.11915212860587777,0.0,-0.31616289240936923,-1.10087517273146,-1.082437275985663,-8.598075580738433,0.6679769051084115,-0.048417858559563216,Electrical Equipment & Parts,Industrials,OESX
2011Q4,2011,Q4,2011-07-22,2011-03-31,2171000.0,34384000.0,3348000.0,0.09,10289000.0,0.2992380177,114990000.0,92387000.0,73142000.0,16202000.0,22603000.0,29507000.0,-517000.0,92107009.56,85909009.56,4.047265748619968,4.514380940624614,0.04663014175145665,0.05803846861571433,0.027489426547971926,4.047265748619968,0.023498977128816826,2.678775289669614,10.606518834638416,0.9969693740461322,0.0,0.8165858948724032,0.0,0.2990173058526828,2.480496235032712,0.018879902600226105,65.55659043416371,0.2992380176826431,2.0,2.0340431690364484,0.5432204902768246,4.209746573304982,0.11679149028546619,2.37111801242236,0.26101694915254237,0.7673717977184296,0.8304483265921455,-0.03320611364965144,Electrical Equipment & Parts,Industrials,OESX
2011Q3,2011,Q3,2011-02-09,2010-12-31,644000.0,29671000.0,2655000.0,0.03,9213000.0,0.3105052071,116066000.0,88636000.0,71066000.0,20814000.0,27430000.0,32230000.0,-3405000.0,75906262.84,71927262.84,3.9001293032173208,3.414336504275968,0.050652215118984024,0.06632745159980144,0.007069348117020447,3.9001293032173208,0.007265670833521368,2.558264394189613,29.466716940993788,0.8563818633512342,0.0,0.6347502327024511,0.0,0.25563903296400325,1.6908811376957817,0.005548567194527252,-28.123846921081885,0.31050520710458024,5.225352112676056,1.308881589574854,0.3375861603080654,0.0,0.8574596774193548,5.025,2.3973684210526316,-0.658648779208684,-0.2221135984950521,-0.5130391251947816,Electrical Equipment & Parts,Industrials,OESX
2011Q2,2011,Q2,2010-11-09,2010-09-30,-160000.0,13715000.0,-1900000.0,-0.0071,4960000.0,0.3616478308,108578000.0,87373000.0,65442000.0,14093000.0,21205000.0,33706000.0,-4049000.0,71764482.46,64576482.45999999,3.859463630276698,4.643581920102179,0.05651236898819282,0.0702276446957298,-0.0016689034731045115,3.859463630276698,-0.0018312293271376741,5.2325543171709805,-112.13200384375,0.8213576557975576,0.0,0.2597460392808402,0.0,0.12631472305623606,1.8392109557936565,-0.001473595019248835,-13.21872950082888,0.36164783084214364,0.8482905982905983,0.9229616474295371,-0.37932215572111716,0.0,-0.05451772779260389,0.8483412322274881,-0.000526592943654555,-1.0840239501750482,-0.6305080220270036,1.887574021870277,Electrical Equipment & Parts,Industrials,OESX
2011Q1,2011,Q1,2010-08-09,2010-06-30,-1055000.0,14688000.0,-1899000.0,-0.0468,5246000.0,0.3571623094,101552000.0,87018000.0,63614000.0,10484000.0,14534000.0,30027000.0,-3889000.0,71173018.12,58562018.120000005,3.863498939111731,6.067722243418543,0.0353021112336537,0.04119837275046542,-0.011287568796972486,3.863498939111731,-0.012123928382633478,4.84565755174292,-16.865644104265403,0.8179114449883932,0.0,0.314450328038099,0.0,0.1446352607531117,2.752384586035864,-0.010388766346305341,-10.313435461527316,0.3571623093681917,-0.27868852459016397,0.4894227510338526,-0.33187904998391893,0.0,-0.14892926670992862,-0.2787878787878788,-0.448512585812357,-1.2784374009582156,-0.6022649533536147,0.0,Electrical Equipment & Parts,Industrials,OESX
2010Q4,2010,Q4,2010-06-14,2010-03-31,-825000.0,18876000.0,-1311000.0,-0.0366,6164000.0,0.3265522356,103621000.0,87670000.0,67946000.0,12211000.0,15951000.0,25991000.0,-2834000.0,110363224.30000001,90717224.30000001,3.8924469878867067,5.564327245925805,0.03588075776145762,0.0424090338770389,-0.010729808099851109,3.8924469878867067,-0.009410288582183186,5.846748479550753,-33.443401303030306,1.2588482297251056,0.0,0.48909237813089146,0.0,0.182163847096631,3.192285644091393,-0.007961706603873733,-11.790942767094018,0.32655223564314473,-1.915,0.6017519680693127,-0.14137724315743833,4.0104598058154854,-0.13109670143783478,-2.0223048327137545,-3.2760416666666665,-1.3599660768066197,-0.45392608885634583,2.778216255272337,Electrical Equipment & Parts,Industrials,OESX
2010Q3,2010,Q3,2010-02-09,2009-12-31,807000.0,19295000.0,576000.0,0.04,7094000.0,0.3676600155,107495000.0,87097000.0,73354000.0,16452000.0,20398000.0,24517000.0,-2009000.0,95667648.25,67753648.25,3.9967098281837403,4.458667639192804,0.03741569375319782,0.04617839879674386,0.009142245394094712,3.9967098281837403,0.009265531533807134,4.958157463073335,29.636817921313504,1.0984034840465227,0.0,0.4976546885834319,0.0,0.1794967207777106,2.8162533430585945,0.007507325922135913,-49.466209022750775,0.36766001554806943,1.62111801242236,1.4036549255635844,-0.09287960531616365,0.0,0.4887722980062959,1.5768406004288777,1.3145821955215728,-0.6360775201702851,-0.42308216518187775,0.0,Electrical Equipment & Parts,Industrials,OESX
2010Q2,2010,Q2,2009-11-09,2009-09-30,-1399000.0,14619000.0,-1831000.0,-0.0644,4765000.0,0.3259456871,98307000.0,85406000.0,69112000.0,9057000.0,12901000.0,19672000.0,-2817000.0,67944403.00999999,38561403.00999999,3.9344047214699343,7.630782819918295,0.040994028909436764,0.04718638034798492,-0.015659575536737594,3.9344047214699343,-0.016380582160503945,4.647677885628291,-12.141601681558255,0.7955460156195114,0.0,0.5009150061000407,0.0,0.14870762000671367,5.206470133598322,-0.014230929638784624,672.7168614851485,0.325945687119502,0.5046153846153847,0.29750107446654445,-0.31003185125053745,0.0,0.3610397029420166,0.49549224666426256,0.43365295391277453,-146.05467034469277,-0.40294858548282514,0.0,Electrical Equipment & Parts,Industrials,OESX
2010Q1,2010,Q1,2009-08-10,2009-06-30,-2773000.0,12628000.0,-3233000.0,-0.13,3501000.0,0.2772410516,97613000.0,86552000.0,69617000.0,7105000.0,11061000.0,20990000.0,-1418000.0,80956365.0,58343365.0,4.009196806205417,9.798311048557354,0.04351879360331103,0.04908032165634532,-0.031185938287030982,4.009196806205417,-0.03203854330344764,6.410861973392461,-7.298626487558601,0.9353494431093446,0.0,0.4348261076703192,0.0,0.12936801450626453,6.415904292751583,-0.028408101379939148,-9.965086779911374,0.27724105163129553,-1.48565965583174,-0.40012702025919095,-0.40071201969656506,0.0,-0.2464485578992682,-1.4539823008849557,-0.8369318181818182,-290.1035928776261,-0.48141702339185644,0.0,Electrical Equipment & Parts,Industrials,OESX
2009Q4,2009,Q4,2009-06-15,2009-03-31,-1130000.0,15393000.0,-1760000.0,-0.0523,4646000.0,0.3018255051,103722000.0,88695000.0,78374000.0,10947000.0,15027000.0,20232000.0,1356000.0,95204685.24000001,63503685.24000001,4.108463244366271,7.159404403032794,0.043018838819151195,0.050307232651220474,-0.013202786401334474,4.108463244366271,-0.012740289757032527,6.184933751705321,-21.06298346017699,1.0733940497209538,0.0,0.5311882166864373,0.0,0.14840631688552092,4.953411893669498,-0.010894506469215788,81.6506734476844,0.30182550509972067,-2.3074999999999997,0.43090246936464743,-0.2694931991755801,4.288521594161435,-0.3738544474393531,-1.9792027729636048,-1.9292502639915523,0.43090246936464743,-0.2694931991755801,4.288521594161435,Electrical Equipment & Parts,Industrials,OESX
2009Q3,2009,Q3,2009-02-09,2008-12-31,1154000.0,22375000.0,1894000.0,0.04,7420000.0,0.3316201117,113288000.0,96601000.0,89691000.0,12445000.0,16687000.0,18592000.0,2486000.0,136352704.07,116858704.07,3.832790948771391,7.2069907593411004,0.04131946896405621,0.04845705530998644,0.009871959322293322,3.832790948771391,0.011946046107183155,6.093975600893854,29.539147328856153,1.411504063829567,0.0,0.8043782271944923,0.0,0.19750547277734623,5.464925672961028,0.010186427512181344,-35.160573509540995,0.3316201117318436,1.0,1.4990874143480215,-0.09046947274728738,0.0,0.1712707182320442,1.5474613686534215,5.355704697986577,1.4990874143480215,-0.09046947274728738,0.0,Electrical Equipment & Parts,Industrials,OESX
2009Q2,2009,Q2,2008-11-14,2008-09-30,453000.0,18760000.0,298000.0,0.02,6335000.0,0.3376865672,124670000.0,108088000.0,104382000.0,12114000.0,16582000.0,18885000.0,1331000.0,151244421.9,109747421.9,4.009230042222139,8.616641901931649,0.039383973690543035,0.04542594922655614,0.0014803696561790643,4.009230042222139,0.004191029531492857,8.062069397654584,83.46822400662252,1.3992711670120643,0.0,0.6579295737357691,0.0,0.15047725996631106,6.798827802542513,0.003633592684687575,-29.14150710982659,0.3376865671641791,17.18181818181818,1.1831550916451554,-0.2870861447020516,0.0,0.218972484125457,12.323529411764707,1.610655737704918,1.1831550916451554,-0.2870861447020516,0.0,Electrical Equipment & Parts,Industrials,OESX
2009Q1,2009,Q1,2008-08-14,2008-06-30,34000.0,16106000.0,-488000.0,0.0011,5197000.0,0.3226747796,131356000.0,115029000.0,114413000.0,11645000.0,16327000.0,19951000.0,879000.0,270383530.0,221285530.0,4.254290192897474,9.82507513954487,0.038955205700538995,0.044484434360030946,-0.0022273975265577417,4.254290192897474,0.00029557763694372725,16.787751769526885,1988.1141911764705,2.350568378408923,0.0,0.5467896346047817,0.0,0.1226133560705259,7.870330613997424,0.00025883857608331555,-86.66138782051281,0.3226747795852477,-0.979553903345725,1.0137067970593958,-0.3897213354461005,0.0,-0.3540889883171762,-0.9766323024054983,-1.3067253299811439,1.0137067970593958,-0.3897213354461005,0.0,Electrical Equipment & Parts,Industrials,OESX
2008Q4,2008,Q4,2008-06-27,2008-03-31,1455000.0,22250000.0,1591000.0,0.0538,8046000.0,0.3616179775,130702000.0,113190000.0,116896000.0,12606000.0,17512000.0,16789000.0,845000.0,257945887.61999997,184949887.61999997,4.186275695120927,9.273044581945106,0.0406726752459794,0.04696527961834084,0.0089523713217644,4.186275695120927,0.01285449244632918,11.593073600898876,44.32059924742268,2.27887523297111,0.0,0.8460301387813449,0.0,0.1702345794249514,7.8043788672060925,0.011132193845541767,-105.11242364303178,0.3616179775280899,0.07599999999999996,1.5850739331539272,-0.1569166592372864,4.388683820676401,-0.025199903077295856,0.2619254119687771,-0.2935168738898757,1.5850739331539272,-0.1569166592372864,4.388683820676401,Electrical Equipment & Parts,Industrials,OESX
2008Q3,2008,Q3,2008-02-08,2007-12-31,1153000.0,23311000.0,2252000.0,0.05,8254000.0,0.354081764,128763000.0,111240000.0,117820000.0,12885000.0,17523000.0,17318000.0,-610000.0,261394028.84,183383028.84,8.00912250861499,9.14396585176562,0.041036633194318245,0.04750089895720964,0.011790181880463711,8.00912250861499,0.010364976627112549,11.213333998541462,56.6769360017346,2.3498204678173322,0.0,0.8694421988682296,0.0,0.18103803111142175,7.583236321303842,0.008954435668631517,-53.773715046286775,0.35408176397408947,0.0,1.9048791120735085,0.719513489013675,0.0,0.38443475343844347,0.27968923418423974,0.2802728823194997,1.9048791120735085,0.719513489013675,0.0,Electrical Equipment & Parts,Industrials,OESX
2008Q2,2008,Q2,2007-09-30,2007-09-30,901000.0,17563000.0,1759000.0,0.05,5962000.0,0.3394636452,56728000.0,14317000.0,43764000.0,17526000.0,42411000.0,15678000.0,-2112000.0,229337389.95,242780389.95,1.3365765175352733,2.497090037658336,0.35797137216189534,1.4183837396102534,0.029645999390641015,1.3365765175352733,0.06293217852902144,13.057984965552581,63.6341259572697,16.01853670112454,,0.7399540757749713,,0.30960019743336625,1.3868538171858953,0.015882809194753912,0.0,0.33946364516312705,-0.4511525795828759,1.9168618282045524,0.6798141266391546,0.0,-0.660536354836873,-0.5,-0.8998462677219153,1.9168618282045524,0.6798141266391546,0.0,Electrical Equipment & Parts,Industrials,OESX
2008Q1,2008,Q1,2007-06-30,2007-06-30,1802000.0,17563000.0,17563000.0,0.0911,17563000.0,1.0,,,,,,,,229337389.95,,,0.0,0.0,0.0,0.0,,0.0,13.057984965552581,31.81706297863485,0.0,,0.0,,0.0,0.0,0.0,0.0,1.0,-0.08900000000000005,2.833723656409105,0.6798141266391546,0.0,0.26026119402985076,0.9502164502164502,1.5445891472868216,2.833723656409105,0.6798141266391546,0.0,Electrical Equipment & Parts,Industrials,OESX
2007Q4,2007,Q4,2007-03-31,2007-03-31,924000.0,13936000.0,-32250000.0,0.1,13936000.0,1.0,33583000.0,9355000.0,22619000.0,8539000.0,24228000.0,9496000.0,-3553000.0,194412670.01,205466670.01,1.030234037677162,2.648905024007495,0.3376410683977012,1.2120791020844468,-3.116845462452885,1.030234037677162,0.09877071084981294,13.950392509328358,52.60083063041126,20.781685730625334,,0.0,,0.414971860762886,1.3446539407424758,0.027513920733704553,0.0,1.0,0.7793594306049824,2.106348785595797,0.5723563043770574,0.3261442615476563,0.0,0.0,-3.314150401836969,2.106348785595797,0.5723563043770574,0.3261442615476563,Electrical Equipment & Parts,Industrials,OESX
2007Q3,2007,Q3,2006-12-31,2006-12-31,924000.0,13936000.0,13936000.0,0.0562,13936000.0,1.0,,,,,,,,,,,,,,,,,,,,,,,,,,,,,,,,,,,,,,Electrical Equipment & Parts,Industrials,OESX
2007Q2,2007,Q2,2006-09-30,2006-09-30,4000.0,10155000.0,10155000.0,0.0003,10155000.0,1.0,,,,,,,,,,,,,,,,,,,,,,,,,,,,,,,,,,,,,,Electrical Equipment & Parts,Industrials,OESX
2007Q1,2007,Q1,2006-06-30,2006-06-30,4000.0,10155000.0,10155000.0,0.0003,10155000.0,1.0,,,,,,,,,,,,,,,,,,,,,,,,,,,,,,,,,,,,,,Electrical Equipment & Parts,Industrials,OESX
