Year,Date,FillingDate,NetIncome,Revenue,OperatingIncome,EPSDiluted,GrossProfit,GrossProfitRatio,TotalAssets,CommonStockEquity,CurrentAssets,CurrentLiability,TotalLiability,Inventory,RetainedEarnings,EnterpriseValue,bookValuePerShare,currentRatio,debtToAssets,debtToEquity,roic,shareholdersEquityPerShare,roe,priceToSalesRatio,peRatio,pbRatio,payoutRatio,inventoryTurnover,dividendYield,assetTurnover,quickRatio,returnOnAssets,priceToFreeCashFlowsRatio,grossProfitMargin,epsdilutedGrowth,fiveYNetIncomeGrowthPerShare,fiveYRevenueGrowthPerShare,fiveYShareholdersEquityGrowthPerShare,grossProfitGrowth,netIncomeGrowth,operatingIncomeGrowth,threeYNetIncomeGrowthPerShare,threeYRevenueGrowthPerShare,threeYShareholdersEquityGrowthPerShare,Industry,Sector,Price,MarketCap,AvgVolume,Symbol
2023,2023-01-28,2023-03-20,21034000.0,958380000.0,31100000.0,1.08,324678000.0,0.3387779378,747903000.0,407328000.0,340178000.0,145809000.0,340575000.0,134824000.0,238703000.0,667398000.0,21.20616409829238,2.3330384269832454,0.34001066983285266,0.6243003181711053,0.021998015492003645,21.20616409829238,0.05163897399638621,0.5160854775767441,23.514595416943994,1.214269581271113,0.0,4.700216578650686,0.0,1.2814228583118399,1.3312072642978143,0.028123967947715146,-19.01891871106668,0.3387779377699868,-0.777319587628866,0.00832393807383392,0.3277478080567181,0.4704267136303827,-0.289124865894511,-0.8236719228093118,-0.8029275711298397,-0.5873921319633763,0.21585397395045033,0.1465595089253228,Apparel Retail,Consumer Cyclical,17.72,350490968,539345,ZUMZ
2022,2022-01-29,2022-03-14,119289000.0,1183867000.0,157810000.0,4.85,456730000.0,0.385795026,862012000.0,468318000.0,447649000.0,184439000.0,393694000.0,128728000.0,300957000.0,1196750750.0,19.36238475213958,2.427084293452036,0.3107682955689712,0.5720173044811432,0.1168039354038959,19.36238475213958,0.25471794806093295,0.8836193170347683,8.769356353058539,2.2337124560661774,0.0,5.648631222422472,0.0,1.3733764727173172,1.674862691730057,0.1383843844401238,8.775830320215434,0.38579502596153115,0.6166666666666666,3.707854050855501,0.44726100418571724,0.5592643820282475,0.30488693341713924,0.5649179424613326,0.6279477604241887,1.7205625094195296,0.2471966731675976,0.20567659413107192,Apparel Retail,Consumer Cyclical,17.72,350490968,539345,ZUMZ
2021,2021-01-30,2021-03-15,76227000.0,990652000.0,96938000.0,3.0,350015000.0,0.3533178149,998364000.0,552596000.0,535277000.0,195452000.0,445768000.0,134354000.0,380029000.0,1313995360.0,22.155240157164624,2.738662177926038,0.3136290972030241,0.566627337150468,0.06118018769271861,22.155240157164624,0.13794345235940905,1.0846405801431784,14.09607304498406,1.9444609805355086,0.0,4.768276344582223,0.0,0.9922753624930386,2.0061191494586907,0.07635191172758633,8.306608635151328,0.35331781493400305,0.14503816793893126,1.9194203632155624,0.3580641074955909,1.0514843516117003,-0.04514367243829846,0.13974073354166355,0.12972135140489705,1.8140895159734542,0.056938806931467516,0.5362352579651483,Apparel Retail,Consumer Cyclical,17.72,350490968,539345,ZUMZ
2020,2020-02-01,2020-03-16,66881000.0,1034129000.0,85807000.0,2.62,366563000.0,0.3544654487,914258000.0,466086000.0,412588000.0,159710000.0,448172000.0,135095000.0,317219000.0,1079573000.0,18.49547619047619,2.5833573351699957,0.37901445762574676,0.7434615071038392,0.05441129886686678,18.49547619047619,0.14349497732178182,0.7595609445243292,11.744501427909272,1.6852769660534752,0.0,4.941456012435693,0.0,1.1311128806091935,1.6782731200300545,0.07315331120974604,9.046853404588592,0.3544654487012742,0.46368715083798884,0.7740290594304648,0.4598901753634081,0.4852496442385989,0.09116915126690799,0.4795044795929654,0.40487573266970106,1.5334177828146907,0.21338920396028588,0.48945171897145673,Apparel Retail,Consumer Cyclical,17.72,350490968,539345,ZUMZ
2019,2019-02-02,2019-03-18,45205000.0,978617000.0,61078000.0,1.79,335936000.0,0.34327627662303023,534190000.0,400456000.0,327175000.0,93108000.0,133734000.0,129268000.0,256614000.0,574469040.0,16.05935194096888,3.513930059715599,0.0,0.0,0.11061635644237701,16.05935194096888,0.11288381245380266,0.6405887492246711,13.867736754783763,1.5654429949857163,0.0,4.971694464213881,0.0,1.8319642823714408,1.9666408901490742,0.08462344858570921,14.15391479081529,0.34327627662303023,0.6574074074074073,0.1761292420392148,0.6151292137419365,0.42625823425397086,0.08410515241678876,0.6866278635922692,0.2526251025430681,0.7317243520866953,0.341888379817459,0.48703010981664463,Apparel Retail,Consumer Cyclical,17.72,350490968,539345,ZUMZ
2018,2018-02-03,2018-03-19,26802000.0,927401000.0,48760000.0,1.08,309874000.0,0.3341316215962674,499510000.0,355915000.0,279163000.0,99247000.0,143595000.0,125826000.0,209357000.0,483112450.0,14.421775598687143,2.8128104627847694,0.0,0.0,0.07585991089196155,14.421775598687143,0.07530449686020539,0.5468545429646938,18.922224087754646,1.4249285644044225,0.0,4.907785354378269,0.0,1.856621489059278,1.3998609529759085,0.053656583451782744,12.234716057126315,0.3341316215962674,0.03846153846153849,-0.20817363441033102,0.7258019428659104,0.4611850381313097,0.12680635049926908,0.03466646077825818,0.22688272148554461,-0.2740642958007187,0.3368602534879842,0.15811763139511265,Apparel Retail,Consumer Cyclical,17.72,350490968,539345,ZUMZ
2017,2017-01-28,2017-03-13,25904000.0,836268000.0,39743000.0,1.04,275002000.0,0.3288443417660367,426683000.0,307051000.0,211363000.0,73597000.0,119632000.0,106924000.0,182555000.0,445856950.00000006,12.417640635742305,2.871896952321426,0.0,0.0,0.08335500962790207,12.417640635742305,0.08436383532377358,0.5573619342124774,17.99351258492897,1.518001732611195,0.0,5.249205042834163,0.0,1.9599280965025558,1.2414092965745886,0.06071017593857735,16.613935127428267,0.3288443417660367,0.0,-0.14379591496129507,0.8572989593375713,0.3922340693018705,0.02374322473047829,-0.10008685079034219,-0.13910971515217155,-0.3203414788225121,0.39185936488913276,0.10283168784366677,Apparel Retail,Consumer Cyclical,17.72,350490968,539345,ZUMZ
2016,2016-01-30,2016-03-14,28785000.0,804183000.0,46165000.0,1.04,268624000.0,0.3340334227408438,414695000.0,296957000.0,198897000.0,69142000.0,117738000.0,98299000.0,177191000.0,454807670.0,10.79961450340037,2.876645165022707,0.0,0.0,0.09757576981170016,10.79961450340037,0.0969332260226228,0.6192255618435107,17.299658502692374,1.6769117077556683,0.0,5.448264987436291,0.0,1.9392155680680982,1.2784414682826646,0.06941245975958234,36.155570318739564,0.3340334227408438,-0.292517006802721,0.2963221834369401,0.8305104955166777,0.42754866377671075,-0.06429847814046809,-0.33355714021115024,-0.3549761775020609,-0.23674223076838857,0.3431376592791854,0.09419502626230275,Apparel Retail,Consumer Cyclical,17.72,350490968,539345,ZUMZ
2015,2015-01-31,2015-03-17,43192000.0,811551000.0,71571000.0,1.47,287083000.0,0.35374609851999445,493705000.0,359524000.0,279763000.0,81447000.0,134181000.0,93850000.0,241708000.0,1060180590.0,12.452772678466282,3.4349085908627695,0.008999301202134878,0.012358006697744795,0.11853760129967335,12.452772678466282,0.12013662509317875,1.3265951123219613,24.925902713465458,2.9945138293966465,0.0,5.588364411294619,0.0,1.6437974093841463,2.0540596952619494,0.0874854417111433,19.87116022813267,0.35374609851999445,-0.03289473684210529,3.8332149137029816,1.0343683033170514,0.906564053434564,0.09674128973105134,-0.059980847915034385,-0.017448724636885314,0.22270976522335706,0.5436959189247857,0.39617298396684336,Apparel Retail,Consumer Cyclical,17.72,350490968,539345,ZUMZ
2014,2014-02-01,2014-03-18,45948000.0,724337000.0,72842000.0,1.52,261760000.0,0.36137875049873197,443403000.0,335654000.0,229846000.0,61374000.0,107749000.0,87182000.0,215961000.0,625945200.0,11.259778597785978,3.745006028611464,0.009174498142773053,0.01211962318339719,0.13690190988116066,11.259778597785978,0.13689096510096707,0.8856529488345894,13.961678419082443,1.9112276332175395,0.0,5.305877360005506,0.0,1.6335861507477396,2.076595952683547,0.10362582120553988,20.74409700889248,0.36137875049873197,0.12592592592592586,1.6095721164133283,0.7318134157788214,0.8429922921606949,0.08486265148124202,0.08974480599563608,0.06273525721455459,0.9086955863079341,0.5208323533303385,0.48837552364762193,Apparel Retail,Consumer Cyclical,17.72,350490968,539345,ZUMZ
2013,2013-02-02,2013-03-19,42164000.0,669393000.0,68542000.0,1.35,241284000.0,0.36045193182480245,409098000.0,303421000.0,203314000.0,57199000.0,105677000.0,77598000.0,189051000.0,637390620.0,9.869917376878538,3.554502701096173,0.014681078861299738,0.019794279235781306,0.13289688370322358,9.869917376878538,0.13896203624666717,0.9694807385198232,15.391414951143156,2.13882236232825,0.0,5.517010747699683,0.0,1.6362656380622735,1.9692477141208762,0.1030657690822248,25.798593520174915,0.36045193182480245,0.1250000000000001,0.5493266768895889,0.6332401810019538,0.8264102010980163,0.1963942164660148,0.12885866509598137,0.13796652941957763,3.431026073895132,0.5758854235289638,0.5111196652345393,Apparel Retail,Consumer Cyclical,17.72,350490968,539345,ZUMZ
2012,2012-01-28,2012-03-13,37351000.0,555874000.0,60232000.0,1.2,201676000.0,0.36280883797407326,362157000.0,272277000.0,253503000.0,55576000.0,89880000.0,65037000.0,172730000.0,850050910.0,8.919219051986765,4.561375413847704,0.0,0.0,0.13394016535884654,8.919219051986765,0.13718015109612638,1.5558020522636424,23.154130009906027,3.176287053258263,0.0,5.446099912357581,0.0,1.5348978481708209,3.222290197207428,0.10313482826508945,20.32168409427356,0.36280883797407326,0.5189873417721518,0.6158335164749863,0.682006295498524,1.3438258801854253,0.18356543835865655,0.5432384415155146,0.6119035512618085,1.071489679317885,0.2978205306549591,0.4598912245163204,Apparel Retail,Consumer Cyclical,17.72,350490968,539345,ZUMZ
2011,2011-01-29,2011-03-15,24203000.0,478849000.0,37367000.0,0.79,170397000.0,0.3558470415517209,301631000.0,226735000.0,200861000.0,45461000.0,74896000.0,56303000.0,135379000.0,657296010.0,7.565146308097828,4.418314599326895,0.0,0.0,0.1026578003205565,7.565146308097828,0.1067457604692703,1.3963754962420303,27.626864851464692,2.949050697951353,0.0,5.478429213363409,0.0,1.5875324485878441,2.968038538527529,0.08024042621613826,34.58967513320573,0.3558470415517209,1.6333333333333335,0.6262594936420799,1.0112047143638716,1.6570696517001704,0.26465436625154004,1.6506406746249043,1.9341970946211229,-0.08777645069799271,0.19839050315441958,0.39991652030208336,Apparel Retail,Consumer Cyclical,17.72,350490968,539345,ZUMZ
2010,2010-01-30,2010-03-23,9131000.0,407603000.0,12735000.0,0.3,134738000.0,0.33056184571752417,260265000.0,192676000.0,174662000.0,39787000.0,67589000.0,50916000.0,111176000.0,352577171.05,6.531525996219921,4.389926357855581,0.0,0.0,0.04308682985715216,6.531525996219921,0.047390437833461356,0.9213062000279684,41.12662041945023,1.9490085482883184,0.0,5.359120905020033,0.0,1.566107621078516,2.876090180209616,0.035083472614450655,13.145028390156819,0.33056184571752417,-0.48275862068965514,-0.03692344744622634,1.0341915789302334,4.724299865541394,0.0015089010294718846,-0.4692513368983957,-0.48248537061118335,-0.5912254152059881,0.276320639548526,0.7163789315875252,Apparel Retail,Consumer Cyclical,17.72,350490968,539345,ZUMZ
2009,2009-01-31,2009-03-23,17204000.0,408669000.0,24608000.0,0.58,134535000.0,0.3292028512072117,233349000.0,177951000.0,143313000.0,31221000.0,55398000.0,51974000.0,102045000.0,175200256.35000002,6.109509326588226,4.590275775920054,0.0,0.0,0.08909334471100691,6.109509326588226,0.09667829908233165,0.5095988595905244,12.1051648657289,1.1703067493298718,0.0,5.274444914765075,0.0,1.7513209827340164,2.662855129560232,0.07372647836502406,20.850746530837007,0.3292028512072117,-0.32558139534883723,-0.9884614006009836,-0.9895928212383954,-0.9710330130529156,-0.017899508712505566,-0.3206980968174998,-0.36813454872255746,0.18948018266392605,0.7661863402296917,1.14581333358752,Apparel Retail,Consumer Cyclical,17.72,350490968,539345,ZUMZ
TTM,,,,,,,,,,,,,,,,530208968.0,20.411678908162735,2.0896004171503417,0.33226387663891205,0.628754373562881,0.0031050726260548047,20.411678908162735,0.007827296316049231,0.38072800546611324,111.56800262381108,0.8681304502058221,0.0,4.18545218467448,0.0,1.2415151490631129,1.092499363721577,0.0041119463572389945,-21.523640874478016,0.32769957233529695,,,,,,,,,,,Apparel Retail,Consumer Cyclical,17.72,350490968,539345,ZUMZ
