Quarters,Year,Quarter,FillingDate,Date,NetIncome,Revenue,OperatingIncome,EPSDiluted,GrossProfit,GrossProfitRatio,TotalAssets,CommonStockEquity,CurrentAssets,CurrentLiability,TotalLiability,Inventory,RetainedEarnings,MarketCap,EnterpriseValue,bookValuePerShare,currentRatio,debtToAssets,debtToEquity,roic,shareholdersEquityPerShare,roe,priceToSalesRatio,peRatio,pbRatio,payoutRatio,inventoryTurnover,dividendYield,assetTurnover,quickRatio,returnOnAssets,priceToFreeCashFlowsRatio,grossProfitMargin,epsdilutedGrowth,fiveYNetIncomeGrowthPerShare,fiveYRevenueGrowthPerShare,fiveYShareholdersEquityGrowthPerShare,grossProfitGrowth,netIncomeGrowth,operatingIncomeGrowth,threeYNetIncomeGrowthPerShare,threeYRevenueGrowthPerShare,threeYShareholdersEquityGrowthPerShare,Industry,Sector,Symbol
2024Q1,2024,Q1,2023-06-05,2023-04-29,-18382000.0,182887000.0,-21354000.0,-0.96,49358000.0,0.2698824957,741498000.0,391843000.0,336620000.0,161093000.0,349655000.0,147871000.0,220321000.0,335659545.0,515377545.0,20.411678908162735,2.0896004171503417,0.33226387663891205,0.628754373562881,-0.02109340341336969,20.411678908162735,-0.04691164573566454,1.8353384603607692,-4.565057461103253,0.856617433512912,0.0,0.9030100560623787,0.0,0.24664530450520433,1.092499363721577,-0.02479035681822473,-18.325028388928317,0.269882495748741,-2.6271186440677963,-8.120372483401912,0.14675811209827688,0.43791196495904466,-0.48190912049040086,-2.6079426172148357,-2.4039447731755423,-0.13629392271641383,0.7315013426504094,0.1854428808741073,Apparel Retail,Consumer Cyclical,ZUMZ
2023Q4,2023,Q4,2023-03-20,2023-01-28,11432000.0,280110000.0,15210000.0,0.59,95269000.0,0.3401128128,747903000.0,407328000.0,340178000.0,145809000.0,340575000.0,134824000.0,238703000.0,492185500.0,664977500.0,21.310453071047398,2.3330384269832454,0.34001066983285266,0.6243003181711053,0.011756447128179684,21.310453071047398,0.028065833922539085,1.7571150619399523,10.763328813855843,1.208327195773431,0.0,1.3709799442235804,0.0,0.37452717798965907,1.3312072642978143,0.015285404658090689,17.499306691317642,0.3401128128235336,0.6388888888888888,-0.2581478156139521,0.17567571042395388,0.4806518241544502,0.16205798763158216,0.6491633006347375,0.45703611457036114,-0.6046796868567146,0.11619900686599602,0.14488258582971142,Apparel Retail,Consumer Cyclical,ZUMZ
2023Q3,2023,Q3,2022-12-05,2022-10-29,6932000.0,237591000.0,10439000.0,0.36,81983000.0,0.3450593667,749807000.0,380670000.0,353307000.0,175546000.0,369137000.0,177205000.0,227271000.0,432828660.0,637546660.0,19.929323072090465,2.0126177753979015,0.3388258578540878,0.6673864502062153,0.008471407604061567,19.929323072090465,0.018209998161136942,1.8217384496887508,15.609804529717252,1.1370180471274334,0.0,0.8781242064275838,0.0,0.31686954109524185,0.9167739509872056,0.009245045725099925,-21.94871501014199,0.3450593667268541,1.2499999999999998,-0.24775167868846748,0.25077054839672586,0.5080191919282374,0.0921746776084408,1.260189109879361,1.106760847628658,-0.5225686271068751,0.18868895642250877,0.17804781295035024,Apparel Retail,Consumer Cyclical,ZUMZ
2023Q2,2023,Q2,2022-09-08,2022-07-30,3067000.0,219993000.0,4955000.0,0.16,75064000.0,0.3412108567,760611000.0,378296000.0,355505000.0,181247000.0,382315000.0,151071000.0,220339000.0,496184000.0,700524000.0,19.822678683714106,1.9614393617549533,0.3464109774904649,0.6965022099097004,0.003026929595207686,19.822678683714106,0.008107407955674922,2.2554535826139923,40.44538637104663,1.3116289889398778,0.0,0.9593436198873377,0.0,0.28923194642202127,1.0503953168880036,0.004032284571219717,-77.85721010513102,0.3412108567090771,8.88177339901478,7.525958211756334,0.48043007987906505,0.5561028092469676,0.03716804377262553,8.72544080604534,8.969818913480886,-0.5512747956112966,0.2716837659267471,0.2357818646161786,Apparel Retail,Consumer Cyclical,ZUMZ
2023Q1,2023,Q1,2022-06-06,2022-04-30,-397000.0,220686000.0,497000.0,-0.0203,72374000.0,0.3279501192,768114000.0,376897000.0,348793000.0,178297000.0,391217000.0,141883000.0,217272000.0,715493790.0,930272790.0,19.2953975323811,1.9562471606364662,0.3609880824981708,0.7356917141818587,-0.00018245335972244978,19.2953975323811,-0.001053338179927142,3.242134933797341,-450.5628400503779,1.8983801675258758,0.0,1.0453119824080404,0.0,0.2873089150829174,1.1024414319926863,-0.0005168503633575225,-25.51780698313064,0.3279501191738488,-1.0119411764705881,0.8876847684807153,0.5329831672220863,0.552123649146109,-0.4596253350555875,-1.010391582033295,-0.990261012697915,-1.6430563493642116,0.33129321748028373,0.22885959002802758,Apparel Retail,Consumer Cyclical,ZUMZ
2022Q4,2022,Q4,2022-03-14,2022-01-29,38204000.0,346677000.0,51032000.0,1.7,133933000.0,0.3863336766,862012000.0,468318000.0,447649000.0,184439000.0,393694000.0,128728000.0,300957000.0,953922000.0,1104585000.0,21.233133841131664,2.427084293452036,0.3107682955689712,0.5720173044811432,0.03804838211714089,21.233133841131664,0.08157704807417182,2.7516160575982833,6.242291383101246,2.0369108170089554,0.0,1.6526629793052017,0.0,0.4021718955188559,1.674862691730057,0.04431956863709554,17.0121448825638,0.38633367659233236,0.36,1.3413942049841217,0.46547608667052454,0.6997516041798149,0.16804751273285426,0.24434890235163834,0.2808593946087044,0.46148275892817825,0.28942960345502133,0.32476439114578043,Apparel Retail,Consumer Cyclical,ZUMZ
2022Q3,2022,Q3,2021-12-06,2021-10-30,30702000.0,289455000.0,39842000.0,1.25,114664000.0,0.39613756887944584,978189000.0,531742000.0,546934000.0,217641000.0,446447000.0,175108000.0,358560000.0,988358800.0000001,1197726800.0,21.89680448031626,2.5130099567636615,0.29126579832731714,0.5358105998773841,0.026950551008170162,21.89680448031626,0.05773852733092364,3.4145507937330506,8.048000130284672,1.8587187019268743,0.0,0.9981896886492907,0.0,0.2959090727865474,1.6549868820672575,0.0313865725335288,60.20704191033139,0.39613756887944584,0.3297872340425533,1.894448072747384,0.318259707539494,0.8524043993233055,0.09240222931453342,0.2793566130510876,0.24685485385241285,1.2841900874139605,0.19648508975839732,0.4828967359002805,Apparel Retail,Consumer Cyclical,ZUMZ
2022Q2,2022,Q2,2021-09-09,2021-07-31,23998000.0,268666000.0,31954000.0,0.94,104965000.0,0.39068955506093067,1030742000.0,594296000.0,597837000.0,205153000.0,436446000.0,149368000.0,419489000.0,1103210100.0,1317890100.0,23.514125187940177,2.9141031327838247,0.2802709116345312,0.48609951943139446,0.019966263342946402,23.514125187940177,0.04038055110584624,4.106251256206591,11.492729602466872,1.856331020232342,0.0,1.0959576348347706,0.0,0.2606530053107373,2.129206007223877,0.023282256859621514,48.788700689899166,0.39068955506093067,-0.0873786407766991,29.000445711658934,0.47354528384344663,1.0734604175758442,0.01740833002161502,-0.09046806897858632,-0.06785297549591598,4.413549290952337,0.21146173392260662,0.6527620742088817,Apparel Retail,Consumer Cyclical,ZUMZ
2022Q1,2022,Q1,2021-06-07,2021-05-01,26385000.0,279069000.0,34280000.0,1.03,103169000.0,0.36968993331398325,1017804000.0,581781000.0,566851000.0,193246000.0,436023000.0,136498000.0,406414000.0,1081425990.0,1305908990.0,23.116819644772917,2.933312979311344,0.30063352079575245,0.5259470488035876,0.02133757171739804,23.116819644772917,0.04535211703372918,3.875120454081249,10.246598351335987,1.8588197105096247,0.0,1.2886635701622002,0.0,0.2741873680983765,2.177907951522929,0.025923458740582665,44.87244771784233,0.36968993331398325,-0.38690476190476186,13.35557844678502,0.6145493228664332,1.012433815256156,-0.20408415173233146,-0.38348482370259596,-0.3629318515489974,10.985707213443655,0.33475789059645306,0.628477094342614,Apparel Retail,Consumer Cyclical,ZUMZ
2021Q4,2021,Q4,2021-03-15,2021-01-30,42797000.0,331536000.0,53809000.0,1.68,129623000.0,0.3909771487862555,998364000.0,552596000.0,535277000.0,195452000.0,445768000.0,134354000.0,380029000.0,1078033920.0,1317527920.0,22.082640664961637,2.738662177926038,0.3136290972030241,0.566627337150468,0.03481775436552657,22.082640664961637,0.07744717659917914,3.251634573620964,6.2973685071383505,1.9508536435298118,0.0,1.502843235035801,0.0,0.33207928170486917,2.0061191494586907,0.04286713062570365,19.56895060719926,0.3909771487862555,0.4482758620689656,2.2757128561554674,0.3763294097265528,0.872834468111743,0.2251006559174338,0.46871889906997494,0.42107487125313614,1.121306101191259,0.06288058926455145,0.5343034741548863,Apparel Retail,Consumer Cyclical,ZUMZ
2021Q3,2021,Q3,2020-12-07,2020-10-31,29139000.0,270952000.0,37865000.0,1.16,105806000.0,0.39049720983790487,974154000.0,499186000.0,505675000.0,215927000.0,474968000.0,160961000.0,337232000.0,696192000.0,938939000.0,20.076657014157014,2.341879431474526,0.33638007953567917,0.6564406854358896,0.024680928909985075,20.076657014157014,0.058373031294948176,2.5694292716053027,5.973025841655513,1.3946544975219657,0.0,1.026000086977591,0.0,0.2781408278362559,1.5536454449883526,0.02991210835247815,40.277234596470926,0.39049720983790487,0.14851485148514842,2.213261403820686,0.41161154424785,0.7740088845647971,0.1646230049532196,0.14756616257088848,0.14354312635902391,1.429195255000489,0.09578444078517317,0.5191677096904864,Apparel Retail,Consumer Cyclical,ZUMZ
2021Q2,2021,Q2,2020-09-10,2020-08-01,25392000.0,250392000.0,33112000.0,1.01,90850000.0,0.3628310808652034,936896000.0,470026000.0,461204000.0,203600000.0,466870000.0,126701000.0,308093000.0,573734700.0,773799700.0,18.924427265772838,2.26524557956778,0.3564643247489583,0.7105351618846617,0.02154191164754859,18.924427265772838,0.05402254343376749,2.291345969519793,5.648774220226844,1.220644602639003,0.0,1.2592007955738314,0.0,0.26725698476671905,1.5910756385068763,0.027102261083407336,7.448488192451998,0.3628310808652034,2.2023809523809526,8.0082878744766,0.5872339469892562,0.7559418333932931,2.8275193798449614,2.2033552912184255,2.1890261419132435,42.514297429768405,0.2947018190425549,0.4855890518900037,Apparel Retail,Consumer Cyclical,ZUMZ
2021Q1,2021,Q1,2020-06-08,2020-05-02,-21101000.0,137772000.0,-27848000.0,-0.84,23736000.0,0.17228464419475656,861433000.0,431154000.0,375595000.0,156881000.0,430279000.0,136354000.0,282701000.0,533101600.0,809562600.0,17.218610223642173,2.394139507014871,0.3949140559973904,0.789026658688079,-0.019823589086807362,17.218610223642173,-0.04894074970892071,3.8694480736288943,-6.316070328420454,1.2364528683486642,0.0,0.8363231001657451,0.0,0.15993350614615415,1.4919716218025127,-0.02449523062153412,-26.59391399780505,0.17228464419475656,-1.5562913907284768,-9.865299145915273,-0.09725794463333064,0.3768708064933803,-0.8150350277026659,-1.5569897582092704,-1.570001637465204,-3.6567809849564434,-0.25345121730874376,0.3850666765840926,Apparel Retail,Consumer Cyclical,ZUMZ
2020Q4,2020,Q4,2020-03-16,2020-02-01,37884000.0,328753000.0,48856000.0,1.51,128327000.0,0.3903447268922261,914258000.0,466086000.0,412588000.0,159710000.0,448172000.0,135095000.0,317219000.0,780496800.0,1074585800.0,18.613658146964855,2.5833573351699957,0.37901445762574676,0.7434615071038392,0.03168027544906406,18.613658146964855,0.08128113695755719,2.374113087941403,5.1505701615457715,1.6745767948404373,0.0,1.4835930271290574,0.0,0.3595844936549639,1.6782731200300545,0.041436881055456995,10.955724933675834,0.3903447268922261,1.0133333333333334,1.5174763922519268,0.4796649796742571,0.5087187838939901,0.3568664354593131,0.9752854684811513,1.009707939119704,1.0450972241158538,0.22409707331935957,0.49005773390217316,Apparel Retail,Consumer Cyclical,ZUMZ
2020Q3,2020,Q3,2019-12-09,2019-11-02,19179000.0,264022000.0,24310000.0,0.75,94576000.0,0.35821257319465805,895030000.0,426839000.0,389575000.0,177334000.0,468191000.0,183381000.0,279335000.0,805625830.0,1120838830.0,16.917244659347627,2.196843244950207,0.38785515569310525,0.8132855713746869,0.01625317781078478,16.917244659347627,0.04493263267883207,3.0513587125315316,10.501405573804682,1.8874231970368218,0.0,0.9240106663176665,0.0,0.2949867602203278,1.1020842026909674,0.0214283320112175,-71.37011250885897,0.35821257319465805,1.0833333333333335,0.39475134288959546,0.41541080297493,0.4183060114317098,0.22514119902585628,1.1250969529085872,1.08258374025529,0.7402466844505436,0.1572995903459399,0.4311484792027346,Apparel Retail,Consumer Cyclical,ZUMZ
2020Q2,2020,Q2,2019-09-09,2019-08-03,9025000.0,228425000.0,11673000.0,0.36,77196000.0,0.3379489985772135,882261000.0,404207000.0,373132000.0,181132000.0,478054000.0,151079000.0,260156000.0,573277250.0,861527250.0,16.040596849081314,2.0600004416668507,0.399083717856734,0.8710784325852843,0.007294392949752587,16.040596849081314,0.022327668743985136,2.5096957425850936,15.880256232686982,1.4182764029321608,0.0,1.0009928580411573,0.0,0.2589086449474702,1.1608329836804099,0.010229399236733801,28.184722222222224,0.3379489985772135,10.999999999999998,0.3822558273056342,0.4761554104569971,0.38778078245480807,0.16147087144920558,10.380832282471626,11.058884297520661,11.561552950210833,0.25656536667819013,0.4144495010990213,Apparel Retail,Consumer Cyclical,ZUMZ
2020Q1,2020,Q1,2019-06-10,2019-05-04,793000.0,212928000.0,968000.0,0.03,66464000.0,0.3121430718364893,834736000.0,393960000.0,328638000.0,143965000.0,440776000.0,135959000.0,251131000.0,675924600.0,963152600.0,15.701873256277402,2.282763171604209,0.41671139138601904,0.8829424307036248,0.00035705509392138266,15.701873256277402,0.002012894710122855,3.174427975653742,213.09098360655736,1.7157188547060616,0.0,1.0772659404673468,0.0,0.25508424220352305,1.2715798978918487,0.0009500009583868433,103.49480937069362,0.3121430718364893,-0.9745762711864406,-0.6345404460608476,0.503270378210876,0.3980784911702143,-0.4166805627473868,-0.9732203160880724,-0.974320882852292,1.3724860040587623,0.23567222057942383,0.3669259521581278,Apparel Retail,Consumer Cyclical,ZUMZ
2019Q4,2019,Q4,2019-03-18,2019-02-02,29612000.0,304565000.0,37696000.0,1.18,113941000.0,0.374110616781311,534190000.0,400456000.0,327175000.0,93108000.0,133734000.0,129268000.0,256614000.0,628122900.0,575700900.0,16.027856714028417,3.513930059715599,0.0,0.0,0.07289184850856802,16.027856714028417,0.0739457018998342,2.0623607440119516,5.302942219370526,1.5685191381824721,0.0,1.4746418293777268,0.0,0.5701435818716187,1.9666408901490742,0.05543346000486718,14.658644107351225,0.374110616781311,1.145454545454545,0.2739116144820034,0.550944314726273,0.3781452704975187,0.31158127381349787,1.1422267235766477,1.0493639230183756,1.2700614664943162,0.26633633396996226,0.3593266747131932,Apparel Retail,Consumer Cyclical,ZUMZ
2019Q3,2019,Q3,2018-12-10,2018-11-03,13823000.0,248795000.0,18394000.0,0.55,86873000.0,0.3491750236138186,556719000.0,368772000.0,348188000.0,147001000.0,187947000.0,186938000.0,227002000.0,573153300.0,543513300.0,14.766236886361817,2.3686097373487254,0.0,0.0,0.03664903096818824,14.766236886361817,0.03748386536938813,2.3037171165015375,10.365935397525861,1.554221307474537,0.0,0.866180230878687,0.0,0.44689511225591366,0.9890885096019755,0.024829402265775014,-113.58567181926279,0.3491750236138186,2.235294117647059,0.39517302041340535,0.5580778599714667,0.3574563236646017,0.1976700903012339,2.1580991546721497,1.7461928934010151,0.5175975327611202,0.29046841154111164,0.3047707797928027,Apparel Retail,Consumer Cyclical,ZUMZ
2019Q2,2019,Q2,2018-09-10,2018-08-04,4377000.0,218971000.0,6698000.0,0.17,72535000.0,0.33125391033515855,530467000.0,355039000.0,319288000.0,132382000.0,175428000.0,149656000.0,213179000.0,586442500.0,550656500.0,14.227168904027248,2.411868683053587,0.010600093879543873,0.015837696703742406,0.011315010973572367,14.227168904027248,0.012328223096617555,2.678174278785775,33.49568768562943,1.6517692422522596,0.0,0.978483989950286,0.0,0.41278910846480554,1.1592437038268042,0.008251220151300646,42.03888888888889,0.33125391033515855,2.7,0.10448593499106586,0.6587859850527134,0.3721609308985703,0.1589467461293879,2.678941311852704,4.919251023990638,0.5454802397817472,0.3814929059283616,0.3200970734008332,Apparel Retail,Consumer Cyclical,ZUMZ
2019Q1,2019,Q1,2018-06-11,2018-05-05,-2607000.0,206287000.0,-1709000.0,-0.1,62587000.0,0.3033976935046804,491704000.0,352485000.0,278589000.0,95234000.0,139219000.0,128244000.0,208802000.0,578562300.0,554195300.0,14.195360637912287,2.925310288342399,0.009550461253111629,0.013322552732740401,-0.006537570340946706,14.195360637912287,-0.007396059406783268,2.8046474087072863,-55.4816168009206,1.6413813353759734,0.0,1.1205202582576963,0.0,0.4195349234498804,1.4327551084696641,-0.005301970291069424,-77.5240921881281,0.3033976935046804,-1.125,-2.248865033793375,0.6623559178807493,0.4002109473641559,-0.4541609251539307,-1.1307618999849527,-1.046252943246096,-2.1045147071459387,0.363059100645299,0.13511935029169705,Apparel Retail,Consumer Cyclical,ZUMZ
2018Q4,2018,Q4,2018-03-19,2018-02-03,19937000.0,308245000.0,36949000.0,0.8,114662000.0,0.371983324952554,499510000.0,355915000.0,279163000.0,99247000.0,143595000.0,125826000.0,209357000.0,508180950.0,484139950.0,14.392615956973593,2.8128104627847694,0.0,0.0,0.05577917235192207,14.392615956973593,0.05601618363935209,1.648626741715194,6.372334729397603,1.4278154896534285,0.0,1.5384976078076074,0.0,0.6170947528578007,1.3998609529759085,0.039913114852555505,10.892314864430393,0.371983324952554,0.6666666666666669,0.04684512328286413,0.6505096805036029,0.40946800170559494,0.3753883431093838,0.6722865291058547,0.9645363675031902,0.3415200179527532,0.4048096479013124,0.1665847665306558,Apparel Retail,Consumer Cyclical,ZUMZ
2018Q3,2018,Q3,2017-12-04,2017-10-28,11922000.0,245756000.0,18808000.0,0.48,83367000.0,0.33922671267435994,496269000.0,326583000.0,272888000.0,124836000.0,169686000.0,156986000.0,189420000.0,443580400.0,444311400.0,13.215563289090321,2.1859719952577783,0.022953277355627695,0.03487934154564077,0.035682803846721914,13.215563289090321,0.0365052681860354,1.8049626458763977,9.301719510149303,1.3582470612371127,0.0,1.034417081777993,0.0,0.4952072363980019,0.8133070588612259,0.024023261577894247,127.1004011461318,0.33922671267435994,25.0,0.1790339721086722,0.7101220503915071,0.36208401526296546,0.39419024683925347,20.60855263157895,25.68241469816273,-0.1147895852803941,0.34515734516940033,0.10796487458826096,Apparel Retail,Consumer Cyclical,ZUMZ
2018Q2,2018,Q2,2017-09-07,2017-07-29,-608000.0,192245000.0,-762000.0,-0.02,59796000.0,0.3110405992353507,468867000.0,314505000.0,244218000.0,108454000.0,154362000.0,141782000.0,177499000.0,306143600.0,288852600.0,12.738669042893596,2.2518118280561343,0.0,0.0,-0.002125679389951818,12.738669042893596,-0.0019331966105467322,1.5924658638716223,-125.88141447368422,0.9734140951654188,0.0,0.9341735904416639,0.0,0.41002032559339857,0.8027182031091523,-0.001296742999613963,-49.03789844625981,0.3110405992353507,0.888888888888889,-1.365050839344611,0.7826787642129913,0.3946654444862245,0.1488405156679283,0.8633093525179856,0.87776708373436,-1.0950439779874515,0.26801184127280375,0.10210862214844622,Apparel Retail,Consumer Cyclical,ZUMZ
2018Q1,2018,Q1,2017-06-06,2017-04-29,-4448000.0,181155000.0,-6234000.0,-0.18,52049000.0,0.28731749054676936,447436000.0,305569000.0,226055000.0,95797000.0,141867000.0,122406000.0,178107000.0,441211000.0,418891000.0,12.431611065907243,2.359729427852647,0.0,0.0,-0.01374506391262449,12.431611065907243,-0.014556450425272198,2.4355441472771937,-24.79828012589928,1.4438997411386625,0.0,1.0547358789601817,0.0,0.4048735461607917,0.9445702892574924,-0.009941086546455806,-180.08612244897958,0.28731749054676936,-1.2432432432432432,-2.2303450070753494,0.746293126804388,0.36450296519693387,-0.44641090820135926,-1.2446106467223934,-1.2233928187486562,-3.092424005341011,0.3054896500773049,0.10689774131822748,Apparel Retail,Consumer Cyclical,ZUMZ
2017Q4,2017,Q4,2017-03-13,2017-01-28,18184000.0,263634000.0,27906000.0,0.74,94021000.0,0.35663457672379134,426683000.0,307051000.0,211363000.0,73597000.0,119632000.0,106924000.0,182555000.0,463333000.00000006,443086000.00000006,12.491903986981285,2.871896952321426,0.0,0.0,0.05878746759150744,12.491903986981285,0.059221432270209186,1.757485756768854,6.370064342278927,1.5089773360125844,0.0,1.586294938460963,0.0,0.6178685347201552,1.2414092965745886,0.04261711856342999,11.328435207823963,0.35663457672379134,0.7209302325581396,0.2152398236685762,0.7955154746749342,0.4121218935690381,0.23422772979075324,0.7002337540906965,0.6499733932477976,-0.20483280559907505,0.3646306008730734,0.0741085789779561,Apparel Retail,Consumer Cyclical,ZUMZ
2017Q3,2017,Q3,2016-12-06,2016-10-29,10695000.0,221391000.0,16913000.0,0.43,76178000.0,0.3440880613936429,453028000.0,289431000.0,228257000.0,116043000.0,163597000.0,150623000.0,164371000.0,528876000.00000006,522662000.00000006,11.820747396365121,1.9670036107305051,0.026018259357037533,0.04072473231962022,0.035560512694135404,11.820747396365121,0.03695181234905729,2.3888775966502704,12.362692847124826,1.8272956248639574,0.0,0.9640825106391454,0.0,0.4886916481983454,0.5466508104754272,0.02360781232065126,-71.53740024347357,0.3440880613936429,15.333333333333332,-0.05456721976283629,0.7971510168934025,0.4369661065633333,0.3889942382029028,13.762529832935561,15.888204225352112,0.10101833004410243,0.41414997172147244,0.0866782394949946,Apparel Retail,Consumer Cyclical,ZUMZ
2017Q2,2017,Q2,2016-09-08,2016-07-30,-838000.0,178272000.0,-1136000.0,-0.03,54844000.0,0.3076422545323999,432561000.0,280247000.0,212729000.0,103778000.0,152314000.0,131823000.0,155947000.0,419609760.0,400009760.0,11.34052282292004,2.049846788336642,0.0,0.0,-0.002490387956572913,11.34052282292004,-0.00299021934222311,2.3537614431879375,-125.18190930787591,1.4972854660353188,0.0,0.9363161208590307,0.0,0.41213146816287183,0.6447994758041203,-0.0019372990167860718,-102.41878447644618,0.3076422545323999,0.625,-1.3994546390942375,0.9621437756318983,0.46360728952687696,0.09780215380919972,0.6078614880673842,0.711748287236742,-1.2135390669066413,0.3637556766609554,0.09375396177166524,Apparel Retail,Consumer Cyclical,ZUMZ
2017Q1,2017,Q1,2016-06-07,2016-04-30,-2137000.0,172970000.0,-3941000.0,-0.08,49958000.0,0.28882465167370064,422148000.0,289300000.0,200613000.0,84116000.0,132848000.0,112971000.0,163532000.0,422604300.0,405714300.0,11.48699622791344,2.3849564886585193,0.0,0.0,-0.008534553476415692,11.48699622791344,-0.007386795713791912,2.4432231022720705,-49.43896817969116,1.4607822329761495,0.0,1.0888812173035558,0.0,0.4097378170688953,0.8959056540967236,-0.005062205671944437,-311.8850922509225,0.28882465167370064,-1.1538461538461537,-2.365146926529472,0.9687582093076181,0.5067216813365215,-0.40707596994908435,-1.1625218647805917,-1.1832682291666667,-2.0093255148093068,0.3742798977684733,0.13306158828386558,Apparel Retail,Consumer Cyclical,ZUMZ
2016Q4,2016,Q4,2016-03-14,2016-01-30,13149000.0,242434000.0,21504000.0,0.52,84257000.0,0.3475461362680152,414695000.0,296957000.0,198897000.0,69142000.0,117738000.0,98299000.0,177191000.0,456100350.0,412937350.0,11.791026404605915,2.876645165022707,0.0,0.0,0.04536992351352111,11.791026404605915,0.04427913805702509,1.8813382198866495,8.671768765685604,1.5359137854975637,0.0,1.609141496861616,0.0,0.5846079648898588,1.2784414682826646,0.03170764055510677,11.286260269226963,0.3475461362680152,0.44444444444444453,0.05577965176983883,0.8700417519859289,0.5779439177672494,0.2026577598880943,0.36216720190614315,0.41250656857593276,-0.32207765315896764,0.2746183358452369,0.15469449572198418,Apparel Retail,Consumer Cyclical,ZUMZ
2016Q3,2016,Q3,2015-12-08,2015-10-31,9653000.0,204320000.0,15224000.0,0.36,70059000.0,0.34288860610806576,441070000.0,299530000.0,220680000.0,89166000.0,141540000.0,133565000.0,179647000.0,462643160.0,457859160.0,11.3171118751653,2.4749343920328375,0.0,0.0,0.03219966010892509,11.3171118751653,0.032227155877541484,2.264306773688332,11.981849166062364,1.5445636831035288,0.0,1.0052109459813574,0.0,0.46323712789353166,0.7451494964448332,0.021885415013489923,-60.91417511520737,0.34288860610806576,2.272727272727273,-0.11045104889036,0.7063126829044488,0.6298260668316699,0.2126598930296159,2.0043572984749454,1.8659638554216869,-0.10866145931194994,0.32750765768293305,0.16641696210032725,Apparel Retail,Consumer Cyclical,ZUMZ
2016Q2,2016,Q2,2015-09-10,2015-08-01,3213000.0,179819000.0,5312000.0,0.11,57773000.0,0.3212841802034268,457355000.0,305118000.0,239985000.0,98671000.0,152237000.0,122140000.0,186741000.0,738917100.0,716751100.0,10.777365688248384,2.4321735869708423,0.0,0.0,0.010775810218038575,10.777365688248384,0.010530352191611114,4.109227056095296,57.49432773109244,2.4217420801132676,0.0,0.9992303913541837,0.0,0.39317160630145076,0.9774503146821254,0.007025177378622733,-62.020908175256004,0.3212841802034268,0.22222222222222227,3.800216784890487,0.9472949601871494,0.6604612297449947,0.02189793932961882,0.15992779783393501,0.2874454677653902,0.6823206954206381,0.4541255516699936,0.17993641701341023,Apparel Retail,Consumer Cyclical,ZUMZ
2016Q1,2016,Q1,2015-06-09,2015-05-02,2770000.0,177610000.0,4126000.0,0.09,56535000.0,0.3183097798547379,505547000.0,364426000.0,287995000.0,86149000.0,141121000.0,104091000.0,244478000.0,929306490.0,917500490.0,12.505610651659174,3.342987150170054,0.0,0.0,0.007053914318893679,12.505610651659174,0.007600994440572297,5.232286977084623,83.87242689530686,2.5500554021941357,0.0,1.1631649230000674,0.0,0.35132242897297383,1.9182462942111922,0.005479213604274182,-130.33751612903225,0.3183097798547379,-0.8474576271186441,2.4877710978744,1.0343194770707602,0.9166045469164207,-0.42180245044897624,-0.8418317821047222,-0.8680861947694866,-0.3537220640180589,0.4441478607179751,0.3726252152936059,Apparel Retail,Consumer Cyclical,ZUMZ
2015Q4,2015,Q4,2015-03-17,2015-01-31,17513000.0,258569000.0,31278000.0,0.59,97778000.0,0.3781505130158681,493705000.0,359524000.0,279763000.0,81447000.0,134181000.0,93850000.0,241708000.0,1086667890.0,1070248890.0,12.337394049620809,3.4349085908627695,0.008999301202134878,0.012358006697744795,0.04884154975189348,12.337394049620809,0.04871162982165307,4.202622472144766,15.512303574487524,3.022518357606168,0.0,1.713276505061268,0.0,0.5237317831498567,2.0540596952619494,0.03547260003443352,22.306180515641678,0.3781505130158681,0.09259259259259246,1.0304351960721636,0.9924476010690565,0.9041897139028556,0.25581813511430773,0.11356266293635149,0.25237237237237237,-0.012787727555802339,0.48539383430772565,0.3946556317767527,Apparel Retail,Consumer Cyclical,ZUMZ
2015Q3,2015,Q3,2014-12-09,2014-11-01,15727000.0,213341000.0,24975000.0,0.54,77860000.0,0.3649556344068885,499572000.0,344200000.0,276015000.0,107820000.0,155372000.0,133411000.0,224195000.0,963246660.0000001,952127660.0000001,11.927781820702082,2.559961046188091,0.005336568102295565,0.007745496804183614,0.04547319012523175,11.927781820702082,0.045691458454386984,4.515056458908509,15.311989889998094,2.798508599651366,0.0,1.0155159619521628,0.0,0.4270475527051156,1.1438044889630867,0.031480947691223685,-142.6820708043253,0.3649556344068885,1.076923076923077,2.175955626916226,0.9308653738073533,0.9300796363777505,0.2782374573154715,1.109307939914163,1.1520896165445929,0.17962694179590388,0.4694264953108194,0.4499775376387512,Apparel Retail,Consumer Cyclical,ZUMZ
2015Q2,2015,Q2,2014-09-10,2014-08-02,7456000.0,176709000.0,11605000.0,0.26,60912000.0,0.34470230718299577,496056000.0,332606000.0,269238000.0,113020000.0,163450000.0,119916000.0,208468000.0,812922000.0,794862000.0,11.55845148735057,2.382215537073084,0.008017239989033496,0.011957090371189937,0.02150530545969018,11.55845148735057,0.02241691370570585,4.600342936692528,27.257309549356222,2.4440990240705216,0.0,0.9656509556689683,0.0,0.3562279258793362,1.1507343832949921,0.015030561065686131,335.2255670103093,0.34470230718299577,1.888888888888889,3.477330816198804,1.126695420933877,0.940953805012812,0.20539053687689232,1.9871794871794872,2.1255049824939403,2.052156654839194,0.6702590360312546,0.4917331516972467,Apparel Retail,Consumer Cyclical,ZUMZ
2015Q1,2015,Q1,2014-05-28,2014-05-03,2496000.0,162932000.0,3713000.0,0.09,50533000.0,0.3101477917167898,454455000.0,324139000.0,232884000.0,80428000.0,130316000.0,97608000.0,201017000.0,711423650.0,694366650.0,11.23103842555698,2.8955587606306263,0.008850161182075232,0.012408256951493033,0.007093986966214433,11.23103842555698,0.007700400136978272,4.36638382883657,71.25637520032052,2.194810405412493,0.0,1.15153471026965,0.0,0.35852174582741964,1.4825558263291392,0.0054922929663002934,72.67582490550618,0.3101477917167898,-0.9021739130434783,2.529089181125171,1.1546299510169564,0.8550980282927472,-0.4249706983465902,-0.9070425682469927,-0.9078660049627791,0.39139370727937456,0.6182982539537903,0.4731483117048175,Apparel Retail,Consumer Cyclical,ZUMZ
2014Q4,2014,Q4,2014-03-18,2014-02-01,26851000.0,226838000.0,40300000.0,0.92,87879000.0,0.38740863523748226,443403000.0,335654000.0,229846000.0,61374000.0,107749000.0,87182000.0,215961000.0,621088720.0,605522720.0,11.630019749835418,3.745006028611464,0.009174498142773053,0.01211962318339719,0.08006127021436271,11.630019749835418,0.07999606737890805,2.738027667322054,5.782733603962608,1.8503837880674743,0.0,1.593895528893579,0.0,0.5115842698403033,2.076595952683547,0.06055664936863305,17.04367937213578,0.38740863523748226,1.358974358974359,3.3311131720720355,0.8364091195586554,0.9158616972579114,0.24142168981056378,1.2639966273187184,0.9489312312602767,0.8813587044388759,0.5268773959808958,0.556397068248202,Apparel Retail,Consumer Cyclical,ZUMZ
2014Q3,2014,Q3,2013-12-11,2013-11-02,11860000.0,191145000.0,20678000.0,0.39,70789000.0,0.3703418870490989,465777000.0,325194000.0,250028000.0,87883000.0,140583000.0,126687000.0,204468000.0,882201450.0,884793450.0,10.877872553938786,2.8450098426316806,0.01697593483576905,0.024314716753691644,0.03633582058871522,10.877872553938786,0.03647053758679435,4.615351957937691,18.596151981450255,2.7128466392368864,0.0,0.9500264431236038,0.0,0.41037878641495823,1.2177554248261893,0.02546282877857859,-994.590135287486,0.3703418870490989,1.4375,0.6974941106819993,0.6617914568198816,0.8686441236743648,0.28427068214804063,1.5026376872757965,1.6391831525207403,-0.032394352727507125,0.41324299258092345,0.5665693187135051,Apparel Retail,Consumer Cyclical,ZUMZ
2014Q2,2014,Q2,2013-09-11,2013-08-03,4739000.0,157858000.0,7835000.0,0.16,55120000.0,0.3491745746176944,450963000.0,309415000.0,240168000.0,89560000.0,141548000.0,113249000.0,192608000.0,848706480.0,836670480.0,10.368440453052745,2.6816435908887897,0.015659821315717696,0.02282371572160367,0.015004873667786509,10.368440453052745,0.015315999547533248,5.376391947193047,44.772445663642124,2.7429390301051986,0.0,0.9071868184266527,0.0,0.3500464561394172,1.2348816435908887,0.010508622658621661,-319.4228377869778,0.3491745746176944,1.0,0.6929984546652953,0.666930724585631,0.8660430260077026,0.14900358542483116,0.8971176941553243,0.9446512782328121,4.918275073542182,0.6217729095191923,0.5974584034006035,Apparel Retail,Consumer Cyclical,ZUMZ
2014Q1,2014,Q1,2013-05-29,2013-05-04,2498000.0,148496000.0,4029000.0,0.08,47972000.0,0.32305247279388,416984000.0,301241000.0,212543000.0,65485000.0,115743000.0,90870000.0,187869000.0,891122860.0,882782860.0,10.138015750151444,3.2456745819653356,0.015158855016019799,0.02098319949807629,0.00798518663137001,10.138015750151444,0.00829236392124578,6.0009889828682255,89.18363290632506,2.958172559512151,0.0,1.1062396830637173,0.0,0.35611917963279166,1.650958234710239,0.005990637530456804,-451.88786004056794,0.32305247279388,-0.8947368421052632,0.7907825289789085,0.8422836959841018,0.8722210531239923,-0.44012231131029494,-0.8908407621045272,-0.8883964433118197,2.315806763744186,0.6680529404174212,0.5537479635888559,Apparel Retail,Consumer Cyclical,ZUMZ
2013Q4,2013,Q4,2013-03-19,2013-02-02,22884000.0,224405000.0,36101000.0,0.76,85683000.0,0.3818230431585749,409098000.0,303421000.0,203314000.0,57199000.0,105677000.0,77598000.0,189051000.0,627262540.0,615689540.0,10.211381840210002,3.554502701096173,0.014681078861299738,0.019794279235781306,0.07366629458555311,10.211381840210002,0.07541996104422569,2.7952253292038947,6.852632188428597,2.0673010108067666,0.0,1.7877007139359262,0.0,0.5485360475973972,1.9692477141208762,0.05593769707991728,20.236233829080234,0.3818230431585749,0.8999999999999999,0.7958467140043769,0.7306361202002923,0.9162759530346404,0.2774207976146105,0.8065840372621773,0.6868837904770805,1.6019794142467665,0.6958456202847614,0.5760547313846984,Apparel Retail,Consumer Cyclical,ZUMZ
2013Q3,2013,Q3,2012-12-05,2012-10-27,12667000.0,180023000.0,21401000.0,0.4,67075000.0,0.3725912800031107,438136000.0,300359000.0,234422000.0,88407000.0,137777000.0,109786000.0,192010000.0,823146630.0,812566630.0,9.702458248538296,2.6516226090694177,0.0,0.0,0.04207456600251738,9.702458248538296,0.04217286646979115,4.572452575504241,16.245887542433096,2.7405425840410973,0.0,1.028801486528337,0.0,0.4108838351562072,1.2464510728788445,0.028911114357185897,531.4051839896707,0.3725912800031107,4.714285714285714,0.44927672513319966,0.6132016038316046,0.9907272682540831,0.4448034464189553,5.0723873441994245,4.664637374272101,1.3844851498260742,0.5187908602871963,0.5699915851752927,Apparel Retail,Consumer Cyclical,ZUMZ
2013Q2,2013,Q2,2012-09-05,2012-07-28,2086000.0,135066000.0,3778000.0,0.07,46425000.0,0.3437208475856248,418145000.0,282437000.0,222451000.0,89669000.0,135708000.0,99699000.0,179343000.0,1171325360.0,1158715360.0,9.133852920250954,2.480801614827867,0.0,0.0,0.005793862570380996,9.133852920250954,0.0073857178769070626,8.672244384226971,140.37935762224353,4.147209324557335,0.0,0.8890861493094213,0.0,0.32301235217448493,1.2136189764578618,0.004988700092073324,-250.76543780774995,0.3437208475856248,-0.5,-0.38251054292538245,0.5207620439224645,1.081751275564507,0.10270539892164082,-0.5392091893085929,-0.479757642522721,1.644993382250965,0.5127094295731521,0.5338029146369827,Apparel Retail,Consumer Cyclical,ZUMZ
2013Q1,2013,Q1,2012-05-22,2012-04-28,4527000.0,129899000.0,7262000.0,0.14,42101000.0,0.32410565131371294,378926000.0,280419000.0,263797000.0,62402000.0,98507000.0,70435000.0,177257000.0,1176681170.0,1168719170.0,9.110724844861757,4.227380532675235,0.0,0.0,0.01509017170213271,9.110724844861757,0.016143699250050818,9.058431319717627,64.98128838082614,4.196153506003515,0.0,1.246510967558742,0.0,0.3428083583602075,2.936284093458543,0.011946923673751603,-432.6033713235294,0.32410565131371294,-0.7666666666666666,1.5446050216996736,0.7163035087505218,1.2014118426343046,-0.40546227387626566,-0.7583924854565832,-0.7680835435761505,3.6004924557698406,0.6107531190634353,0.5048731075089885,Apparel Retail,Consumer Cyclical,ZUMZ
2012Q4,2012,Q4,2012-03-13,2012-01-28,18737000.0,183859000.0,31313000.0,0.6,70813000.0,0.3851484017643955,362157000.0,272277000.0,253503000.0,55576000.0,89880000.0,65037000.0,172730000.0,871969070.0,857190070.0,8.846193833457876,4.561375413847704,0.0,0.0,0.06850746468687581,8.846193833457876,0.06881594846424781,4.742596609358258,11.6343207290388,3.2025072628242564,0.0,1.738179805341575,0.0,0.5076776094345823,3.222290197207428,0.051737229985890094,24.38733240106279,0.3851484017643955,0.33333333333333326,0.5100379841401597,0.4870429088902648,1.361129753586133,0.17739092843841447,0.3253872816014713,0.37235394661874915,1.8339748604294075,0.39571065558530893,0.45727043432414793,Apparel Retail,Consumer Cyclical,ZUMZ
2012Q3,2012,Q3,2011-12-02,2011-10-29,14137000.0,153951000.0,22817000.0,0.45,60144000.0,0.39066975855954167,357805000.0,251713000.0,250448000.0,71644000.0,106092000.0,93839000.0,153993000.0,717546550.0,703665550.0,8.22618386221772,3.4957288816928145,0.0,0.0,0.05540794919424487,8.22618386221772,0.05616316995943793,4.660876187877961,12.689158767772511,2.850653522066798,0.0,0.9996589903984484,0.0,0.43026508852587303,2.034713304673106,0.03951034781515071,130.48673395162757,0.39066975855954167,4.625,0.8678338236946264,0.688166386528081,1.5237022478130182,0.6125693755529935,4.456194519490544,5.427323943661972,0.976842954962867,0.30763765514326336,0.4131265151504308,Apparel Retail,Consumer Cyclical,ZUMZ
2012Q2,2012,Q2,2011-09-01,2011-07-30,2591000.0,112213000.0,3550000.0,0.08,37297000.0,0.3323768190851327,343367000.0,236487000.0,238876000.0,73480000.0,106880000.0,84394000.0,139856000.0,810942970.0,796785970.0,7.748337210445267,3.2508982035928145,0.0,0.0,0.009755336586878428,7.748337210445267,0.010956204780812476,7.226818372202864,78.24613759166344,3.4291228270475758,0.0,0.8876934379221272,0.0,0.32680193495589266,1.966317365269461,0.00754586200770604,4014.5691584158417,0.3323768190851327,0.3333333333333334,0.41643538397974517,0.806566992502512,1.6117810752906792,0.11594159535635211,0.3738069989395546,0.39106583072100315,-0.09496279451563863,0.15857271342010273,0.39449425206954153,Apparel Retail,Consumer Cyclical,ZUMZ
2012Q1,2012,Q1,2011-05-24,2011-04-30,1886000.0,105851000.0,2552000.0,0.06,33422000.0,0.3157457180376189,314363000.0,231330000.0,213721000.0,51776000.0,83033000.0,63148000.0,137265000.0,852941730.0,839651730.0,7.623834162739347,4.127800525339926,0.0,0.0,0.006668617481741591,7.623834162739347,0.008152855228461505,8.057946830922711,113.06226537645811,3.687121125664635,0.0,1.1469721923101286,0.0,0.33671583487878665,2.740381644004944,0.005999433775603363,774.6973024523161,0.3157457180376189,-0.875,0.5285559394606666,0.991015172517574,1.7174542793439564,-0.4510274141357731,-0.8743085638120627,-0.8937286582826685,0.32402048662131827,0.28599511987201126,0.4079187857637042,Apparel Retail,Consumer Cyclical,ZUMZ
2011Q4,2011,Q4,2011-03-15,2011-01-29,15005000.0,156192000.0,24014000.0,0.48,60881000.0,0.38978308748207335,301631000.0,226735000.0,200861000.0,45461000.0,74896000.0,56303000.0,135379000.0,676952330.0,665595330.0,7.4723989058431926,4.418314599326895,0.0,0.0,0.06536740640431603,7.4723989058431926,0.06617857851677068,4.334103731305061,11.278779240253249,2.985654310097691,0.0,1.692822762552617,0.0,0.5178247593914419,2.968038538527529,0.049746213088177275,23.864079035498996,0.38978308748207335,0.1999999999999999,0.9939010198409031,0.8618850935290625,1.7657732127311399,0.14765872417433268,0.2187296946068876,0.2655599472990777,0.1531237762384984,0.1795996154314485,0.4022762598460608,Apparel Retail,Consumer Cyclical,ZUMZ
2011Q3,2011,Q3,2010-12-02,2010-10-30,12312000.0,135859000.0,18975000.0,0.4,53048000.0,0.39046364245283716,300436000.0,208514000.0,199922000.0,62036000.0,91922000.0,83091000.0,120374000.0,787360380.0,779046380.0,6.943754370774918,3.2226771552002065,0.0,0.0,0.0578214039575405,6.943754370774918,0.059046394966285234,5.795423048896282,15.987662037037035,3.776055228905493,0.0,0.9966302006234129,0.0,0.4522061270952882,1.7054291056805726,0.0409804417579784,109.00739028104665,0.39046364245283716,11.0,1.1039474278734573,1.1347335535634024,1.8132012693902955,0.7270477926813387,11.14168039538715,9.013091216216216,0.4521923719003566,0.2550674351359595,0.4247029789633566,Apparel Retail,Consumer Cyclical,ZUMZ
2011Q2,2011,Q2,2010-09-01,2010-07-31,-1214000.0,97702000.0,-2368000.0,-0.04,30716000.0,0.31438455712267915,294166000.0,194419000.0,192304000.0,69942000.0,99747000.0,78691000.0,108062000.0,548158200.0,541316200.0,6.4905855645322825,2.7494781390294816,0.0,0.0,-0.007509585454426753,6.4905855645322825,-0.006244245675576975,5.6105115555464575,-112.88266062602965,2.8194682618468363,0.0,0.8512536376459824,0.0,0.33213219746673645,1.468073546652941,-0.004126921534099794,-156.5271844660194,0.31438455712267915,0.3333333333333333,-2.2700517277435464,1.1995237474344633,1.9108976562435478,0.19276172724448587,0.36105263157894735,0.272280270436386,-1.370976739531725,0.1356158113124325,0.47930833746712187,Apparel Retail,Consumer Cyclical,ZUMZ
2011Q1,2011,Q1,2010-05-27,2010-05-01,-1900000.0,89096000.0,-3254000.0,-0.06,25752000.0,0.28903654485049834,273181000.0,194038000.0,176270000.0,50182000.0,79143000.0,58618000.0,109276000.0,551940639.36,539033639.36,6.5248779002320285,3.512614084731577,0.0,0.0,-0.011121406977964248,6.5248779002320285,-0.00979189643265752,6.1948980802729645,-72.6237683368421,2.8444976724146813,0.0,1.0806236992050224,0.0,0.32614274052734266,2.1244868678012034,-0.006955095705777488,-43.26570818844556,0.28903654485049834,-1.2,-35.11518118744384,1.0300708871464355,4.685855602208737,-0.46457085828343314,-1.215860031810952,-1.2494824810243041,-2.105359610536123,0.21839075348862086,0.5765972220546844,Apparel Retail,Consumer Cyclical,ZUMZ
2010Q4,2010,Q4,2010-03-23,2010-01-30,8802000.0,132434000.0,13043000.0,0.3,48096000.0,0.36316957880906714,260265000.0,192676000.0,174662000.0,39787000.0,67589000.0,50916000.0,111176000.0,378567044.13,355617044.13,6.479078192442234,4.389926357855581,0.0,0.0,0.044185552115349525,6.479078192442234,0.04568290809441757,2.858533640379359,10.752301866905249,1.964785671957068,0.0,1.6564144866053894,0.0,0.5088429101108486,2.876090180209616,0.03381937640481816,14.21367590786213,0.36316957880906714,0.764705882352941,0.5757789390003135,0.8998163511822271,4.678334044340298,0.19943140726701414,0.7350680070963926,0.5607275338039966,-0.26580861448627074,0.10860851097487292,0.7293250163846601,Apparel Retail,Consumer Cyclical,ZUMZ
2010Q3,2010,Q3,2009-12-07,2009-10-31,5073000.0,113192000.0,8357000.0,0.17,40099000.0,0.35425648455721254,265907000.0,182696000.0,175463000.0,54269000.0,83211000.0,76381000.0,102374000.0,398210013.51,387721013.51,6.179942835461119,3.233208645819897,0.0,0.0,0.027226620450208034,6.179942835461119,0.0277674388054473,3.518004925348081,19.623990415434655,2.1796318119170643,0.0,0.9569526452913683,0.0,0.42568266348761036,1.6525640789400946,0.019078098733767822,-732.003701305147,0.35425648455721254,2.7,0.10710441455986346,0.8929873143015556,0.0,0.6271303359844181,2.644408427876823,2.5991197856869497,-0.3062412199482658,0.28472779641082663,0.8959381271359675,Apparel Retail,Consumer Cyclical,ZUMZ
2010Q2,2010,Q2,2009-08-28,2009-08-01,-3085000.0,85170000.0,-5226000.0,-0.1,24644000.0,0.2893507103440178,261603000.0,175650000.0,170935000.0,58761000.0,85953000.0,69569000.0,97301000.0,281687172.45000005,260383172.45000005,5.955036878002501,2.9089872534504178,0.0,0.0,-0.01865948259324542,5.955036878002501,-0.017563336179903216,3.307352030644594,-22.827161462722856,1.603684443210931,0.0,0.8700139429918499,0.0,0.3255696608983842,1.5475740712377257,-0.011792678218521958,767.539979427793,0.2893507103440178,-0.6666666666666669,-11.459031465207921,1.2541695847141203,0.0,0.12529680365296803,-0.8606755126658625,-0.5200698080279232,-2.745097043598296,0.41883732560918796,1.0073019795341658,Apparel Retail,Consumer Cyclical,ZUMZ
2010Q1,2010,Q1,2009-05-29,2009-05-02,-1658000.0,76808000.0,-3438000.0,-0.06,21900000.0,0.2851265493177794,243425000.0,177475000.0,151156000.0,40028000.0,65950000.0,54051000.0,100387000.0,340635779.82,320373779.82,6.054148219807522,3.776256620365744,0.0,0.0,-0.010424650783267882,6.054148219807522,-0.009342160867727848,4.434899747682533,-51.36245172195416,1.919345146189604,0.0,1.0158553958298644,0.0,0.31553045085755366,2.220370740481663,-0.006811132792441204,161.36228319279962,0.2851265493177794,-1.2857142857142858,-0.885294219550335,1.3849074585853756,0.0,-0.46071067989854464,-1.263299984119422,-1.3958093483766982,-2.390908484373079,0.4954105579753623,1.1579523683903385,Apparel Retail,Consumer Cyclical,ZUMZ
2009Q4,2009,Q4,2009-03-23,2009-01-31,6297000.0,125464000.0,8686000.0,0.21,40609000.0,0.32367053497417586,233349000.0,177951000.0,143313000.0,31221000.0,55398000.0,51974000.0,102045000.0,209599468.65,176542468.65,6.070385856390862,4.590275775920054,0.0,0.0,0.03383203752263811,6.070385856390862,0.03538614562435727,1.670594502407065,8.321401804430682,1.177849344201494,0.0,1.6326432446992727,0.0,0.5376667566606242,2.662855129560232,0.026985330984919585,12.736963335561498,0.32367053497417586,-0.0869565217391305,0.6815555278048002,1.4291430118452413,6.440650849030995,0.03428163920230242,-0.07641537107656204,-0.16352080123266563,-0.1338847796321579,0.5480593256400997,1.246843457382754,Apparel Retail,Consumer Cyclical,ZUMZ
2009Q3,2009,Q3,2008-12-01,2008-11-01,6818000.0,112245000.0,10384000.0,0.23,39263000.0,0.3497973183660742,258618000.0,169823000.0,163464000.0,64674000.0,88795000.0,81847000.0,95748000.0,284727201.44,279525201.44,5.821264956833693,2.527507189906299,0.01564856274505255,0.02383069431113571,0.0370307314938221,5.821264956833693,0.04014768317601267,2.5366582158670763,10.440275793487826,1.6766115393085743,0.0,0.8916881498405561,0.0,0.43401851379254347,1.1177907659956088,0.026363207510691444,-90.10354475949367,0.3497973183660742,1.5555555555555558,1.337103011705842,1.5767450147985522,0.0,0.3042886091087267,1.5001833516685001,1.6543967280163598,0.19929218014009886,0.8154487575560136,1.3584345141797114,Apparel Retail,Consumer Cyclical,ZUMZ
2009Q2,2009,Q2,2008-08-28,2008-08-02,2727000.0,92258000.0,3912000.0,0.09,30103000.0,0.32629148691712373,248519000.0,161538000.0,155869000.0,64324000.0,86981000.0,72080000.0,88930000.0,433180786.40000004,427305786.40000004,5.556378019447632,2.4231857471550278,0.0,0.0,0.014985327265283966,5.556378019447632,0.01688147680421944,4.695319499663986,39.71220997433077,2.681603006103827,0.0,0.8623057713651499,0.0,0.371231173471646,1.163904607922393,0.010973004076147095,-190.99681940035276,0.32629148691712373,0.7999999999999998,19.759973330155994,1.4202666630497864,0.0,0.22569218241042346,1.002202643171806,1.4059040590405905,1.9394073061398944,1.1399377759505096,1.4919242791276253,Apparel Retail,Consumer Cyclical,ZUMZ
2009Q1,2009,Q1,2008-05-30,2008-05-03,1362000.0,78702000.0,1626000.0,0.05,24560000.0,0.3120632258392417,226570000.0,157103000.0,138729000.0,48992000.0,69467000.0,58654000.0,86203000.0,660329803.08,652707803.08,5.41496728350273,2.8316663945133898,0.0,0.0,0.006364135826176294,5.41496728350273,0.008669471620529208,8.390254416406192,121.20591099118943,4.203164822314023,0.0,0.9230743001329833,0.0,0.34736284591958333,1.479874265186153,0.0060113872092510045,-634.9325029615385,0.3120632258392417,-0.8809523809523809,2.5648301978920984,1.8453484387596348,0.0,-0.4917218543046358,-0.8905320687992284,-0.915916847657462,27.536220289898235,0.8380804867035184,3.718666392759036,Apparel Retail,Consumer Cyclical,ZUMZ
2008Q4,2008,Q4,2008-03-25,2008-02-02,12442000.0,126606000.0,19338000.0,0.42,48320000.0,0.3816564775761022,216095000.0,154602000.0,135557000.0,43396000.0,61493000.0,48721000.0,84841000.0,581415169.3199999,576854169.3199999,5.328763753487133,3.123721080283897,0.03417015664406858,0.04776134849484483,0.07468120621397692,5.328763753487133,0.08047761348494845,4.592319237002985,11.682510233885226,3.76072217254628,0.0,1.6068225200632171,0.0,0.5858812096531618,1.8736058622914555,0.057576528841481754,18.499909931271475,0.3816564775761022,0.4999999999999998,2.3570917517664483,1.4767589248797377,5.531622780605771,0.2524948806345421,0.5268131059025647,0.5200440182361264,1.283126020004196,0.861624867811546,3.6701860568635754,Apparel Retail,Consumer Cyclical,ZUMZ
2008Q3,2008,Q3,2007-12-13,2007-11-03,8149000.0,104045000.0,12722000.0,0.28,38579000.0,0.3707914844538421,205518000.0,140673000.0,124732000.0,47188000.0,64845000.0,67871000.0,72399000.0,1095637619.96,1088717619.96,4.8738259646423545,2.643299143850131,0.0,0.0,0.056068819102834754,4.8738259646423545,0.05792867145792014,10.530420682973714,33.61264020002454,7.788542363922003,0.0,0.9645651309101089,0.0,0.5062573594527,1.07838857336611,0.03965102813378877,-551.958498720403,0.3707914844538421,1.5454545454545459,1.8233426304884761,1.4141489638032836,0.0,0.36451738407668094,1.6135343168697884,1.7056571671629095,0.8215113718756916,0.7822024381652696,0.0,Apparel Retail,Consumer Cyclical,ZUMZ
2008Q2,2008,Q2,2007-09-11,2007-08-04,3118000.0,81974000.0,4702000.0,0.11,28273000.0,0.34490204211091324,190808000.0,125223000.0,114966000.0,50115000.0,65585000.0,61803000.0,64250000.0,1041151092.4799999,1035012092.4799999,4.3875812771024405,2.29404369949117,0.0,0.0,0.02328053711812249,4.3875812771024405,0.024899579150794982,12.700991686144386,83.47908053880693,8.31437589324645,0.0,0.8689060401598628,0.0,0.42961511047754813,0.9339718647111643,0.016341033918913252,-155.3029672553699,0.34490204211091324,0.8333333333333334,22.849785457951672,1.1905809073401388,0.0,0.29603483841393535,0.9282622139764997,1.1539166284928997,9.924892728975836,1.2422334909536308,0.0,Apparel Retail,Consumer Cyclical,ZUMZ
2008Q1,2008,Q1,2007-06-01,2007-05-05,1617000.0,68791000.0,2183000.0,0.06,21815000.0,0.31711997208937215,172836000.0,115778000.0,104458000.0,42747000.0,57058000.0,50285000.0,61132000.0,1112856558.84,1109829558.84,4.138582644290434,2.443633471354715,0.0,0.0,0.011690420300878336,4.138582644290434,0.013966383941681494,16.177356904827665,172.05574502782932,9.611986377722884,0.0,0.9341950879984091,0.0,0.39801314540952115,1.1451329917888975,0.009355689786849962,-58.036847918644064,0.31711997208937215,-0.8461538461538461,2.926701170115834,1.5792624849564816,0.0,-0.507150441678151,-0.85662351480759,-0.8791117510244767,2.926701139484655,1.2382388126623798,0.0,Apparel Retail,Consumer Cyclical,ZUMZ
2007Q4,2007,Q4,2007-03-27,2007-02-03,11278000.0,112378000.0,18058000.0,0.39,44263000.0,0.3938760255566036,167294000.0,104812000.0,104501000.0,49572000.0,62482000.0,42157000.0,59515000.0,942207363.04,940146363.04,3.7465936888991775,2.108065036714274,0.0,0.0,0.10547034792499364,3.7465936888991775,0.10760218295615005,8.384268834113438,20.88595857066856,8.989498941342594,0.0,1.615745902222644,0.0,0.6717395722500508,1.1538771887355765,0.06741425275263907,40.61763861878691,0.3938760255566036,0.6250000000000001,2.15587166830671,1.2799481879800847,3.592310303130568,0.46256278086174996,0.6519701186465504,0.6535115831883527,2.15587166830671,1.2799481879800847,3.592310303130568,Apparel Retail,Consumer Cyclical,ZUMZ
2007Q3,2007,Q3,2006-12-08,2006-10-28,6827000.0,82258000.0,10921000.0,0.24,30264000.0,0.36791558267888835,146735000.0,89966000.0,85039000.0,44865000.0,56769000.0,56694000.0,48236000.0,,,,,,,,,,,,,,,,,,,,,,,,,,,,,,,Apparel Retail,Consumer Cyclical,ZUMZ
2007Q2,2007,Q2,2006-09-12,2006-07-29,1642000.0,55756000.0,1995000.0,0.06,18775000.0,0.3367350599038669,134743000.0,81278000.0,77661000.0,42432000.0,53465000.0,51783000.0,41409000.0,,,,,,,,,,,,,,,,,,,,,,,,,,,,,,,Apparel Retail,Consumer Cyclical,ZUMZ
2007Q1,2007,Q1,2006-06-13,2006-04-29,1109000.0,47785000.0,1470000.0,0.04,15266000.0,0.31947263785706814,118832000.0,76514000.0,81417000.0,32880000.0,42318000.0,38095000.0,39767000.0,,,,,,,,,,,,,,,,,,,,,,,,,,,,,,,Apparel Retail,Consumer Cyclical,ZUMZ
