Quarters,Year,Quarter,FillingDate,Date,NetIncome,Revenue,OperatingIncome,EPSDiluted,GrossProfit,GrossProfitRatio,TotalAssets,CommonStockEquity,CurrentAssets,CurrentLiability,TotalLiability,Inventory,RetainedEarnings,MarketCap,EnterpriseValue,bookValuePerShare,currentRatio,debtToAssets,debtToEquity,roic,shareholdersEquityPerShare,roe,priceToSalesRatio,peRatio,pbRatio,payoutRatio,inventoryTurnover,dividendYield,assetTurnover,quickRatio,returnOnAssets,priceToFreeCashFlowsRatio,grossProfitMargin,epsdilutedGrowth,fiveYNetIncomeGrowthPerShare,fiveYRevenueGrowthPerShare,fiveYShareholdersEquityGrowthPerShare,grossProfitGrowth,netIncomeGrowth,operatingIncomeGrowth,threeYNetIncomeGrowthPerShare,threeYRevenueGrowthPerShare,threeYShareholdersEquityGrowthPerShare,Industry,Sector,Symbol
2023Q1,2023,Q1,2023-05-02,2023-03-31,195000000.0,2286000000.0,330000000.0,2.58,371000000.0,0.1622922135,4208000000.0,675000000.0,1637000000.0,1347000000.0,3533000000.0,609000000.0,-832000000.0,3294390000.0,4277390000.0,6.7164179104477615,1.2152932442464737,0.3814163498098859,2.3777777777777778,0.11585539424992883,6.7164179104477615,0.28888888888888886,1.4411154855643045,4.223576923076923,4.880577777777778,0.2564102564102564,3.1444991789819374,0.015177316589717672,0.5432509505703422,0.6911655530809205,0.046340304182509506,16.308861386138613,0.16229221347331582,0.5087719298245614,1.544077197096091,0.2849828307211096,-0.38085697257129814,0.2926829268292683,0.13372093023255813,0.3983050847457627,3.241379310344828,1.0230088495575218,-0.44897959183673464,Oil & Gas Refining & Marketing,Energy,CVI
2022Q4,2022,Q4,2023-02-22,2022-12-31,172000000.0,2679000000.0,236000000.0,1.71,287000000.0,0.1071295259,4119000000.0,531000000.0,1593000000.0,1439000000.0,3588000000.0,624000000.0,-976000000.0,3149670000.0,4245670000.0,5.2835820895522385,1.1070187630298818,0.389900461277009,3.024482109227872,0.08311220311220312,5.2835820895522385,0.3239171374764595,1.1756886898096304,4.5780087209302325,5.931581920903955,0.8197674418604651,3.8333333333333335,0.04476659459562431,0.6504005826656956,0.6031966643502432,0.04175770818159748,71.58340909090909,0.10712952594251586,0.858695652173913,-0.259086115556879,0.45239029883536935,-0.5008544564941942,1.05,0.8494623655913979,1.2912621359223302,2.909090909090909,0.7063694267515924,-0.618808327351041,Oil & Gas Refining & Marketing,Energy,CVI
2022Q3,2022,Q3,2022-11-01,2022-09-30,93000000.0,2699000000.0,103000000.0,0.92,140000000.0,0.0518710634,4206000000.0,560000000.0,1658000000.0,1531000000.0,3435000000.0,632000000.0,-947000000.0,2912490000.0,3901490000.0,5.5721393034825875,1.0829523187459178,0.38207322872087496,2.869642857142857,0.04245300030397173,5.5721393034825875,0.16607142857142856,1.079099666543164,7.829274193548387,5.200875,3.247311827956989,4.049050632911392,0.10369134314624256,0.6417023300047551,0.6126714565643371,0.02211126961483595,31.317096774193548,0.051871063356798815,-0.6134453781512605,2.6181255882748418,0.6034369355588272,-0.3651067320263998,-0.6825396825396826,-0.6108786610878661,-0.7437810945273632,-0.21848739495798314,0.6639950678175094,-0.6081175647305809,Oil & Gas Refining & Marketing,Energy,CVI
2022Q2,2022,Q2,2022-08-02,2022-06-30,239000000.0,3144000000.0,402000000.0,2.38,441000000.0,0.1402671756,4671000000.0,769000000.0,2119000000.0,1695000000.0,4671000000.0,722000000.0,-738000000.0,3366750000.0,4081750000.0,7.651741293532338,1.2501474926253688,0.34425176621708414,2.0910273081924577,0.12931438262133568,7.651741293532338,0.3107932379713914,1.0708492366412214,3.521705020920502,4.378088426527959,0.0016736401673640166,3.7437673130193905,0.00011880894037276305,0.6730892742453436,0.7734513274336283,0.05116677371012631,12.242727272727272,0.14026717557251908,0.5657894736842104,20.659038142620233,0.893066735480434,-0.1517609907042056,0.6896551724137931,0.5620915032679739,0.8272727272727273,1.0603448275862069,0.8636633076467103,-0.44436416184971095,Oil & Gas Refining & Marketing,Energy,CVI
2022Q1,2022,Q1,2022-05-03,2022-03-31,153000000.0,2373000000.0,220000000.0,1.52,261000000.0,0.1099873578,4345000000.0,644000000.0,1766000000.0,1552000000.0,3469000000.0,683000000.0,-863000000.0,2566770000.0,3497770000.0,6.407960199004975,1.1378865979381443,0.36985040276179515,2.4953416149068324,0.07772020725388601,6.407960199004975,0.2375776397515528,1.0816561314791404,4.194068627450981,3.985667701863354,0.0,3.0922401171303076,0.0,0.5461449942462601,0.6630154639175257,0.03521288837744534,9.1344128113879,0.10998735777496839,5.08,4.952400161355385,0.3599073836576523,-0.3353913905202152,2.4342105263157894,5.12,4.5,0.5148514851485146,0.5969044414535667,-0.520476545048399,Oil & Gas Refining & Marketing,Energy,CVI
2021Q4,2021,Q4,2022-02-23,2021-12-31,25000000.0,2112000000.0,40000000.0,0.25,76000000.0,0.0359848485,3906000000.0,553000000.0,1369000000.0,1156000000.0,3136000000.0,484000000.0,-956000000.0,1689404999.9999998,2852405000.0,5.502487562189055,1.184256055363322,0.4283154121863799,3.0253164556962027,0.024228327760817948,5.502487562189055,0.045207956600361664,0.7999076704545454,16.89405,3.0549819168173595,0.0,4.206611570247934,0.0,0.5407066052227343,0.6998269896193772,0.006400409626216078,-70.39187499999998,0.03598484848484849,-0.6987951807228916,2.0411323663373273,0.347787440806901,-0.4434029595641417,-0.6346153846153846,-0.7023809523809523,-0.7714285714285715,-0.6951219512195123,0.21518987341772142,-0.5561797752808989,Oil & Gas Refining & Marketing,Energy,CVI
2021Q3,2021,Q3,2021-11-02,2021-09-30,84000000.0,1883000000.0,175000000.0,0.83,208000000.0,0.11046202867764206,3872000000.0,567000000.0,1304000000.0,1035000000.0,3107000000.0,422000000.0,-942000000.0,1674330000.0,2796330000.0,5.641791044776119,1.259903381642512,0.4359504132231405,2.9770723104056436,0.05219191995925935,5.641791044776119,0.14814814814814814,0.889182156133829,4.983125,2.952962962962963,0.0,3.9691943127962084,0.0,0.4863119834710744,0.778743961352657,0.02169421487603306,22.03065789473684,0.11046202867764206,14.833333333333332,12.435046987285792,0.3112250566886601,-0.4524737671214589,4.473684210526316,15.0,28.166666666666668,-0.11031509121061367,-0.07238278889788785,-0.5637743485960031,Oil & Gas Refining & Marketing,Energy,CVI
2021Q2,2021,Q2,2021-08-03,2021-06-30,-6000000.0,1783000000.0,6000000.0,-0.06,38000000.0,0.02131239484015704,3798000000.0,483000000.0,1200000000.0,1112000000.0,3128000000.0,404000000.0,-1026000000.0,1804980000.0,2990980000.0,4.8059701492537314,1.079136690647482,0.44892048446550814,3.5300207039337472,0.0006643046944198405,4.8059701492537314,-0.012422360248447204,1.0123275378575434,-75.20750000000001,3.7370186335403726,-40.166666666666664,4.319306930693069,0.133519484980443,0.4694576092680358,0.677158273381295,-0.001579778830963665,33.425555555555555,0.02131239484015704,0.8461538461538461,-1.1824679419802397,0.2000812645004403,-0.5527412791302414,1.361904761904762,0.8461538461538461,1.0444444444444445,-1.101609599063506,-0.1954314113861206,-0.5275671472760771,Oil & Gas Refining & Marketing,Energy,CVI
2021Q1,2021,Q1,2021-05-04,2021-03-31,-39000000.0,1463000000.0,-135000000.0,-0.39,-105000000.0,-0.07177033492822966,4188000000.0,981000000.0,1597000000.0,995000000.0,3024000000.0,378000000.0,-528000000.0,1927590000.0,2923590000.0,9.761194029850746,1.6050251256281407,0.4066380133715377,1.7359836901121304,-0.027784534211461823,9.761194029850746,-0.039755351681957186,1.3175598086124403,-12.356346153846154,1.9649235474006117,0.0,4.148148148148148,0.0,0.34933142311365806,0.9376884422110553,-0.009312320916905445,47.01439024390244,-0.07177033492822966,0.41791044776119407,-1.0792334623180395,0.3954347533453658,-0.08353527118329392,-0.06060606060606061,0.4264705882352941,-0.06299212598425197,-1.508815439419218,-0.1776334727274789,-0.10017880013695342,Oil & Gas Refining & Marketing,Energy,CVI
2020Q4,2020,Q4,2021-02-23,2020-12-31,-68000000.0,1119000000.0,-127000000.0,-0.67,-99000000.0,-0.08847184986595175,3978000000.0,1019000000.0,1402000000.0,659000000.0,2759000000.0,298000000.0,-490000000.0,1497450000.0,2535450000.0,10.139303482587065,2.1274658573596357,0.42860734037204623,1.6732090284592738,-0.03549004418126701,10.139303482587065,-0.06673209028459273,1.3382037533512063,-5.505330882352941,1.4695289499509323,0.0,4.087248322147651,0.0,0.2812971342383107,1.282245827010622,-0.017094017094017096,374.3625,-0.08847184986595175,0.30208333333333326,-0.305118850193477,-0.043677318926838106,-0.10568891140274633,-3.125,0.2916666666666667,-1.7608695652173914,-1.2929194426868154,-0.393346493319605,-0.04212936189752141,Oil & Gas Refining & Marketing,Energy,CVI
2020Q3,2020,Q3,2020-11-03,2020-09-30,-96000000.0,1005000000.0,-46000000.0,-0.96,-24000000.0,-0.023880597014925373,3876000000.0,1084000000.0,1254000000.0,457000000.0,2574000000.0,266000000.0,-423000000.0,1244190000.0,2275190000.0,10.786069651741293,2.7439824945295404,0.4393704850361197,1.5710332103321034,-0.012514358261290128,10.786069651741293,-0.08856088560885608,1.238,-3.240078125,1.1477767527675278,0.0,3.8684210526315788,0.0,0.2592879256965944,1.7614879649890591,-0.02476780185758514,16.37092105263158,-0.023880597014925373,-18.199999999999996,-2.432010929806924,-0.3838727995457127,-0.1270574864604716,-1.5853658536585367,-18.2,-0.7692307692307693,-4.734839316928869,-0.4029440088045123,0.228971968720326,Oil & Gas Refining & Marketing,Energy,CVI
2020Q2,2020,Q2,2020-08-04,2020-06-30,-5000000.0,675000000.0,-26000000.0,-0.05,41000000.0,0.06074074074074074,3928000000.0,1180000000.0,1259000000.0,369000000.0,2515000000.0,252000000.0,-327000000.0,2021055000.0,3118055000.0,11.74129353233831,3.4119241192411924,0.4335539714867617,1.443220338983051,-0.007614793933791564,11.74129353233831,-0.00423728813559322,2.9941555555555555,-101.05274999999999,1.712758474576271,-8.2,2.515873015873016,0.02028643456016783,0.17184317718940936,2.043360433604336,-0.0012729124236252546,-12.791487341772152,0.06074074074074074,0.9425287356321839,-1.0423788808655448,-0.6410632467510986,-0.036725634586989374,1.3761467889908257,0.9425287356321839,0.8074074074074075,0.5887230514096187,-0.5935686875161282,0.30158911699484714,Oil & Gas Refining & Marketing,Energy,CVI
2020Q1,2020,Q1,2020-05-07,2020-03-31,-87000000.0,1130000000.0,-135000000.0,-0.87,-109000000.0,-0.09646017699115045,4125000000.0,1225000000.0,1396000000.0,504000000.0,2639000000.0,211000000.0,-281000000.0,1661265000.0,2555265000.0,12.189054726368159,2.7698412698412698,0.4118787878787879,1.386938775510204,-0.03321947511523881,12.189054726368159,-0.07102040816326531,1.470146017699115,-4.773750000000001,1.3561346938775511,-0.9195402298850575,5.872037914691943,0.048156073835300205,0.2739393939393939,1.8988095238095237,-0.02109090909090909,-14.445782608695652,-0.09646017699115045,-2.9772727272727275,-2.3686757469483184,-0.29731427820219225,0.058539219858685584,-2.048076923076923,-2.977272727272727,-2.9565217391304346,-4.384698130966787,-0.3524250554011179,0.2642011593365471,Oil & Gas Refining & Marketing,Energy,CVI
2019Q4,2019,Q4,2020-02-20,2019-12-31,44000000.0,1570000000.0,69000000.0,0.44,104000000.0,0.06624203821656051,3905000000.0,1393000000.0,1291000000.0,596000000.0,2237000000.0,390000000.0,-113000000.0,4063215000.0,4620215000.0,13.860696517412935,2.1661073825503356,0.30960307298335465,0.867910983488873,0.015355391475055435,13.860696517412935,0.03158650394831299,2.588035031847134,23.086448863636363,2.9168808327351043,1.8409090909090908,3.758974358974359,0.019934952986735872,0.4020486555697823,1.3993288590604027,0.011267605633802818,92.34579545454545,0.06624203821656051,-0.6271186440677966,1.8559006767961992,-0.2637745143324533,0.21759787239291847,-0.46113989637305697,-0.6302521008403361,-0.5660377358490566,4.352392964753696,0.0019063835543724466,0.40206089932576944,Oil & Gas Refining & Marketing,Energy,CVI
2019Q3,2019,Q3,2019-10-24,2019-09-30,119000000.0,1622000000.0,159000000.0,1.18,193000000.0,0.1189889025893958,3962000000.0,1429000000.0,1327000000.0,590000000.0,2237000000.0,388000000.0,-77000000.0,4425015000.0,4923015000.0,14.218905472636816,2.2491525423728813,0.3003533568904594,0.8327501749475158,0.044694549405640334,14.218905472636816,0.08327501749475158,2.7281226880394573,9.29625,3.0965815255423372,0.6302521008403361,3.6829896907216493,0.01694909508781326,0.4093891973750631,1.4796610169491526,0.030035335689045935,18.51470711297071,0.1189889025893958,0.017241379310344845,12.009887272498267,-0.38554693526533745,0.11621687168750622,-0.08962264150943396,0.02586206896551724,-0.171875,18.032983231988204,0.12947798297876084,0.3799206116109969,Oil & Gas Refining & Marketing,Energy,CVI
2019Q2,2019,Q2,2019-07-25,2019-06-30,116000000.0,1687000000.0,192000000.0,1.16,212000000.0,0.12566686425607587,3830000000.0,1384000000.0,1157000000.0,482000000.0,2124000000.0,390000000.0,-121000000.0,5025000000.0,5675000000.0,13.771144278606965,2.400414937759336,0.31070496083550914,0.8598265895953757,0.055166964470104426,13.771144278606965,0.0838150289017341,2.978660343805572,10.829741379310343,3.6307803468208095,0.646551724137931,3.782051282051282,0.01492537313432836,0.44046997389033943,1.4688796680497926,0.030287206266318537,42.226890756302524,0.12566686425607587,0.15999999999999992,0.1969780725999632,-0.42643355282008255,-0.0949914268753145,0.09278350515463918,0.1485148514851485,0.2,2.5277135449513,0.13546668155481933,0.2815860655978176,Oil & Gas Refining & Marketing,Energy,CVI
2019Q1,2019,Q1,2019-04-25,2019-03-31,101000000.0,1486000000.0,160000000.0,1.0,194000000.0,0.13055181695827725,3874000000.0,1343000000.0,1125000000.0,580000000.0,2216000000.0,403000000.0,-162000000.0,4199895000.0,4923895000.0,13.36318407960199,1.9396551724137931,0.30743417656169336,0.8868205510052122,0.04585222771025438,13.36318407960199,0.07520476545048399,2.8263088829071332,10.395779702970296,3.1272486969471336,0.7425742574257426,3.205955334987593,0.01785758929687528,0.3835828600929272,1.1448275862068966,0.02607124419204956,22.580080645161292,0.13055181695827725,0.2195121951219513,-0.3115087545696929,-0.4755941628785061,-0.07213472673429906,-0.20816326530612245,0.23170731707317074,-0.24528301886792453,6.384681530618513,0.41737255192837575,0.25465049011298296,Oil & Gas Refining & Marketing,Energy,CVI
2018Q4,2018,Q4,2019-02-21,2018-12-31,82000000.0,1738000000.0,212000000.0,0.82,245000000.0,0.14096662830840045,3907000000.0,1246000000.0,1293000000.0,496000000.0,2039000000.0,380000000.0,-226000000.0,3465239999.9999995,3967239999.9999995,12.398009950248756,2.6068548387096775,0.2994625031993857,0.9390048154093098,0.0750601401007905,12.398009950248756,0.06581059390048154,1.993808975834292,10.564756097560975,2.781091492776886,0.926829268292683,3.9289473684210527,0.021932102826932625,0.44484259022267725,1.6875,0.020987970309700538,51.71999999999999,0.14096662830840045,-0.1276595744680851,4.2636815920398,-0.38379367530165265,-0.09460940292647481,0.20098039215686275,-0.08888888888888889,0.21839080459770116,2.5738197899391926,0.4853340658669843,0.09353446162137191,Oil & Gas Refining & Marketing,Energy,CVI
2018Q3,2018,Q3,2018-10-25,2018-09-30,90000000.0,1935000000.0,174000000.0,0.94,204000000.0,0.10542635658914729,4002000000.0,1239000000.0,1390000000.0,604000000.0,2139000000.0,427000000.0,-233000000.0,3890438000.0,4356438000.0,12.933194154488518,2.301324503311258,0.29185407296351823,0.9426957223567393,0.056070435588507876,12.933194154488518,0.07263922518159806,2.010562273901809,10.806772222222222,3.1399822437449556,0.8333333333333334,4.053864168618267,0.019278035018165048,0.4835082458770615,1.5165562913907285,0.022488755622188907,14.736507575757576,0.10542635658914729,0.5932203389830508,0.8532928449421142,-0.11323907171349953,-0.12035632925121187,0.3509933774834437,0.7647058823529411,0.5675675675675675,0.408374528107997,0.2444740426712379,0.0467144546476488,Oil & Gas Refining & Marketing,Energy,CVI
2018Q2,2018,Q2,2018-07-26,2018-06-30,51000000.0,1914000000.0,111000000.0,0.59,151000000.0,0.07889237199582028,3850000000.0,883000000.0,1211000000.0,591000000.0,2163000000.0,433000000.0,-313000000.0,3210732000.0,3843732000.0,10.172811059907835,2.0490693739424706,0.3031168831168831,1.3216308040770102,0.04455792682926829,10.172811059907835,0.057757644394110984,1.677498432601881,15.738882352941179,3.636163080407701,0.8549019607843137,4.071593533487298,0.013579457893091047,0.49714285714285716,1.2250423011844331,0.013246753246753246,17.59305205479452,0.07889237199582028,-0.22368421052631585,-0.7218198273522657,-0.13764596047239852,-0.32000318261477273,0.2883959044368601,-0.229607250755287,0.2265193370165746,-0.4995093228655545,0.1784263021795344,-0.165406427221172,Oil & Gas Refining & Marketing,Energy,CVI
2018Q1,2018,Q1,2018-04-27,2018-03-31,66200000.0,1536500000.0,90500000.0,0.76,117200000.0,0.07627725349821021,3823300000.0,941600000.0,1147100000.0,522300000.0,2081700000.0,424400000.0,-254600000.0,2623096000.0,3370096000.0,10.847926267281107,2.196247367413364,0.3052336986373029,1.2393797790994052,0.035743226407366185,10.847926267281107,0.07030586236193713,1.7071890660592255,9.90595166163142,2.7857858963466438,0.6555891238670695,3.3442507068803016,0.01654533421575116,0.40187795883137606,1.1648477886272257,0.01731488504694897,582.9102222222223,0.07627725349821021,-0.670995670995671,-0.598724612709074,-0.34660890127114036,-0.3466272202044464,0.8114374034003091,-0.6698254364089775,2.0166666666666666,0.20582877959927134,0.10627114983080144,-0.05792896448224102,Oil & Gas Refining & Marketing,Energy,CVI
2017Q4,2017,Q4,2018-02-26,2017-12-31,200500000.0,1593100000.0,30000000.0,2.31,64700000.0,0.040612642018705666,3806700000.0,918800000.0,1094200000.0,543700000.0,2102700000.0,385200000.0,-277400000.0,3232432000.0,3917132000.0,10.585253456221198,2.0125068971859483,0.3064333937531195,1.2695907705703091,-0.04033335388536079,10.585253456221198,0.21821941663038746,2.029020149394263,4.030463840399003,3.518101872006966,0.2169576059850374,3.9678089304257527,0.013457359659847444,0.41849896235584627,1.2420452455398197,0.052670291853836655,-16.276092648539777,0.040612642018705666,8.031904910853926,3.9922025695858046,-0.1526430984753742,-0.3973539265715185,-0.40642201834862385,8.031531531531531,-0.6197718631178707,5.515765765765766,-0.1350309479856662,-0.0701346017609554,Oil & Gas Refining & Marketing,Energy,CVI
2017Q3,2017,Q3,2017-11-03,2017-09-30,22200000.0,1453800000.0,78900000.0,0.25576,109000000.0,0.07497592516164535,4032800000.0,761800000.0,1383200000.0,618200000.0,2410700000.0,339700000.0,-434400000.0,2248120000.0,2565120000.0,8.776497695852534,2.237463604011647,0.2891539377107717,1.530716723549488,0.030011930079360965,8.776497695852534,0.029141506957206617,1.546375017196313,25.316666666666666,2.95106327119979,1.954954954954955,3.9587871651457167,0.019305019305019305,0.360493949613172,1.6214817211258492,0.005504860146796271,36.14340836012862,0.07497592516164535,3.1313333333333335,-0.8936890062066914,-0.3964535331121741,-0.4868602876046425,2.6454849498327757,3.1142857142857143,59.69230769230769,1.8101265822784811,-0.3623404535286635,-0.31102469024147605,Oil & Gas Refining & Marketing,Energy,CVI
2017Q2,2017,Q2,2017-07-28,2017-06-30,-10500000.0,1434400000.0,1300000.0,-0.12,29900000.0,0.020844952593418852,4029100000.0,783000000.0,1346000000.0,605100000.0,2388900000.0,318300000.0,-413200000.0,1888768000.0000002,2224468000.0,9.02073732718894,2.224425714757891,0.28929537613859174,1.4886334610472542,0.0004971394173898536,9.02073732718894,-0.013409961685823755,1.316765197992192,-44.970666666666666,2.4122196679438064,-4.133333333333334,4.412503927112787,0.022977941176470586,0.35601002705318807,1.6227069905800695,-0.0026060410513514183,26.342649930264997,0.020844952593418852,-1.4615384615384615,-1.0678583892357207,-0.37859515023493295,-0.38659054017636113,-0.6985887096774194,-1.472972972972973,-0.9807692307692307,-1.125448028673835,-0.43534228240758965,-0.40717746820109024,Oil & Gas Refining & Marketing,Energy,CVI
2017Q1,2017,Q1,2017-05-01,2017-03-31,22200000.0,1507100000.0,67600000.0,0.26,99200000.0,0.06582177692256652,4053200000.0,836900000.0,1348300000.0,560400000.0,2348800000.0,353900000.0,-359300000.0,1742943999.9999998,2104543999.9999998,9.641705069124423,2.405960028551035,0.28747656172900427,1.392281037160951,0.024335956679448847,9.641705069124423,0.02652646672242801,1.1564886205294935,19.627747747747748,2.0826191898673674,1.954954954954955,3.978242441367618,0.024900398406374504,0.37182966544952134,1.7068165596002856,0.005477153853745189,15.424283185840705,0.06582177692256652,2.25,1.8808824696452662,-0.23444261519807416,-0.25942509654286294,2.0794341675734493,2.1267605633802815,4.24031007751938,-0.824782951854775,-0.38420364468415463,-0.3305335573154148,Oil & Gas Refining & Marketing,Energy,CVI
2016Q4,2016,Q4,2017-02-21,2016-12-31,7100000.0,1353400000.0,12900000.0,0.08,-91900000.0,-0.06790305896261267,4050200000.0,858100000.0,1315500000.0,565900000.0,2340600000.0,349200000.0,-338100000.0,2203852000.0,2632652000.0,9.88594470046083,2.3246156564764093,0.28754135598242064,1.3571844773336441,0.0013795548187644704,9.88594470046083,0.008274093928446568,1.6283818531106842,77.60042253521127,2.5682927397739195,6.112676056338028,4.138888888888889,0.019692792437967704,0.3341563379586193,1.5866760911821878,0.0017529998518591675,102.50474418604651,-0.06790305896261267,0.3333333333333334,-0.8924620601817091,0.2709979791961537,-0.25673510452213083,-1.8744053282588011,0.3148148148148148,-0.5257352941176471,1.327188940092166,-0.44441707717569795,-0.27805821975433287,Oil & Gas Refining & Marketing,Energy,CVI
2016Q3,2016,Q3,2016-10-31,2016-09-30,5400000.0,1240300000.0,27200000.0,0.06,105100000.0,0.08473756349270338,4055000000.0,894400000.0,1299500000.0,456900000.0,2295900000.0,323000000.0,-301800000.0,1195236000.0,1598936000.0,10.304147465437788,2.8441672138323484,0.2876202219482121,1.3040026833631484,0.005866399227878336,10.304147465437788,0.006037567084078712,0.9636668547931952,55.334999999999994,1.3363550983899821,8.037037037037036,3.514551083591331,0.03631082062454612,0.3058692971639951,1.9951849420004377,0.0013316892725030826,9.470966719492868,0.08473756349270338,-0.8166197518865244,-0.9507212975430089,-0.08523784150982289,-0.17696750284941232,-0.3744047619047619,-0.8098591549295775,-0.7001102535832414,-0.8772727272727273,-0.37266703758029435,-0.29916940918351353,Oil & Gas Refining & Marketing,Energy,CVI
2016Q2,2016,Q2,2016-08-01,2016-06-30,28400000.0,1283200000.0,90700000.0,0.327189,168000000.0,0.13092269326683292,4056400000.0,932700000.0,1275300000.0,377000000.0,2243000000.0,325000000.0,-263800000.0,1345400000.0,1822000000.0,10.745391705069125,3.382758620689655,0.2877428261512671,1.251420606840356,0.02892710924198662,10.745391705069125,0.03044923340838426,1.0484725685785536,11.843309859154928,1.4424788249169078,1.528169014084507,3.4313846153846153,0.03225806451612903,0.316339611478158,2.287002652519894,0.007001281924859481,103.49230769230769,0.13092269326683292,2.7220473684210527,-0.7735425392696,-0.11748927610658863,-0.0459771927471117,5.153846153846154,2.753086419753086,3.273182957393484,-0.8450918254275361,-0.42185334194262364,-0.2817292960643245,Oil & Gas Refining & Marketing,Energy,CVI
2016Q1,2016,Q1,2016-05-02,2016-03-31,-16200000.0,905500000.0,-39900000.0,-0.19,27300000.0,0.030149088901159582,3183500000.0,924500000.0,1153700000.0,474200000.0,1666500000.0,259400000.0,-248800000.0,2265480000.0,2250780000.0,10.650921658986174,2.4329396878954026,0.20954923825977698,0.7215792320173067,-0.014698967492046721,10.650921658986174,-0.01752298539751217,2.501910546659304,-34.961111111111116,2.450492157923202,-2.6790123456790123,3.3855050115651504,0.019157088122605363,0.2844353698759227,1.7081400253057781,-0.005088738809486414,-87.47027027027028,0.030149088901159582,0.6346153846153846,-1.3522302273974347,-0.22770668810155908,0.23837180992486515,1.5537525354969575,0.64,0.6395663956639567,-1.0981973002131873,-0.6149393817774278,-0.35849284736513465,Oil & Gas Refining & Marketing,Energy,CVI
2015Q4,2015,Q4,2016-02-19,2015-12-31,-45000000.0,1010600000.0,-110700000.0,-0.52,-49300000.0,-0.04878290124678409,3305800000.0,984100000.0,1274700000.0,484800000.0,1705300000.0,289900000.0,-189200000.0,3415580000.0,3323980000.0,11.337557603686635,2.6293316831683167,0.20373283320225058,0.684381668529621,-0.05276287180762333,11.337557603686635,-0.04572706025810385,3.3797546012269937,-18.975444444444445,3.4707651661416525,-0.9666666666666667,3.6560883063125216,0.012735757909344824,0.3057051243269405,1.813943894389439,-0.013612438744025651,-22.42665791201576,-0.04878290124678409,-1.7761194029850744,-20.52910691183974,-0.12374383604270496,0.42076505292385535,-1.2646269457863661,-1.7772020725388602,-1.9111111111111112,-2.1204444669893325,-0.4624700993780762,-0.3545232903123981,Oil & Gas Refining & Marketing,Energy,CVI
2015Q3,2015,Q3,2015-10-30,2015-09-30,57900000.0,1408800000.0,121500000.0,0.67,186300000.0,0.13224020442930154,3541400000.0,1072500000.0,1525600000.0,565500000.0,1769000000.0,284700000.0,-100700000.0,3563139999.9999995,3225039999.9999995,12.355990783410139,2.697789566755084,0.19029197492517083,0.6283449883449883,0.056398689951412936,12.355990783410139,0.053986013986013985,2.5292021578648494,15.38488773747841,3.322275058275058,0.7495682210708118,4.293993677555322,0.01218026796589525,0.39780877619020727,2.030946065428824,0.016349466312757667,19.71853901494189,0.13224020442930154,-0.4273504273504273,1.4818040191869648,0.35901831889005503,0.5899306155122696,-0.41156032849020846,-0.43179587831207067,-0.5568927789934355,-0.7227294351066409,-0.41513532635055084,-0.2775763434706997,Oil & Gas Refining & Marketing,Energy,CVI
2015Q2,2015,Q2,2015-07-30,2015-06-30,101900000.0,1624200000.0,274200000.0,1.17,316600000.0,0.19492673316094078,3547600000.0,1058000000.0,1559900000.0,551700000.0,1768300000.0,349500000.0,-115100000.0,3267152000.0,3003652000.0,12.188940092165899,2.827442450607214,0.19004397339046117,0.6372400756143667,0.12153726966469776,12.188940092165899,0.09631379962192817,2.011545376185199,8.01558390578999,3.0880453686200378,0.4259077526987242,3.7413447782546494,0.013283740701381509,0.45783064607058294,2.0333514591263366,0.028723644153794116,20.80988535031847,0.19492673316094078,0.857142857142857,86.98214223210285,0.6060475113288737,0.6306692152965176,0.5527219225110348,0.8561020036429873,1.007320644216691,-0.3414504892266729,-0.2963707773365714,-0.17115299042987234,Oil & Gas Refining & Marketing,Energy,CVI
2015Q1,2015,Q1,2015-05-01,2015-03-31,54900000.0,1388900000.0,136600000.0,0.63,203900000.0,0.14680682554539565,3456100000.0,999500000.0,1462700000.0,424500000.0,1772000000.0,311400000.0,-173500000.0,3694208000.0,3516608000.0,11.514976958525345,3.445700824499411,0.1951911113683053,0.6749374687343672,0.06180462571300887,11.514976958525345,0.05492746373186593,2.659808481532148,16.822440801457194,3.696056028014007,0.7905282331511839,3.8053949903660884,0.011748120300751879,0.40186915887850466,2.37055359246172,0.015884957032493274,27.83879427279578,0.14680682554539565,2.235294117647059,5.416585604306144,0.5442691094656229,0.5404151272555424,8.723484848484848,2.2364864864864864,2.507726269315673,3.1783985397984287,-0.2944843396248459,-0.11553994980833011,Oil & Gas Refining & Marketing,Energy,CVI
2014Q4,2014,Q4,2015-02-20,2014-12-31,-44400000.0,1841800000.0,-90600000.0,-0.51,-26400000.0,-0.014333803887501358,3462500000.0,988100000.0,1456600000.0,423600000.0,1787200000.0,329600000.0,-184900000.0,3360028000.0,3281228000.0,11.383640552995391,3.43862134088763,0.19491696750902526,0.6830280335998381,-0.04062124657088165,11.383640552995391,-0.04493472320615322,1.8243175154739928,-18.919076576576575,3.400493877137942,-1.4684684684684686,5.668082524271845,0.019404600199760237,0.5319277978339351,2.2332389046270067,-0.012823104693140795,53.760448,-0.014333803887501358,-6.666666666666667,-5.666511144788506,0.9869155157017663,0.503087269674679,-1.3455497382198953,-6.620253164556962,-14.323529411764707,-1.6724907785819876,0.7296616507192819,-0.14413233513380433,Oil & Gas Refining & Marketing,Energy,CVI
2014Q3,2014,Q3,2014-11-03,2014-09-30,7900000.0,2279900000.0,6800000.0,0.09,76400000.0,0.033510241677266545,3752400000.0,1105700000.0,1765500000.0,574000000.0,1898100000.0,516800000.0,-75200000.0,3882563999.9999995,3764763999.9999995,12.738479262672811,3.0757839721254356,0.1799648225135913,0.6107443248620783,0.0031039947538116838,12.738479262672811,0.00714479515239215,1.70295363831747,122.8659493670886,3.5114081577281357,30.227848101265824,4.263738390092879,0.061505747233014066,0.6075844792666028,1.7879790940766551,0.0021053192623387697,56.43261627906976,0.033510241677266545,-0.90625,1.584077581051503,1.790836520038583,0.6847579129042336,-0.6695501730103807,-0.9056152927120669,-0.9586877278250304,-0.92790708344255,0.6815014473447993,0.0174720841898533,Oil & Gas Refining & Marketing,Energy,CVI
2014Q2,2014,Q2,2014-08-01,2014-06-30,83700000.0,2540300000.0,164600000.0,0.96,231200000.0,0.09101287249537456,3979500000.0,1320800000.0,2011800000.0,555600000.0,1875700000.0,528700000.0,155900000.0,4182892000.0,3859692000.0,15.216589861751151,3.620950323974082,0.16974494283201408,0.5114324651726226,0.06124515062455976,15.216589861751151,0.06337068443367656,1.6466133921190411,12.493703703703703,3.166938219261054,0.7777777777777778,4.367505201437488,0.015563394895206474,0.6383465259454706,2.2455003599712025,0.021032793064455334,58.748483146067414,0.09101287249537456,-0.3424657534246575,0.9490497483954562,2.1816711887368236,0.9951136841890809,-0.06434641845406718,-0.3393843725335438,-0.10299727520435967,-0.33258839918540595,0.7470713777325692,0.3509953080514793,Oil & Gas Refining & Marketing,Energy,CVI
2014Q1,2014,Q1,2014-05-02,2014-03-31,126700000.0,2447400000.0,183500000.0,1.46,247100000.0,0.10096428863283484,3869900000.0,1250100000.0,1915700000.0,629400000.0,1919700000.0,543100000.0,137600000.0,3667300000.0,3381100000.0,14.402073732718893,3.0436924054655226,0.1746556758572573,0.5406767458603312,0.07011350914931146,14.402073732718893,0.1013518918486521,1.4984473318623845,7.236187845303867,2.933605311575074,0.5138121546961326,4.0513717547413,0.01775147928994083,0.6324194423628517,1.9439148395297108,0.032739864079175174,16.715132178669098,0.10096428863283484,6.84,3.105803696457936,2.990377203699386,1.0292716619491484,1.3377483443708609,6.838709677419355,3.6105527638190953,1.7547882599540099,1.0873668156159517,0.6745144397913185,Oil & Gas Refining & Marketing,Energy,CVI
2013Q4,2013,Q4,2014-02-26,2013-12-31,-21700000.0,2436000000.0,39800000.0,-0.25,105700000.0,0.04339080459770115,3665800000.0,1188600000.0,1731700000.0,501500000.0,1830400000.0,526600000.0,76200000.0,3769724000.0,3603824000.0,13.693548387096774,3.453040877367896,0.18446178187571607,0.568904593639576,0.010588880495937165,13.693548387096774,-0.018256772673733806,1.5475057471264368,-43.43,3.1715665488810365,-3.0,4.425180402582606,0.01726916877734285,0.664520704893884,2.183050847457627,-0.005919580991870806,82.12906318082788,0.04339080459770115,-1.4901960784313726,-2.9475147908951316,2.459250253085877,1.0380503035409014,0.013422818791946308,-1.4931818181818182,-0.01485148514851485,-10.41736933304272,1.1121710027706027,0.7160058346766534,Oil & Gas Refining & Marketing,Energy,CVI
2013Q3,2013,Q3,2013-11-04,2013-09-30,44000000.0,1977100000.0,40400000.0,0.51,104300000.0,0.05275403368570128,3875100000.0,1276200000.0,1968400000.0,573200000.0,1908300000.0,680300000.0,163400000.0,3343536000.0000005,3132836000.0000005,14.702764976958525,3.4340544312630845,0.17455033418492427,0.5300109700673875,0.014646532922617712,14.702764976958525,0.03447735464660712,1.6911314551616006,18.997363636363637,2.619915373765868,1.4795454545454545,2.7529031309716303,0.019470404984423675,0.5102061882274006,1.9733077459874389,0.011354545689143507,-30.368174386920984,0.05275403368570128,-0.7582938388625592,-0.5618273823492893,0.2411174045205113,1.2222488158701454,-0.6806491120636865,-0.7600872410032715,-0.8462124095926913,0.8859996000729957,0.9072367392657067,0.891906248500474,Oil & Gas Refining & Marketing,Energy,CVI
2013Q2,2013,Q2,2013-08-02,2013-06-30,183400000.0,2220300000.0,262700000.0,2.11,326600000.0,0.14709723911183173,4023400000.0,1299000000.0,2146200000.0,684400000.0,1991000000.0,588800000.0,185300000.0,4028092409.5,3570392409.5,14.960086282499175,3.135885447106955,0.1682159367698961,0.5210161662817552,0.09488915230594089,14.960086282499175,0.1411855273287144,1.8142108766833311,5.490856610550709,3.1009179441878367,3.432546346782988,3.216202445652174,0.15628464692500496,0.551846696823582,2.0623904149620107,0.04558333747576677,121.30981507303117,0.14709723911183173,0.11052631578947367,4.871405935679006,0.4563029783413191,1.6956360175999547,-0.2409752515170037,0.1112928929365642,-0.28548503788806023,157.29396294625855,1.1947002543603804,1.0014006119145915,Oil & Gas Refining & Marketing,Energy,CVI
2013Q1,2013,Q1,2013-05-02,2013-03-31,165033000.0,2352419000.0,367662000.0,1.9,430289000.0,0.18291341806030303,3772059000.0,1441653000.0,1925215000.0,641995000.0,1874652000.0,525105000.0,632203000.0,4504794874.0,4141078874.0,16.602966335199216,2.998800613711945,0.17948738341579493,0.4696254924035118,0.11763055997630434,16.602966335199216,0.1144748424204715,1.9149627995692944,6.8240819623954,3.1247428292383814,2.8937909387819407,3.660467906418716,0.10601392812719668,0.6236432144884266,2.068994306809243,0.04375143654964039,20.99207751345558,0.18291341806030303,3.1304347826086953,6.367896534853807,0.9081981901804129,2.142573591904284,1.2280221202738109,3.1076486547029396,1.9438630485783603,14.271798365682159,1.6146367263041888,1.2210605016556355,Oil & Gas Refining & Marketing,Energy,CVI
2012Q4,2012,Q4,2013-03-14,2012-12-31,40177000.0,1880754000.0,124891000.0,0.46,193126000.0,0.1026854123399445,3610895000.0,1525155000.0,1761079000.0,625631000.0,1950757000.0,528070000.0,945460000.0,4236486929.5,4238739929.5,17.564626939326427,2.8148844926162546,0.2487521791688764,0.5889355508128682,0.03682282448026484,17.564626939326427,0.02634289629578633,2.252547079256511,26.361394140304153,2.7777418882015272,0.0,3.195841460412445,0.0,0.5208553558051398,1.7919508464254488,0.011126604346013938,-47.96801287944837,0.1026854123399445,-0.8091286307053942,3.504373077801538,0.6267034571589648,2.4114725657318403,-0.6766374825657229,-0.8076698452818627,-0.7660095476483108,3.221157090375989,1.0282131731704336,1.3192200268603438,Oil & Gas Refining & Marketing,Energy,CVI
2012Q3,2012,Q3,2012-11-06,2012-09-30,208896000.0,2409624000.0,533744000.0,2.41,597243000.0,0.24785734205834603,3652377000.0,1485117000.0,1865817000.0,728075000.0,2026265000.0,524359000.0,905283000.0,3488871589.0,3352738589.0,17.103524603238128,2.562671428080898,0.2332902654901178,0.5737352679957202,0.1441564893551159,17.103524603238128,0.1406596247972382,1.4478904546933464,4.175369070015702,2.3492233871136077,0.0,3.456374354211523,0.0,0.6597413136705219,1.747156542938571,0.057194533861099225,11.326034245552526,0.24785734205834603,0.3771428571428572,14.466353582893182,3.079476839736282,41.764385837209716,0.756550561896891,0.35003295978905735,1.263814193373259,16.438967110182826,1.9485775284543247,1.262067380232293,Oil & Gas Refining & Marketing,Energy,CVI
2012Q2,2012,Q2,2012-08-03,2012-06-30,154734000.0,2308318000.0,235772000.0,1.75,340009000.0,0.14729729612644357,3284714000.0,1276472000.0,1513987000.0,609490000.0,1863860000.0,514309000.0,696387000.0,2307144000.0,2469776000.0,14.70589861751152,2.484022707509557,0.26036361156557314,0.6699872774334259,0.07131459586236663,14.70589861751152,0.12122005026353888,0.9994914045638426,3.727597037496607,1.8074380009902293,0.0,3.8270942176784772,0.0,0.7027455053925548,1.4910991156540714,0.04710729762164986,11.315353490767306,0.14729729612644357,7.03448275862069,6.3597920913755575,2.5191586233497705,54.34753275654111,0.5599462291592112,7.139750813427506,0.6779969823782276,2.6031572732165174,1.8911187163101235,0.9281547203847703,Oil & Gas Refining & Marketing,Energy,CVI
2012Q1,2012,Q1,2012-05-04,2012-03-31,-25202000.0,1968631000.0,140508000.0,-0.29,217962000.0,0.1107175494036211,3203442000.0,1130068000.0,1442103000.0,700887000.0,1928751000.0,590107000.0,541653000.0,2321900000.0,2680490000.0,13.01921658986175,2.0575399458115218,0.26830296911884155,0.7605675056722251,0.0439354756878431,13.01921658986175,-0.02230131284135114,1.1794490689214991,-23.03289421474486,2.0546551180990877,0.0,2.9666975650178697,0.0,0.614536177024588,1.1213134214217129,-0.007867162882924056,18.30949264276815,0.1107175494036211,-1.3866666666666667,-1.8729657365985939,2.0012869803223308,0.0,1.7212934640114863,-1.3826718090437,4.227232142857143,-1.8166887510507728,2.209765573627492,0.8344252207627791,Oil & Gas Refining & Marketing,Energy,CVI
2011Q4,2011,Q4,2012-02-29,2011-12-31,65858000.0,1062168000.0,26880000.0,0.75,80095000.0,0.07540709191013098,3119291000.0,1151612000.0,1356783000.0,587559000.0,1819588000.0,636221000.0,566855000.0,1621695844.0,2097150844.0,13.300701756006967,2.309185971110986,0.27691645312989394,0.7500642577534795,0.009050537237115937,13.300701756006967,0.05718766390068877,1.526779044369629,6.156032084181117,1.4081963751680253,0.0,1.543603559140613,0.0,0.3405158415806669,1.0263701177243476,0.021113131157048187,-14.485117760548787,0.07540709191013098,-0.4,2.9438593413577836,0.2877212429141012,13.739706848675818,-0.681288771989861,-0.39726353361094585,-0.873321080164004,4.925399922329682,0.5121191361812154,0.9795818063256703,Oil & Gas Refining & Marketing,Energy,CVI
2011Q3,2011,Q3,2011-11-07,2011-09-30,109265000.0,1351964000.0,212190000.0,1.25,251309000.0,0.1858843874541038,2508295000.0,1083581000.0,1363461000.0,304090000.0,1276730000.0,308929000.0,500997000.0,1829663744.44,1523034744.44,12.519733426215454,4.483741655430958,0.2359479247855615,0.5461769816931084,0.08064059370539657,12.519733426215454,0.10083694712255013,1.3533376217414073,4.186298779206516,1.6885343545521747,0.0,3.5628089302072645,0.0,0.5389972072662904,3.259449505080733,0.04356146306554851,11.607405645154127,0.1858843874541038,-0.11971830985915488,0.42778068332001723,0.7798651789143992,0.0,-0.02643975609567124,-0.12493492972410203,-0.026294052863436123,0.0912570272112078,-0.14885650782320894,0.8922946007107119,Oil & Gas Refining & Marketing,Energy,CVI
2011Q2,2011,Q2,2011-08-08,2011-06-30,124865000.0,1447716000.0,217920000.0,1.42,258134000.0,0.1783043083035623,2349906000.0,973402000.0,1222280000.0,270896000.0,1230052000.0,315946000.0,391732000.0,2127731330.22,1971475330.22,11.263244047603552,4.511989841119839,0.25180624246246447,0.6078896488809351,0.08858120813408148,11.263244047603552,0.12827690923174598,1.469715973450594,4.260063529051376,2.185871130550379,0.0,3.765143410582821,0.0,0.6160740046623141,3.123445898056819,0.053136167999911485,12.899797689019843,0.1783043083035623,1.7307692307692306,4.649655454834092,0.7640287390494674,0.0,0.5922697804671935,1.7270245479164847,0.9882123241428389,3.016333896602186,-0.045953009689740656,1.0295074344094184,Oil & Gas Refining & Marketing,Energy,CVI
2011Q1,2011,Q1,2011-05-10,2011-03-31,45788000.0,1167265000.0,109606000.0,0.52,162117000.0,0.13888619979182104,1891962000.0,743223000.0,765846000.0,363645000.0,1138139000.0,395076000.0,266867000.0,2001343167.96,2306017167.96,8.600746216624868,2.1060264818710555,0.24872064026655927,0.6331477900979922,0.05671163212755201,8.600746216624868,0.061607350687478725,1.714557677956591,10.927225298986635,2.692789604143037,0.0,2.544188966173597,0.0,0.6169600657941333,0.7696627205103879,0.02420133173922098,-85.94988911144513,0.13888619979182104,18.588128212728858,1.0719470270206284,0.4224515327202066,0.0,0.6172562398994433,18.959895379250217,2.15077471469227,1.0540756916821379,-0.04858430924921914,0.6279306592180526,Oil & Gas Refining & Marketing,Energy,CVI
2010Q4,2010,Q4,2011-03-07,2010-12-31,2294000.0,1148184000.0,34787000.0,0.02654669166715434,100242000.0,0.08730482222361573,1740184000.0,689573000.0,599357000.0,265715000.0,1040011000.0,247172000.0,221079000.0,1311761195.58,1588680195.58,7.979896169570453,2.2556385601113975,0.2740905559412108,0.6916860143886144,0.00606727713711105,7.979896169570453,0.003326696375873185,1.1424660120503334,142.9556664755885,1.9022803902995042,0.0,4.239727800883595,0.0,0.6598060894709985,1.0545810360724837,0.001318251403299881,20.189017077292455,0.08730482222361573,-0.9016789197512802,1.0678419512037463,0.39472554707297136,7.843242437882533,0.1289784885685325,-0.9011505149308399,-0.31046580773042615,1.1436835268999732,-0.0021162947156023963,0.5498875640180356,Oil & Gas Refining & Marketing,Energy,CVI
2010Q3,2010,Q3,2010-11-03,2010-09-30,23207000.0,1031174000.0,50450000.0,0.27,88790000.0,0.08610573967148125,1684055000.0,671007000.0,529539000.0,219769000.0,1002448000.0,237938000.0,218785000.0,712330591.5,1056026591.5,7.771402514586516,2.409525456274543,0.3005139380839699,0.7542126982281854,0.027522934752584254,7.771402514586516,0.034585332194746105,0.6907957255516528,7.673660872797001,1.0615844417420384,0.0,3.960628398994696,0.0,0.6123161060654195,1.0744600011830603,0.01378042878647075,7.180390015624212,0.08610573967148125,26.0,-0.6960248465278425,0.3607946264559935,0.0,0.715185349740182,19.14496527777778,1.5977035168116986,0.7279223345661605,0.7556362981784576,18.43103911851709,Oil & Gas Refining & Marketing,Energy,CVI
2010Q2,2010,Q2,2010-08-06,2010-06-30,1152000.0,1005898000.0,19421000.0,0.01,51767000.0,0.051463468463005195,1620691000.0,645346000.0,451732000.0,186320000.0,964745000.0,251622000.0,195578000.0,649247660.0,1086909660.0,7.474808488335561,2.424495491627308,0.3090848286317379,0.7762208179798123,0.026847266761568643,7.474808488335561,0.0017850889290396159,0.6454408498674816,140.8957595486111,1.0060458420754137,0.0,3.7919220099991255,0.0,0.6206599530694007,0.8766101331043367,0.0007108079208189593,-202.5733728549142,0.051463468463005195,1.0714285714285714,-0.9478241049204542,0.22690917490819507,0.0,0.666677398583387,1.093181266682844,2.6750905640848717,1.0401182372930926,0.5417867959136903,27.132399006503615,Oil & Gas Refining & Marketing,Energy,CVI
2010Q1,2010,Q1,2010-05-05,2010-03-31,-12363000.0,894512000.0,-11594000.0,-0.14,31060000.0,0.034722843293326415,1612961000.0,645332000.0,434760000.0,215205000.0,957029000.0,255612000.0,194426000.0,755380823.75,1179247823.75,7.475242715280803,2.0202132850073187,0.28605961334465,0.7149854648460018,-0.006453709733673255,7.475242715280803,-0.019157580904092777,0.8444613641292682,-15.275030812707271,1.1705305544277984,0.0,3.377979124610738,0.0,0.5545775750312624,0.6052368671731605,-0.007664785447385275,23.57250191137463,0.034722843293326415,-2.2771946718799536,-1.5599844252493884,0.09113701938429503,0.0,-0.20904530291069293,-2.3064567261967666,-1.592558519881427,-1.4305740805853104,0.3711696704405251,0.0,Oil & Gas Refining & Marketing,Energy,CVI
2009Q4,2009,Q4,2010-03-12,2009-12-31,9463000.0,921937000.0,19566000.0,0.10961523962038493,39269000.0,0.04259401672782413,1614494000.0,653815000.0,425976000.0,190624000.0,950079000.0,274838000.0,206789000.0,592218565.82,1046590565.82,7.573506064926764,2.234639919422528,0.3042916232578133,0.7514006255592178,0.02790211140733795,7.573506064926764,0.014473513149744193,0.6423633782134789,15.64563473052943,0.9057892000336487,0.0,3.211593738857072,0.0,0.5710377369008495,0.5429117005203962,0.005861279137612156,-13.11204370145685,0.04259401672782413,1.6850952476274057,1.2801295103266725,0.1209948450668842,7.392884921524767,-0.03144731649565904,1.704144653620061,2.814354599406528,1.2801295103266725,0.1209948450668842,7.392884921524767,Oil & Gas Refining & Marketing,Energy,CVI
2009Q3,2009,Q3,2009-11-05,2009-09-30,-13439000.0,811693000.0,-10784000.0,-0.16,40544000.0,0.04994991948926503,1646607000.0,652094000.0,449367000.0,205486000.0,983913000.0,228702000.0,197326000.0,1072878407.8,1480913407.8,7.561014650890619,2.186849712389165,0.30056048589614887,0.7589473296794634,-0.007002853560594049,7.561014650890619,-0.020608991955147572,1.3217785638166153,-19.95830061388496,1.645281827159888,0.0,3.371850705284606,0.0,0.492948833571095,0.759209873178708,-0.008161631767628828,72.63410790061607,0.04994991948926503,-1.326530612244898,-1.1762315093135758,0.07238308404456342,0.0,-0.7318908624406502,-1.3149593381611944,-1.0994430305042233,-1.1762315093135758,0.07238308404456342,0.0,Oil & Gas Refining & Marketing,Energy,CVI
2009Q2,2009,Q2,2009-08-07,2009-06-30,42669000.0,793304000.0,108444000.0,0.49,151222000.0,0.1906230146324738,1628788000.0,657778000.0,423869000.0,176529000.0,960410000.0,222740000.0,210765000.0,632169634.16,1044865634.16,7.626928722077295,2.4011295594491555,0.29840408942109103,0.7389073517204893,0.05934379043089882,7.626928722077295,0.06486839024716545,0.796881944576102,3.70391639222855,0.961068375895819,0.0,2.882652419861722,0.0,0.48705172189382534,0.8428700100266812,0.026196779445821064,13.70082213562775,0.1906230146324738,0.36111111111111116,0.9346071562646807,-0.03136309924138985,0.0,-0.19472815378880665,0.391637585205962,0.19221635883905014,0.9346071562646807,-0.03136309924138985,0.0,Oil & Gas Refining & Marketing,Energy,CVI
2009Q1,2009,Q1,2009-05-07,2009-03-31,30661000.0,609395000.0,90960000.0,0.36,187790000.0,0.30815809122162147,1575803000.0,612086000.0,354842000.0,179915000.0,953117000.0,173056000.0,168096000.0,477790347.3,940301347.3,7.09716397403661,1.9722757969040936,0.3115478267270719,0.8020735648258578,0.059258345031002004,7.09716397403661,0.0500926340416216,0.784040478343275,3.8957498719872152,0.7805934906205991,0.0,2.436234513683432,0.0,0.3867202943515147,0.7140316260456326,0.01945738141125509,23.020493726812816,0.30815809122162147,1.8044212988889894,0.3901724893002363,-0.2559154248702224,0.0,0.035391545506172434,1.7694878511426249,1.680950455913399,0.3901724893002363,-0.2559154248702224,0.0,Oil & Gas Refining & Marketing,Energy,CVI
2008Q4,2008,Q4,2009-03-13,2008-12-31,11071000.0,699686000.0,-133578000.0,0.1283687298133911,181371000.0,0.2592177062282224,1610483000.0,579467000.0,373411000.0,244909000.0,1020416000.0,148424000.0,137435000.0,344974980.0,831922980.0,6.7189452406084635,1.5246928450975668,0.3079020393260904,0.8557363922363137,-0.058097867126231086,6.7189452406084635,0.01910548831943838,0.4930425648076423,7.790059163580526,0.5953315374300866,0.0,3.492123915269768,0.0,0.43445724046761125,0.33928112074280653,0.006874335214963462,-8.491900846790076,0.2592177062282224,-0.8893373018850077,1.3280553830691515,-0.1483996121058426,6.4458690222226265,1.1596670675509937,-0.8889067282123325,-2.8550181227346583,1.3280553830691515,-0.1483996121058426,6.4458690222226265,Oil & Gas Refining & Marketing,Energy,CVI
2008Q3,2008,Q3,2008-11-13,2008-09-30,99655000.0,1580911000.0,72009000.0,1.16,83981000.0,0.053121902497990085,1925481000.0,569925000.0,607911000.0,534312000.0,1344956000.0,258911000.0,126364000.0,733923799.3199999,1174703799.32,6.616165063047407,1.1377453622602525,0.26000879780169217,0.8784348817826907,0.047856319467294524,6.616165063047407,0.17485634074658946,0.4642410605783627,1.841161505493954,1.2877550542966179,0.0,5.781639250553279,0.0,0.8210473123339052,0.4326404797197143,0.05175589891564757,11.523918528428093,0.053121902497990085,2.2222222222222223,0.30838166235577136,1.0911458470561899,0.0,-0.48379740610977934,2.2159222925003226,-0.41433242240874485,0.30838166235577136,1.0911458470561899,0.0,Oil & Gas Refining & Marketing,Energy,CVI
2008Q2,2008,Q2,2008-08-14,2008-06-30,30988000.0,1512503000.0,122952000.0,0.36,162690000.0,0.10756342301469815,1979182000.0,478062000.0,634294000.0,669778000.0,1490520000.0,328738000.0,26709000.0,1658219851.75,2160545851.75,5.5497426896005075,0.9470212518177665,0.2642212792961941,1.0938790366103142,0.10862796130036395,5.5497426896005075,0.06482004426204133,1.096341529074653,13.377919289321673,3.4686292818713893,0.0,4.106044935480535,0.0,0.7642061215188901,0.32200818778759527,0.015656973436500535,-68.08539732087867,0.10756342301469815,0.3846153846153845,0.40666976408851213,0.848995654266253,0.0,0.28860304309600565,0.39453669951847353,0.4074498042537604,0.40666976408851213,0.848995654266253,0.0,Oil & Gas Refining & Marketing,Energy,CVI
2008Q1,2008,Q1,2008-05-15,2008-03-31,22221000.0,1223003000.0,87358000.0,0.26,126253000.0,0.10323196263623229,1923591000.0,455105000.0,622464000.0,601013000.0,1457886000.0,288415000.0,-4279000.0,1983833931.73,2457842931.73,5.283238673541589,1.035691407673378,0.25950838821766165,1.09686336120236,0.06997445297215299,5.283238673541589,0.048826095076960264,1.6221006258610977,22.31935929672382,4.359068636314697,0.0,3.802680165733405,0.0,0.6357916001894374,0.4037400189346986,0.01155183196427931,-1011.1284055708461,0.10323196263623229,2.4072456734868757,0.008700426868814757,0.4950894194289796,0.0,0.06944985486152644,2.3962037408156767,1.0920651893432989,0.008700426868814757,0.4950894194289796,0.0,Oil & Gas Refining & Marketing,Energy,CVI
2007Q4,2007,Q4,2008-03-28,2007-12-31,-15915299.0,1146990783.0,41756825.0,-0.18475807380226053,118054156.0,0.10292511304338878,1856068091.0,443515113.0,557881374.0,536442723.0,1401952978.0,249243198.0,-17897142.0,2148363797.54,2618697340.54,5.148693592251827,1.0399644735231128,0.26984046675257456,1.1292564003337582,0.1676625559833288,5.148693592251827,-0.035884456997071934,1.8730436454954493,-33.74683374688719,4.843947217510038,0.0,4.128243559930571,0.0,0.6179680522291787,0.403002456237998,-0.008574738759409015,-48.308193061446836,0.10292511304338878,-2.154737961264128,0.5278376535747543,0.3976834571875022,4.705731591881865,0.23788080547101195,-2.187780767925581,0.0801102872315954,0.5278376535747543,0.3976834571875022,4.705731591881865,Oil & Gas Refining & Marketing,Energy,CVI
2007Q3,2007,Q3,2007-09-30,2007-09-30,13399189.0,585977758.0,38659779.0,0.16,95367951.0,0.16275012096960853,1848567767.0,34452025.0,576256538.0,603251593.0,1808946367.0,209852915.0,0.0,1744361142.75,2564119811.75,0.39994786008024885,0.9552507522346485,0.45823414760428416,24.587143281127886,0.009657990245645301,0.39994786008024885,0.3889231184523987,2.9768384873577403,32.5460209336177,50.63159981887857,0.0,2.3378746347173687,0.0,0.31699014148178645,0.3956133025909805,0.007248416443907409,-80.07032348644714,0.16275012096960853,1.4776119402985073,-0.824080546103666,-0.22489946928764687,0.0,0.02415959225695087,1.4934566087101173,-0.37553768112135594,-0.824080546103666,-0.22489946928764687,0.0,Oil & Gas Refining & Marketing,Energy,CVI
2007Q2,2007,Q2,2007-06-30,2007-06-30,-27153733.0,616947956.0,61908906.0,-0.335,93118252.0,0.15093372316805276,1826235518.0,21692258.0,568075604.0,514581282.0,1799638839.0,179243439.0,0.0,1653242217.75,2443227295.75,0.26570106895638523,1.1039569915798064,0.44521229161637627,37.4816904722413,0.020696057773714065,0.26570106895638523,-1.251770700864797,2.6797109896738194,-15.221132005588329,76.21346831436358,,2.9224484138579823,,0.3378249683127672,0.4519551840208599,-0.014868691760927628,0.0,0.15093372316805276,-2.0,-2.3005530302431603,-0.20422902948711086,0.0,0.0,-2.0,-0.899652952249995,-2.3005530302431603,-0.20422902948711086,0.0,Oil & Gas Refining & Marketing,Energy,CVI
2007Q1,2007,Q1,2007-03-31,2007-03-31,27153733.0,616947956.0,616947956.0,0.335,0.0,0.0,,,,,,,,1653242217.75,,,0.0,0.0,0.0,0.0,,0.0,2.6797109896738194,15.221132005588329,0.0,,0.0,,0.0,0.0,0.0,0.0,0.0,1.8561162324183205,0.3005530302431605,-0.20422902948711086,0.0,0.0,1.819120890086736,1.3165632505909444,0.3005530302431605,-0.20422902948711086,0.0,Oil & Gas Refining & Marketing,Energy,CVI
