Quarters,Year,Quarter,FillingDate,Date,NetIncome,Revenue,OperatingIncome,EPSDiluted,GrossProfit,GrossProfitRatio,TotalAssets,CommonStockEquity,CurrentAssets,CurrentLiability,TotalLiability,Inventory,RetainedEarnings,MarketCap,EnterpriseValue,bookValuePerShare,currentRatio,debtToAssets,debtToEquity,roic,shareholdersEquityPerShare,roe,priceToSalesRatio,peRatio,pbRatio,payoutRatio,inventoryTurnover,dividendYield,assetTurnover,quickRatio,returnOnAssets,priceToFreeCashFlowsRatio,grossProfitMargin,epsdilutedGrowth,fiveYNetIncomeGrowthPerShare,fiveYRevenueGrowthPerShare,fiveYShareholdersEquityGrowthPerShare,grossProfitGrowth,netIncomeGrowth,operatingIncomeGrowth,threeYNetIncomeGrowthPerShare,threeYRevenueGrowthPerShare,threeYShareholdersEquityGrowthPerShare,Industry,Sector,Symbol
2023Q4,2023,Q4,2023-03-31,2023-03-31,7375000000.0,228843000000.0,467195000000.0,0.0,228843000000.0,1.0,47771802000000.0,3148567000000.0,5720421000000.0,1008541.0,44547660000000.0,0.0,1647005000000.0,0.0,7220823000000.0,0.0,5671976.647454094,0.24579499848048436,3.7293378225713476,0.011895458787301394,0.0,0.002342335417985388,0.0,0.0,0.0,0.0,0.0,,0.004790336357837203,5671976.647454094,0.00015437977407676604,0.0,1.0,-1.0,-1.0,-1.0,-1.0,-0.3667577058134998,-0.8898332934990439,0.04499194774984343,1.0,-1.0,-1.0,Capital Markets,Financial Services,NMR
2023Q3,2023,Q3,2022-12-31,2022-12-31,66944000000.0,361383000000.0,447080000000.0,21.51,361383000000.0,1.0,49242426000000.0,3138826000000.0,5875008000000.0,2518898000000.0,46042518000000.0,0.0,1675557000000.0,1472178031822.0498,8766273031822.05,1045.7534800373871,2.3323723310749385,0.2315837769650098,3.6331249326977666,0.02394638030602019,1045.7534800373871,0.02132771934474864,4.073733495549181,5.497796784708299,0.4690218673548804,0.22418738049713194,0.0,0.01019441920446623,0.007338854507290116,4.4564916880318295,0.001359478105323243,-3.896681688133895,1.0,2.9759704251386325,-0.1271868777654299,0.08675770655522794,0.26675149505367807,0.24711586575791564,2.991652256871981,0.9262386902197328,0.23418289115413923,0.2248342169222823,0.2225344366933176,Capital Markets,Financial Services,NMR
2023Q2,2023,Q2,2022-09-30,2022-09-30,16771000000.0,289775000000.0,232100000000.0,5.41,289775000000.0,1.0,51531980000000.0,3162974000000.0,5856156000000.0,2938996000000.0,48304679000000.0,0.0,1608564000000.0,1430690702085.8992,8921697702085.898,1053.7175788744914,1.9925702518819353,0.2308680745432254,3.761361617262741,0.008087382869710797,1053.7175788744914,0.00530228828943899,4.937246836634973,21.32685442260299,0.45232452182215194,0.0,0.0,0.0,0.005623207181249391,3.7932232639989985,0.0003254483914648729,-5.172885120079179,1.0,44.083333333333336,-0.6200200597245012,0.04342090819739657,0.3101089204236712,0.07109854365343388,41.67430025445292,1.1307848375517549,2.6884118957851455,0.24438377258393523,0.32093586327732965,Capital Markets,Financial Services,NMR
2023Q1,2023,Q1,2022-06-30,2022-06-30,393000000.0,270540000000.0,108927000000.0,0.12,270540000000.0,1.0,48903281000000.0,3055483000000.0,5481136000000.0,3037880000000.0,45788156000000.0,0.0,1606779000000.0,1464575954492.9656,8549097954492.966,1008.8858960836483,1.8042634995457358,0.2306188208517134,3.691075028072485,0.0002545462900390064,1008.8858960836483,0.00012862123598789455,5.4135283303502835,931.6640931889094,0.47932714876599397,107.51653944020356,0.0,0.02885067167078288,0.005532144152045749,3.6794254545933347,8.036270613417533e-06,-3.333961516294397,1.0,-0.9872340425531916,-0.9919239091985865,-0.06216880079658632,0.2539329047528545,-0.1381963092860351,-0.9866503617650056,-0.06201723944923318,-0.9922889542356989,-0.03601853757617404,0.2570862812545603,Capital Markets,Financial Services,NMR
2022Q4,2022,Q4,2022-03-31,2022-03-31,29439000000.0,313923000000.0,116129000000.0,9.4,313923000000.0,1.0,43412156000000.0,2914605000000.0,5124313000000.0,2573102000000.0,40439353000000.0,0.0,1606987000000.0,1558312985933.5232,8626058985933.523,965.7929562080942,1.9914923699099376,0.24658388309486404,3.6727920249913795,0.0049960656710236065,965.7929562080942,0.010100511046951473,4.9639974959895365,13.233406246250919,0.5346566639162162,0.0,0.0,0.0,0.007231223438891172,1.9914923699099376,0.0006781280340004307,-3.2904749240017552,1.0,-0.5174537987679672,-0.4368206994076359,0.13349720501284656,0.22442372244189387,-0.03950617283950617,-0.5222337628615015,-0.11757420099998481,37.61634392478964,0.22828999640928144,0.2264203136059872,Capital Markets,Financial Services,NMR
2022Q3,2022,Q3,2021-12-31,2021-12-31,61618000000.0,326835000000.0,131602000000.0,19.48,326835000000.0,1.0,45144022000000.0,2807880000000.0,5180640000000.0,2468585000000.0,42336142000000.0,0.0,1618317000000.0,1528707454051.2974,7989767454051.297,915.1194052925305,2.0986273512963907,0.2298292562412804,3.6951069846289726,0.0076791567916684525,915.1194052925305,0.021944670000142455,4.677306451424411,6.20235748503399,0.5444347529279376,0.4018630919536499,0.0,0.016197997814674802,0.00723982900770339,2.0986273512963907,0.0013649204760710068,-2.0884038672937595,1.0,18.287128712871286,0.009732280312975669,0.0899521476198177,0.15302014641962827,0.12133708902147398,18.17771553065671,0.0,1.7042218926178678,0.5030600039395531,0.14815920766694912,Capital Markets,Financial Services,NMR
2022Q2,2022,Q2,2021-09-30,2021-09-30,3213000000.0,291469000000.0,0.0,1.01,291469000000.0,1.0,43346552000000.0,2734086000000.0,0.0,2657820000000.0,40544920000000.0,0.0,1557697000000.0,1697239496643.0269,7471324496643.027,883.6481132950436,0.0,0.23682460371934544,3.7546478055189194,0.0,883.6481132950436,0.0011751642047836096,5.8230532119814695,132.06034054178545,0.62077034030496,0.0003112356053532524,0.0,5.891920391776776e-07,0.006724156514225169,2.159353906585096,7.412354274453018e-05,5.590822385969335,1.0,-0.9352148813341886,-0.9392729811220613,0.03981608308793063,0.19782605569046227,-0.10718038099730748,-0.9337348155175614,0.0,1.3138114243178558,0.21429547205437313,0.07099495018825189,Capital Markets,Financial Services,NMR
2022Q1,2022,Q1,2021-06-30,2021-06-30,48487000000.0,326459000000.0,0.0,15.59,326459000000.0,1.0,41830204000000.0,2739227000000.0,24808930000000.0,2933269000000.0,39025884000000.0,0.0,1579330000000.0,1707881615569.8713,7849704615569.871,910.850609222304,8.457775267116654,0.23995450751327915,3.6642987236910267,0.0,910.850609222304,0.01770097914484634,5.231534788656068,8.805873819631403,0.6234903553337753,0.9477385691009962,0.0,0.02690643167598405,0.007804384602092785,1.8270901850461039,0.0011591385019303277,-2.9546284583829925,1.0,1.3070106341079166,0.23988153162118628,0.24367204890789967,0.24131596873402572,1.3153613197443916,1.3119980953361474,0.0,9.483899743430376,0.4684705210348094,0.10590594718079012,Capital Markets,Financial Services,NMR
2021Q4,2021,Q4,2021-03-31,2021-03-31,-155408000000.0,140997000000.0,0.0,-50.78,140997000000.0,1.0,42516480000000.0,2694938000000.0,25096766000000.0,2822853000000.0,39760029000000.0,0.0,1533713000000.0,1814802280807.1887,7385692280807.188,880.4051415682744,8.890567804983114,0.22898473721248797,3.612559917890504,0.0,880.4051415682744,-0.05766663277596739,12.871212017327949,-2.9194157971391257,0.6734115147759202,0.0,0.0,0.0,0.0033162905301661848,1.9191555493679622,-0.003655241449903661,-41.61436094490229,1.0,-2.6296534017971758,-8.547786097952539,-0.3474609773776196,0.17439093615133505,-0.6247744607016068,-2.579895492344916,0.0,-8.70730409071047,-0.5501128767533249,0.10230024907391001,Capital Markets,Financial Services,NMR
2021Q3,2021,Q3,2020-12-31,2020-12-31,98366000000.0,375766000000.0,0.0,31.16,375766000000.0,1.0,44592245000000.0,2793623000000.0,25323592000000.0,2684862000000.0,41738853000000.0,0.0,1734915000000.0,1681100045891.8708,7348227045891.871,913.3738444559971,9.431990173051725,0.21515404752552827,3.434322383514168,0.0,913.3738444559971,0.035210907126695334,4.473794983824696,4.27256380734164,0.6017633896527451,0.6217900494073155,0.0,0.036382724603134076,0.00842671186436117,1.900814269038781,0.002205899254455567,-9.252013174896511,1.0,0.44795539033457255,2.272128217822443,0.36675273575698936,0.17300677782429436,0.100910281463599,0.4542148369356317,0.0,0.25855823611090345,0.10892248042866841,0.10639620627052077,Capital Markets,Financial Services,NMR
2021Q2,2021,Q2,2020-09-30,2020-09-30,67642000000.0,341323000000.0,0.0,21.52,341323000000.0,1.0,42684437000000.0,2731396000000.0,24479568000000.0,2633399000000.0,39898383000000.0,0.0,1775691000000.0,1479106487952.4707,6717153487952.471,893.5189412540446,9.295806674187999,0.22871849053555515,3.574260195152955,0.0,893.5189412540446,0.02476462585432504,4.333450977380577,5.466671919637469,0.541520339032667,0.0,0.0,0.0,0.007996427362975409,2.2469572594202396,0.0015846993600969834,3.6268521923894816,1.0,-0.5285870755750274,0.7089581866872934,0.3207934244818727,0.16341082437012094,-0.2103318557454724,-0.5253725897443094,0.0,0.5049034652157444,0.2068538090033984,0.11093063167343195,Capital Markets,Financial Services,NMR
2021Q1,2021,Q1,2020-06-30,2020-06-30,142516000000.0,432236000000.0,0.0,45.65,432236000000.0,1.0,41545394000000.0,2779503000000.0,23185392000000.0,2659392000000.0,38714751000000.0,0.0,1769225000000.0,1454031197663.6965,6953555197663.696,912.1190324192679,8.718305537506318,0.23080558581295438,3.449864598095415,0.0,912.1190324192679,0.05127391479699788,3.363975230345683,2.5506455374549115,0.523126327859224,0.10661960762300374,0.0,0.010450257205220198,0.010403945140103859,2.0976023843043823,0.003430368237692005,4.001351727957116,1.0,5.036251105216622,1.4470219290771413,0.3088436092916331,0.1787002395120183,1.099129725319554,5.13389412617839,0.0,1.9106799817522155,0.48914270401812904,0.1336624609796575,Capital Markets,Financial Services,NMR
2020Q4,2020,Q4,2020-03-31,2020-03-31,-34475000000.0,205912000000.0,0.0,-11.31,205912000000.0,1.0,43999815000000.0,2653467000000.0,25566357000000.0,2954167000000.0,41268551000000.0,0.0,1645451000000.0,1400786245543.6667,7505947245543.667,868.9671481778802,8.654337077084675,0.22682161277269006,3.7611581376365337,0.0,868.9671481778802,-0.012992435933817907,6.802839298067459,-10.15798582700266,0.5279079202958494,0.0,0.0,0.0,0.004679837858409177,2.0809480303584733,-0.0007835260216435001,-3.050253563622335,1.0,-1.6415201361315939,-1.5015797652618241,-0.3854562338641176,0.16929745367969787,-0.33664508231049256,-1.6041250481898153,0.0,-1.6517983316194196,-0.2652081790482249,0.10166882395694955,Capital Markets,Financial Services,NMR
2020Q3,2020,Q3,2019-12-31,2019-12-31,57066000000.0,310410000000.0,0.0,17.63,310410000000.0,1.0,46242334000000.0,2701167000000.0,27917676000000.0,2242843000000.0,43452711000000.0,0.0,1695182000000.0,1773997950841.5981,7334659950841.598,855.397973791165,12.44744995525768,0.20103243491126552,3.441552854747596,0.0,855.397973791165,0.021126424245520546,5.715015466130596,7.7716939633126465,0.6567524151011759,0.8496477762590684,0.0,0.027331485911242386,0.0067126802033824675,2.0757306686201398,0.0012340640072363129,4.956755335619659,1.0,6.3102409638554215,-0.05986907879979352,-0.08375422081274335,0.1482089045431584,0.1787288821043278,6.080210095255052,0.0,-0.0913562675502002,0.00584749320359369,0.07777312040767066,Capital Markets,Financial Services,NMR
2020Q2,2020,Q2,2019-09-30,2019-09-30,-11233000000.0,263343000000.0,0.0,-3.32,263343000000.0,1.0,45677106000000.0,2707878000000.0,26446284000000.0,2208635000000.0,42888931000000.0,0.0,1638347000000.0,1556296399767.3884,7362679399767.389,797.7053301135667,11.974040074525668,0.2011226367975239,3.392582679131039,0.0,797.7053301135667,-0.004148266650122347,5.909769387329029,-34.63670434806794,0.5747291420689515,0.0,0.0,0.0,0.005765317093425315,2.18255664697879,-0.00024592188480592446,-7.974014580892594,1.0,-1.2014563106796117,-1.231851614057255,-0.1553356371126376,0.1538376240417194,-0.14346072532119045,-1.2011892608314079,0.0,-1.1935143661832688,-0.1436877539131841,0.08132662175916765,Capital Markets,Financial Services,NMR
2020Q1,2020,Q1,2019-06-30,2019-06-30,55833000000.0,307450000000.0,0.0,16.48,307450000000.0,1.0,42532614000000.0,2662726000000.0,23974879000000.0,2034395000000.0,39805746000000.0,0.0,1548250000000.0,1291342217187.7244,7307700217187.725,802.5589898863502,11.784770902405874,0.21380898432435871,3.4152424996037896,0.0,802.5589898863502,0.020968360995461042,4.2001698396087965,5.782163851072504,0.48496999585677397,0.17785180807049594,0.0,0.0076896734791382275,0.00722857052707835,2.349694626658048,0.0013127102886269816,17.492173509803376,1.0,64.23805123450238,2.1145937987882406,-0.007669872582714244,0.19545135450582213,0.08658005598122649,65.15284360189574,0.0,0.2941278884329149,0.06165419654705186,0.09373510860092567,Capital Markets,Financial Services,NMR
2019Q4,2019,Q4,2019-03-31,2019-03-31,844000000.0,282952000000.0,0.0,0.25261330907573526,282952000000.0,1.0,40969439000000.0,2631061000000.0,25004150000000.0,2070841000000.0,38288646000000.0,0.0,1486825000000.0,1369139372685.6562,7283102372685.656,787.4893668129303,12.074393929809194,0.22396772384410732,3.4875025702558777,0.0,787.4893668129303,0.0003207831365369332,4.838769023317228,405.5507620514385,0.5203753819032155,0.0,0.0,0.0,0.006906416267989415,2.2231827552187733,2.060072143043013e-05,-29.811857611933462,1.0,1.008857409154128,-0.9846960388537823,-0.12999175257156362,0.16260174190257085,0.19501976551677536,1.0088584743272178,0.0,1.0475063588908569,0.19974617276393916,0.050448629881088086,Capital Markets,Financial Services,NMR
2019Q3,2019,Q3,2018-12-31,2018-12-31,-95276000000.0,236776000000.0,0.0,-28.52,236776000000.0,1.0,45113023000000.0,2662943000000.0,26059788000000.0,1989203000000.0,42407012000000.0,0.0,1496085000000.0,1371269399647.928,7274343399647.928,797.0318046327793,13.100617684570151,0.19913433865870617,3.373542730730624,0.0,797.0318046327793,-0.03577846014728817,5.7914205816802715,-3.598150110331899,0.5149450813058815,-0.10652210420252739,0.0,0.007401171500367284,0.005248506623021029,2.3038091134992253,-0.002111940048885662,-2.2721832362853673,1.0,-7.590361445783133,-3.1897056986661103,-0.25167908962588864,0.18669138862855034,-0.10088363844871517,-7.4817947120092585,0.0,-3.901361376784552,-0.21160627764475057,0.023593695670820217,Capital Markets,Financial Services,NMR
2019Q2,2019,Q2,2018-09-30,2018-09-30,-11233000000.0,263343000000.0,0.0,-3.32,263343000000.0,1.0,45360339000000.0,2800777000000.0,27608603000000.0,2299145000000.0,42514329000000.0,0.0,1681445000000.0,1895200155990.6443,7525651155990.645,825.0721566331589,12.008204354227333,0.2005027343380304,3.2472674547098896,0.0,825.0721566331589,-0.004010672752596868,7.196698435085209,-42.179296625804426,0.6766694228032594,0.0,0.0,0.0,0.005805578304871134,2.0629995063382256,-0.00024763924273140905,13.286130996464259,1.0,-3.2133333333333334,-1.3205455787424694,-0.13276476556210945,0.28031476855270504,0.04891620396555432,-3.1506796860042123,0.0,-1.255567168612997,-0.08233233625802552,0.07428934474092977,Capital Markets,Financial Services,NMR
2019Q1,2019,Q1,2018-06-30,2018-06-30,5223000000.0,251062000000.0,0.0,1.5,251062000000.0,1.0,42828467000000.0,2797225000000.0,24557412000000.0,2295641000000.0,39983268000000.0,0.0,1703081000000.0,1797385383670.2317,7515480383670.231,823.6239361441836,10.697409568830667,0.20495466251453734,3.13807219655194,0.0,823.6239361441836,0.0018672076790390477,7.159129552342575,86.03223165183954,0.642560174340724,7.1464675473865595,0.0,0.020766831832014186,0.005862035640920792,1.8364073476645522,0.00012195159822087492,-10.361301794941124,1.0,-0.772287647475193,-0.9135094551163595,-0.31899167730183176,0.2884142987193676,-0.28764208172785,-0.7696582138919514,0.0,-0.9195341783260146,-0.317873387813779,0.06434105231425152,Capital Markets,Financial Services,NMR
2018Q4,2018,Q4,2018-03-31,2018-03-31,22675000000.0,352438000000.0,0.0,6.587257930316229,352438000000.0,1.0,40591329000000.0,2749320000000.0,23930363000000.0,1920270000000.0,37791505000000.0,0.0,1696890000000.0,2144185922286.6267,7724764922286.627,798.6981244973325,12.461978263473366,0.21038052240171787,3.10608623223197,0.0,798.6981244973325,0.008247493925770736,6.083867012883476,23.64041810679853,0.7798968189540056,0.0,0.0,0.0,0.008682593270104559,2.404750894405474,0.0005586168415426851,-848.5104559899592,1.0,-0.7377683944937806,-0.704358712931947,-0.39788915548726583,0.2877233889599813,-0.07584879537659558,-0.7422182305995771,0.0,-0.7073485131949919,-0.06691416849387535,0.07474222148879889,Capital Markets,Financial Services,NMR
2018Q3,2018,Q3,2017-12-31,2017-12-31,87962000000.0,381364000000.0,0.0,25.12,381364000000.0,1.0,44479642000000.0,2841715000000.0,25783268000000.0,1865564000000.0,41573961000000.0,0.0,1712489000000.0,2258001405720.871,8266609405720.871,825.5395664585924,13.820629043013266,0.19889613769823059,3.113200655238122,0.0,825.5395664585924,0.03095384301381384,5.920856204887905,6.417547934678813,0.794591085214693,0.3567222209590505,0.0,0.013896359816473417,0.008573899942809791,2.305800283453154,0.0019775788663047244,-6.967376792666273,1.0,0.73840830449827,3.70003153929055,0.11923232157836146,0.40865361731606925,0.168928217844543,0.6964705882352941,0.0,0.32937219758990294,0.03265813040925356,0.10812967800163456,Capital Markets,Financial Services,NMR
2018Q2,2018,Q2,2017-09-30,2017-09-30,51850000000.0,326251000000.0,0.0,14.45,326251000000.0,1.0,44105700000000.0,2836212000000.0,25745166000000.0,1776720000000.0,41213293000000.0,0.0,1736867000000.0,2209032910280.8203,7734222910280.82,804.2976904040419,14.49027759016615,0.1964911111262263,3.0556171400445384,0.0,804.2976904040419,0.018281426071111752,6.7709613465731,10.651074784381969,0.7788673449942459,0.0,0.0,0.0,0.007397025781248229,2.4471143455355935,0.0011755850150887528,14.01893009856145,1.0,-0.08370323398858594,18.3254190521391,-0.10059069254651036,0.41629446253834385,-0.03203401295957846,-0.08804699591951597,0.0,0.03021497120988274,0.007346717129551057,0.16337311671958077,Capital Markets,Financial Services,NMR
2018Q1,2018,Q1,2017-06-30,2017-06-30,56856000000.0,337048000000.0,0.0,15.77,337048000000.0,1.0,44477783000000.0,2847020000000.0,25473133000000.0,1661627000000.0,41566994000000.0,0.0,1716773000000.0,2393936555037.0454,8050368555037.045,804.5772562946627,15.3302353656988,0.18981703741843428,2.965430871578001,0.0,804.5772562946627,0.019970354967650386,7.1026576482787185,10.526314527213685,0.8408569504383689,0.6827951315604334,0.0,0.01621638631914339,0.007577895687831383,2.6711343761265316,0.0012783011239566504,-4.2610155779258685,1.0,-0.0895607007563738,30.222699029648687,-0.06575212316973927,0.40803737114127525,0.03835513465887035,-0.07198119674860444,0.0,1.9738119481595413,0.02000002585481774,0.19845766225637437,Capital Markets,Financial Services,NMR
2017Q4,2017,Q4,2017-03-31,2017-03-31,61266000000.0,324598000000.0,0.0,17.32130852996063,324598000000.0,1.0,42852078000000.0,2789916000000.0,25617726000000.0,1548719000000.0,40008287000000.0,0.0,1663234000000.0,2478876770665.975,7583314770665.975,788.7734764579643,16.54123569220756,0.18847454725532797,2.894899344639767,0.0,788.7734764579643,0.021959800940243364,7.6367592242280455,10.1152220263522,0.8885130486602375,0.0,0.0,0.0,0.007574848528932482,2.7101359252388586,0.001429708963005248,20.052230370778226,1.0,-0.1089861867304204,1.872385562869972,-0.3281041313466523,0.37068775830820844,-0.06095444183436129,-0.129076280101214,0.0,0.04936922648320593,-0.05723417544923894,0.16449752383058908,Capital Markets,Financial Services,NMR
2017Q3,2017,Q3,2016-12-31,2016-12-31,70346000000.0,345668000000.0,0.0,19.44,345668000000.0,1.0,43052109000000.0,2807241000000.0,24821863000000.0,1645014000000.0,40184130000000.0,0.0,1641167000000.0,2426315652432.7974,7820504652432.797,793.6716527756865,15.089150001155005,0.19724190515266046,3.024920197446532,0.0,793.6716527756865,0.02505876766547653,7.019208177883973,8.622791816282366,0.8643061470079687,0.4549512410087283,0.0,0.01319036950856353,0.008029060783061754,2.627818365071665,0.0016339733786328563,-5.7407479804300445,1.0,0.16546762589928068,3.086434880163649,-0.03380179044808869,0.39541483297170255,0.06645522756441899,0.14982020268061458,0.0,0.5271757885296187,0.03194551517805639,0.18168849758942374,Capital Markets,Financial Services,NMR
2017Q2,2017,Q2,2016-09-30,2016-09-30,61180000000.0,324128000000.0,0.0,16.68,324128000000.0,1.0,42957438000000.0,2639363000000.0,24087234000000.0,1496287000000.0,40257481000000.0,0.0,1571328000000.0,1611201081371.3716,6485685081371.371,737.7098779051711,16.09800392571746,0.19367146616145964,3.1521355721058453,0.0,737.7098779051711,0.023179835437565806,4.970879039673745,6.583855350487788,0.6104507342761762,0.0,0.0,0.0,0.0075453289369817635,3.1121556225510214,0.001424200391094087,1.0243857830781726,1.0,0.3123524783634932,2.3526113315723363,0.0868490625730787,0.3200131152635859,0.03124323911577179,0.30656700480512544,0.0,0.6564433176960892,0.012755847415461638,0.14474939433587566,Capital Markets,Financial Services,NMR
2017Q1,2017,Q1,2016-06-30,2016-06-30,46825000000.0,314308000000.0,0.0,12.71,314308000000.0,1.0,42918447000000.0,2642277000000.0,23296504000000.0,1438042000000.0,40219167000000.0,0.0,1542199000000.0,1295066161652.066,7817540161652.066,733.7782097101742,16.200155489199897,0.20702237897843787,3.362659933080445,0.0,733.7782097101742,0.01772145766700463,4.12037288790634,6.914394883353261,0.49013262487319303,0.23126534970635346,0.0,0.008361734960464,0.007323377754092547,2.8242575668860854,0.0010910227017300975,-4.597748324843848,1.0,3.3902375678938026,1.6359807739872394,-0.06505617719610729,0.2577396682950711,0.23619201195650036,3.4447867174855116,0.0,-0.2686735158244224,-0.19589682236584632,0.14786651527546618,Capital Markets,Financial Services,NMR
2016Q4,2016,Q4,2016-03-31,2016-03-31,-19153000000.0,254255000000.0,0.0,-5.317463071756348,254255000000.0,1.0,41090167000000.0,2700239000000.0,22679703000000.0,1351098000000.0,38347152000000.0,0.0,1516577000000.0,1784742638475.0376,7154633638475.037,749.6695644241784,16.786127283143042,0.2255706091435452,3.4325605992654724,0.0,749.6695644241784,-0.007093075835139038,7.019498686260005,-23.29586276921419,0.6609572850681135,0.0,0.0,0.0,0.006187733430238918,3.8977890574924987,-0.00046612124988443097,3.5280936818743256,1.0,-1.5533260220349996,-2.608732391852396,-0.07862287316547403,0.295751411590947,-0.2147121594450433,-1.5410146319416982,0.0,-1.2386519008517738,-0.5848801277433833,0.2086757217666161,Capital Markets,Financial Services,NMR
2016Q3,2016,Q3,2015-12-31,2015-12-31,35402000000.0,323773000000.0,0.0,9.61,323773000000.0,1.0,43494765000000.0,2804661000000.0,22195431000000.0,1307880000000.0,40657490000000.0,0.0,1546817000000.0,2407864826858.779,9199341826858.78,778.6603297809862,16.970540875309663,0.2148688698513488,3.3321927320271505,0.0,778.6603297809862,0.012622559375268527,7.436891979438616,17.003734441972057,0.8585225903803629,1.0164115021750184,0.0,0.014943945191035592,0.007443953312542326,2.85659770009481,0.0008139370335717413,-12.698302544859372,1.0,-0.2391132224861442,1.6426346095423752,0.08495886045653168,0.359744929569883,0.06510232480105796,-0.23963143538306236,0.0,0.8077724985030251,-0.09190459272562194,0.3286615624152841,Capital Markets,Financial Services,NMR
2016Q2,2016,Q2,2015-09-30,2015-09-30,46559000000.0,303983000000.0,0.0,12.63,303983000000.0,1.0,43960331000000.0,2761660000000.0,23923423000000.0,1339746000000.0,41165395000000.0,0.0,1512565000000.0,2511329956466.4004,9161081956466.4,768.0166992926186,17.856685520986815,0.21604668991232118,3.439048977788721,0.0,768.0166992926186,0.016859063027309662,8.261415791233064,13.484664385330444,0.9093552270976153,0.0,0.0,0.0,0.0069149388342867575,3.3991055020877092,0.0010591139543512536,31.212930429123276,1.0,-0.3227882037533511,43.803973968858884,0.11156461063687746,0.3614317655001617,-0.22013448301516975,-0.322699368653807,0.0,16.017906186859857,-0.17817916985832935,0.3524069648871962,Capital Markets,Financial Services,NMR
2016Q1,2016,Q1,2015-06-30,2015-06-30,68742000000.0,389789000000.0,0.0,18.65,389789000000.0,1.0,43996483000000.0,2783301000000.0,22911394000000.0,1393538000000.0,41179502000000.0,0.0,1502500000000.0,2998053738051.754,9997889738051.754,773.8346034415714,16.44116916797389,0.21966314898397674,3.4722820133359633,0.0,773.8346034415714,0.02469801146192956,7.691478564176398,10.903282338496675,1.07715756867538,0.6808064938465567,0.0,0.015610127132148193,0.008859549068956262,2.762767861371559,0.0015624430707336311,5.799537937258083,1.0,-0.17143820894054682,29.21956859856558,0.5258093229066514,0.35177540025773674,-0.025061967089285132,-0.16182602970224597,0.0,36.13872931091654,0.06294472437326966,0.354236690390585,Capital Markets,Financial Services,NMR
2015Q4,2015,Q4,2015-03-31,2015-03-31,82014000000.0,399809000000.0,0.0,22.508882501271138,399809000000.0,1.0,41783236000000.0,2707774000000.0,22300976000000.0,1386095000000.0,39038290000000.0,0.0,1437940000000.0,2558872019166.0923,10129451019166.092,743.153203184785,16.08906748815918,0.23136491869610099,3.570155781095468,0.0,743.153203184785,0.030288347550423336,6.400236160681956,7.8001073571771045,0.9450094502591768,0.0,0.0,0.0,0.009568646143156553,2.587988557782836,0.0019628446202682817,-606.7991508575035,1.0,0.2023975695123472,3.301479044178867,0.4405544222320963,0.23039306466553452,0.02277006354436338,0.1709761704193378,0.0,2.7326388489158053,-0.1966339648645875,0.29141132220513094,Capital Markets,Financial Services,NMR
2015Q3,2015,Q3,2014-12-31,2014-12-31,70039000000.0,390908000000.0,0.0,18.72,390908000000.0,1.0,44103284000000.0,2714447000000.0,20774421000000.0,1289023000000.0,41331304000000.0,0.0,1403294000000.0,2487925549067.907,10295471549067.906,744.9846194421432,16.116408318548235,0.22120686069545298,3.5940834357790004,0.0,744.9846194421432,0.025802308904907704,6.3644784682531625,8.880500682005408,0.9165496873093884,0.3119404902982624,0.0,0.008781613263381324,0.008863466947268597,2.3772966037068386,0.001588067682216136,-10.30790205985187,1.0,0.32296819787985853,5.612932852231196,0.38796103152968175,0.24345799475123,0.14893867162012028,0.3246898169163262,0.0,2.949570595108869,0.0606848829117173,0.30981443607027076,Capital Markets,Financial Services,NMR
2015Q2,2015,Q2,2014-09-30,2014-09-30,52872000000.0,340234000000.0,0.0,14.15,340234000000.0,1.0,43802094000000.0,2561088000000.0,21630658000000.0,1261395000000.0,41186876000000.0,0.0,1335236000000.0,2378767023889.1294,10069362023889.129,691.3497302326865,17.148203378006098,0.22283197237100125,3.811078338581103,0.0,691.3497302326865,0.020644351150760926,6.991561760109599,11.247763579442472,0.928811123979,0.0,0.0,0.0,0.007767528191688735,2.698072372254528,0.0012070655800154211,-30.88465514455966,1.0,1.6901140684410647,0.3967659115970166,-0.16970382332062017,0.16041226426911248,-0.008780823194891157,1.6622356495468278,0.0,2.128953643846056,0.10183666178113823,0.23705909121417132,Capital Markets,Financial Services,NMR
2015Q1,2015,Q1,2014-06-30,2014-06-30,19860000000.0,343248000000.0,0.0,5.26,343248000000.0,1.0,43930988000000.0,2467654000000.0,0.0,1090082000000.0,41417314000000.0,0.0,1304962000000.0,2625407925540.409,10019545925540.41,671.3439127919291,0.0,0.21641862459364675,3.852843226805703,0.0,671.3439127919291,0.008048129924211417,7.648720241750598,33.04894166088128,1.0639287053778241,1.6852467270896274,0.0,0.012748114178527437,0.007813345786805433,3.1921754510211158,0.0004520726918320162,72.71993810875576,1.0,-0.6813357303950633,0.23566505090389978,-0.15479410122966086,0.1352523554303384,-0.049814114045116445,-0.6757868616951809,0.0,0.09526199991699108,0.0002588912611963354,0.15072355517390662,Capital Markets,Financial Services,NMR
2014Q4,2014,Q4,2014-03-31,2014-03-31,61256000000.0,361243000000.0,0.0,16.506400314415774,361243000000.0,1.0,43520314000000.0,2513680000000.0,22642278000000.0,1094647000000.0,40967101000000.0,0.0,1287003000000.0,2477760731589.743,9932144731589.742,677.3509263148205,20.684547621287958,0.22159063466315984,3.8364843575952388,0.0,677.3509263148205,0.024369052544476622,6.858986143924569,10.112318514062881,0.9857104848627285,0.0,0.0,0.0,0.008300560515257311,3.138109363109751,0.0014075266092979017,-18.629779936764987,1.0,0.3048537797957134,1.1449069230177755,0.1975819445124139,-0.16628042971563478,0.027873335097468466,0.2674791533033996,0.0,3.993806350950807,0.2705841408507851,0.1707537034520129,Capital Markets,Financial Services,NMR
2014Q3,2014,Q3,2013-12-31,2013-12-31,48329000000.0,351447000000.0,0.0,12.65,351447000000.0,1.0,43634418000000.0,2492494000000.0,0.0,1102536000000.0,41105952000000.0,0.0,1259206000000.0,3035787762161.3696,10336952762161.37,671.6420227451912,0.0,0.2144944387707887,3.755010042150553,0.0,671.6420227451912,0.019389815983508887,8.637967494846647,15.703758417106549,1.2179719438286993,0.6137515777276583,0.0,0.009770775272801594,0.008054352873458745,2.9428626366848794,0.001107588967956442,35.36235861244723,1.0,0.26626626626626626,1.0719628381550779,4.607131997816381,-0.10316785137716283,0.06416215250547301,0.2680450240075565,0.0,2.5014924579823576,0.14305873688602846,0.17286292878270415,Capital Markets,Financial Services,NMR
2014Q2,2014,Q2,2013-09-30,2013-09-30,38113000000.0,330257000000.0,0.0,9.99,330257000000.0,1.0,41868413000000.0,2379189000000.0,21333964000000.0,1380114000000.0,39457107000000.0,0.0,1210878000000.0,2817830878984.1973,9923776878984.197,644.4291489083095,15.458117227997107,0.2210966056917419,3.8908064891019585,0.0,644.4291489083095,0.01601932423191264,8.532236648986084,18.48339725936162,1.184366134419837,0.0,0.0,0.0,0.007887975118617465,2.68785114852831,0.000910304386268474,10.943797543067854,1.0,-0.42053364269141524,1.2713681475977883,0.3378328365306048,-0.3181776837917228,-0.17902678515940587,-0.42160135975961394,0.0,34.72167432398471,0.1762055539666318,0.142353173760526,Capital Markets,Financial Services,NMR
2014Q1,2014,Q1,2013-06-30,2013-06-30,65894000000.0,402275000000.0,0.0,17.24,402275000000.0,1.0,41954813000000.0,2369007000000.0,21570737000000.0,1603667000000.0,39559944000000.0,0.0,1202417000000.0,2796903921141.7666,10130709921141.766,639.2539550071999,13.450882882793,0.22667802142271495,4.014438961134348,0.0,639.2539550071999,0.027815029672770067,6.952716229300271,10.611375546869846,1.1806229028203659,0.33819467629829725,0.0,0.007967738838487773,0.009588292051260007,1.897962606950196,0.0015705945346485039,85.37557756842999,1.0,-0.22625531853000422,1.4425711047650025,0.5323889848497003,-0.3735466193346309,-0.360477501653355,-0.20052898497973842,0.0,27.114546175981904,0.5283148672145669,0.11668277310559054,Capital Markets,Financial Services,NMR
2013Q4,2013,Q4,2013-03-31,2013-03-31,82422000000.0,629024000000.0,0.0,22.281251700815123,629024000000.0,1.0,37942439000000.0,2294371000000.0,18812569000000.0,1215150000000.0,35623456000000.0,0.0,1136523000000.0,1989385884150.2344,9473953884150.234,620.2404424310365,15.481684565691479,0.24082057560928016,3.982494548614849,0.0,620.2404424310365,0.03592357120971282,3.1626549768375045,6.034147084971956,0.8670724499874842,0.0,0.0,0.0,0.016578375470274857,2.2296761716660494,0.002172290505626167,17.929017782696622,1.0,3.180347411034732,1.2706176130795128,4.453067375079543,-0.4046781968572707,0.7178562845469839,3.0981503579952268,0.0,3.2579784786614128,1.2324144020127055,0.02689396415408506,Capital Markets,Financial Services,NMR
2013Q3,2013,Q3,2012-12-31,2012-12-31,20112000000.0,366168000000.0,0.0,5.33,366168000000.0,1.0,38562229000000.0,2167890000000.0,18321353000000.0,1391307000000.0,36127146000000.0,0.0,1076367000000.0,1891818515017.1763,10567435515017.176,586.0486611545473,13.168447366397208,0.26448580034105396,4.704649221132068,0.0,586.0486611545473,0.009277223475360835,5.166531523828342,23.516041604728226,0.8726542928917871,0.3677406523468576,0.0,0.00390946591403502,0.009495509193724253,1.787987841648177,0.0005215466149531968,13.423531146127424,1.0,6.202702702702703,-0.5433744128446876,-0.31922298794580645,-0.5019105596891693,-0.03582910934105721,6.1598433606265575,0.0,0.8704234226504832,0.28060029742447934,-0.02182290210023504,Capital Markets,Financial Services,NMR
2013Q2,2013,Q2,2012-09-30,2012-09-30,2809000000.0,379775000000.0,0.0,0.74,379775000000.0,1.0,35394322000000.0,2096607000000.0,18456077000000.0,1695722000000.0,33006875000000.0,0.0,1056255000000.0,1009344844487.392,9462915844487.393,567.8887488993955,10.883904908941442,0.275862806469354,4.65703729883569,0.0,567.8887488993955,0.0013397837553723708,2.6577443077806384,89.83133183405054,0.48141823645890336,0.0,0.0,0.0,0.01072982836060541,1.7033788557322485,7.936301195429029e-05,3.389952659271298,1.0,0.48,1.1374464224390999,-0.1091164784067204,-0.5152219865738814,0.013703785757565243,0.4854574299312533,0.0,-0.9255400801648548,-0.0700606265780246,-0.04681373240500516,Capital Markets,Financial Services,NMR
2013Q1,2013,Q1,2012-06-30,2012-06-30,1891000000.0,374641000000.0,0.0,0.5,374641000000.0,1.0,35254342000000.0,2099723000000.0,0.0,2567723000000.0,32865485000000.0,0.0,1060836000000.0,1075422703393.702,10051560703393.701,571.4175438699599,0.0,0.2939649249445643,4.935670086006583,0.0,571.4175438699599,0.0009005949832430278,2.8705419412015822,142.1764547056719,0.5121736073728306,3.8783712321523005,0.0,0.00681964401240197,0.010626804494039344,0.9254222515434881,5.3638782990191676e-05,-3.9521325902338083,1.0,-0.9170852029481026,-0.9872005394942316,-0.48972706432724494,-0.5227094206344874,-0.25095170306864256,-0.914364640883978,0.0,-0.8823088455994212,-0.07721488056962077,-0.03372459293654988,Capital Markets,Financial Services,NMR
2012Q4,2012,Q4,2012-03-31,2012-03-31,22082000000.0,500156000000.0,0.0,6.030286725384413,500156000000.0,1.0,35697312000000.0,2107241000000.0,0.0,1185613000000.0,33308175000000.0,0.0,1058945000000.0,1328606528886.7546,9065382528886.754,575.4581754137205,0.0,0.27146169997337616,4.598644863117223,0.0,575.4581754137205,0.010479105142696066,2.656384265882554,15.041736809242309,0.6304957662112473,0.0,0.0,0.0,0.014011026936706047,2.422146180920756,0.0006185899935546967,2.5912249238624288,1.0,0.24592700937694492,-0.6571447758244667,-0.21996187571001125,-0.4992488407440346,0.3503642146301426,0.23903041185052182,0.0,1.0529388768989951,0.6803784366887613,-0.2916954504915476,Capital Markets,Financial Services,NMR
2012Q3,2012,Q3,2011-12-31,2011-12-31,17822000000.0,370386000000.0,0.0,4.84,370386000000.0,1.0,36692990000000.0,2082754000000.0,19930713000000.0,1167077000000.0,34601354000000.0,0.0,1069334000000.0,847439073554.3596,8266980073554.359,568.771116676084,17.077461898400877,0.26081259662949247,4.594874862801848,0.0,568.771116676084,0.00855693951373998,2.2879889454632725,11.887541711849956,0.4068839015814444,0.8224666142969363,0.0,0.017296818682812073,0.01009418965311903,2.6621988095044284,0.0004857058528073073,1.4918126140801318,1.0,1.382608695652174,-0.8826199504632073,-0.40295000723632746,-0.5092965206417961,0.21875987153838053,1.386661459689317,0.0,1.026893834681616,4.852588062161882,-0.240529619397054,Capital Markets,Financial Services,NMR
2012Q2,2012,Q2,2011-09-30,2011-09-30,-46092000000.0,303904000000.0,0.0,-12.65,303904000000.0,1.0,36935671000000.0,2037558000000.0,0.0,2600785000000.0,34621298000000.0,0.0,1026367000000.0,996359059704.8035,10957117059704.803,558.8655668454188,0.0,0.30441501929124287,5.51825911213325,0.0,558.8655668454188,-0.02262119654998778,3.2785322328919775,-5.404186516666686,0.4889966615452436,0.0,0.0,0.0,0.008227926873184462,0.8639449243209262,-0.0012478993545291218,-5.493001481389534,1.0,-3.5816326530612246,-1.5531337609356344,-0.3667014966857248,-0.49853874904773926,-0.09637096174717155,-3.593663834336841,0.0,0.6676754480524746,0.24662943063419293,-0.408706114735646,Capital Markets,Financial Services,NMR
2012Q1,2012,Q1,2011-06-30,2011-06-30,17771000000.0,336315000000.0,0.0,4.9,336315000000.0,1.0,39713079000000.0,2101667000000.0,0.0,2296793000000.0,37297935000000.0,0.0,1087105000000.0,1434898750253.0608,11622299750253.06,583.4102463388526,0.0,0.2914873963814289,5.507942980500717,0.0,583.4102463388526,0.008455668761987507,4.266532120937398,20.185959572520694,0.6827431511524237,0.8107591019076023,0.0,0.010041126593398304,0.008468620627476404,1.1843918890383243,0.0004474848197995426,-1.8137767648952685,1.0,0.48243412576687117,-0.5316070931341863,-0.21206179619691937,-0.46305361587496774,0.2194295079351842,0.493486847634255,0.0,1.122786923652675,0.31793892000255125,-0.4282721002020651,Capital Markets,Financial Services,NMR
2011Q4,2011,Q4,2011-03-31,2011-03-31,11899000000.0,275797000000.0,0.0,3.305374528844716,275797000000.0,1.0,36692990000000.0,2082754000000.0,0.0,1167077000000.0,34601354000000.0,0.0,1069334000000.0,1572845800145.1,8992386800145.1,578.5597127027016,0.0,0.26081259662949247,4.594874862801848,0.0,578.5597127027016,0.005713108701267649,5.702911199705218,33.045755948926384,0.755175983407114,0.0,0.0,0.0,0.00751634031459415,2.6621988095044284,0.0003242853743998513,7.9122563970556286,1.0,-0.10665553274467138,-0.9511499788703374,-0.5532725943021508,-0.46697730737334553,-0.07529178247997506,-0.11128538352378818,0.0,1.0401455258142904,2.5557547999495194,-0.44468437104501085,Capital Markets,Financial Services,NMR
2011Q3,2011,Q3,2010-12-31,2010-12-31,13389000000.0,298253000000.0,0.0,3.7,298253000000.0,1.0,33300907000000.0,2061486000000.0,0.0,1907451000000.0,31222819000000.0,0.0,1071839000000.0,1871377930509.083,10320253930509.082,572.6517619942833,0.0,0.3036207692481169,4.904640147932123,0.0,572.6517619942833,0.00649482945797352,6.274464734668496,34.94245146219066,0.9077810523617832,1.0757338113376653,0.0,0.0076964678086600385,0.008956302601607818,1.2713789240195423,0.0004020611210379345,3.2891666265503647,1.0,11.758620689655174,-0.9319264600710985,0.256775362301899,-0.45290151867224904,0.0783372983448186,11.73929590865842,0.0,-0.6876317385720164,-0.4301991526533504,-0.513296737061353,Capital Markets,Financial Services,NMR
2011Q2,2011,Q2,2010-09-30,2010-09-30,1051000000.0,276586000000.0,0.0,0.29,276586000000.0,1.0,34296293000000.0,2051587000000.0,0.0,1173310000000.0,32235619000000.0,0.0,1058450000000.0,1444966173071.4902,10916405173071.49,564.1242688431507,0.0,0.3037181598606007,5.077243616770822,0.0,564.1242688431507,0.000512286342231648,5.224292527718287,343.7122200455495,0.7043163039498155,0.0,0.0,0.0,0.008064603366900324,1.458294909273764,3.0644711368660165e-05,3.7687133991238913,1.0,-0.5396825396825398,-0.9908689756342254,-0.6171260826265832,-0.4193692651651941,0.06065114852168578,-0.5473729543496986,0.0,1.0522063137616737,-0.3413368613311319,-0.5184355335349463,Capital Markets,Financial Services,NMR
2011Q1,2011,Q1,2010-06-30,2010-06-30,2322000000.0,260770000000.0,0.0,0.63,260770000000.0,1.0,33935100000000.0,2101764000000.0,0.0,1821613000000.0,31823202000000.0,0.0,1071801000000.0,1761778910605.3538,10288504910605.354,572.4579714159822,0.0,0.2821468037518675,4.555544770963819,0.0,572.4579714159822,0.0011047862652514744,6.756064388562157,189.68334524174784,0.8382382182801466,6.32213608957795,0.0,0.008332487074076677,0.007684373996245775,0.9845153718160773,6.842472837858147e-05,-1.1203047398941197,1.0,-0.879606115599935,-0.8543190981779989,-0.5253223880551781,-0.4049484390848326,-0.027811952428885657,-0.8739892548977044,0.0,-0.9842699376233959,-0.6445218174899046,-0.5218403778976025,Capital Markets,Financial Services,NMR
2010Q4,2010,Q4,2010-03-31,2010-03-31,18427000000.0,268230000000.0,0.0,5.232823935695352,268230000000.0,1.0,32230428000000.0,2126929000000.0,0.0,1301664000000.0,30097414000000.0,0.0,1074213000000.0,2419853820460.5864,9568334820460.586,603.9965800577728,0.0,0.26374843672569287,3.99671310137762,0.0,603.9965800577728,0.008663664842597002,9.021562914143036,32.83027378928456,1.1377219552042341,0.0,0.0,0.0,0.008322259946408407,1.6237546709442683,0.00057172681665909,-15.485181452883083,1.0,0.8106657216938934,-0.6037631848463663,-0.3709872090835974,-0.3725207771411902,-0.014570383106291055,0.8002149277061352,0.0,-0.7024849554845077,-0.5649896140721103,-0.4744153431600427,Capital Markets,Financial Services,NMR
2010Q3,2010,Q3,2009-12-31,2009-12-31,10236000000.0,272196000000.0,0.0,2.89,272196000000.0,1.0,29809630000000.0,2109768000000.0,0.0,1236673000000.0,27686325000000.0,0.0,1070463000000.0,2421099910703.509,9470725910703.508,599.1232696132909,0.0,0.2643021734922574,3.734415348038268,0.0,599.1232696132909,0.004851718293196219,8.894693201602921,59.131982969507355,1.1475668939445043,1.0873388042203986,0.0,0.004597084139648706,0.009131143190975534,1.2911198028904973,0.00034337896847428165,-3.089997946089366,1.0,-0.6741826381059751,-0.7992858148586582,-0.3146921982903222,-0.3715528691788017,-0.09275560369969169,-0.6306693126465813,0.0,-0.9298948284426446,-0.5437322177777332,-0.48311040356303137,Capital Markets,Financial Services,NMR
2010Q2,2010,Q2,2009-09-30,2009-09-30,27715000000.0,300025000000.0,0.0,8.87,300025000000.0,1.0,27661398000000.0,1615939000000.0,0.0,1243287000000.0,26034358000000.0,0.0,1060227000000.0,1482553714299.9724,8113345714299.973,595.7794066129887,0.0,0.26410946402636626,4.520985631264547,0.0,595.7794066129887,0.017151018695631456,4.94143392817256,13.373206876240054,0.9174564846197613,0.0,0.0,0.0,0.01084634261796891,1.2831011665045964,0.001001937790707469,-4.0608453217743055,1.0,3.9005524861878444,6.210671348545677,0.39290063510176493,-0.36698636440230376,0.03973897795243937,1.4268826619964974,0.0,-0.5529226696056979,-0.15958723115709908,-0.46541654334130506,Capital Markets,Financial Services,NMR
2010Q1,2010,Q1,2009-06-30,2009-06-30,11420000000.0,288558000000.0,0.0,1.81,288558000000.0,1.0,27539700000000.0,1544470000000.0,0.0,1103220000000.0,25983236000000.0,0.0,1043638000000.0,2120901410532.754,8298618410532.754,591.3609512287194,0.0,0.25576099231291555,4.560516552603806,0.0,591.3609512287194,0.007394122255531024,7.350000383052121,46.42954051078708,1.3732227952195601,0.0,0.0,0.0,0.010477891916033944,2.0179320534435563,0.0004146740886792521,-7.602696414030168,1.0,1.0158896867679328,-0.7892218741079599,0.016392067805833164,-0.3654766570912204,0.8736072513830091,1.0529110334794334,0.0,-0.5848284682442781,-0.06751456033961803,-0.45573611970713457,Capital Markets,Financial Services,NMR
2009Q4,2009,Q4,2009-03-31,2009-03-31,-215834000000.0,154012000000.0,0.0,-113.91036377462082,154012000000.0,1.0,24837848000000.0,1539396000000.0,0.0,1183374000000.0,23298452000000.0,0.0,1038557000000.0,943252967988.3615,6186945967988.361,812.4445562478395,0.0,0.268396923920301,4.330530935509771,0.0,812.4445562478395,-0.14020693830567313,6.124542035609962,-1.0925676306656522,0.6127422495500583,-0.07523374445175458,0.0,0.017214894149371347,0.006200698224741532,2.151929144970229,-0.00868972223358481,-1.9201547274200315,1.0,0.37055664599314353,-4.16356718503012,-0.33717562587262073,-0.11716840622608772,4.095967514976079,0.37055183234468964,0.0,-2.683477508741699,-0.5260409865362511,-0.25150096788087567,Capital Markets,Financial Services,NMR
2009Q3,2009,Q3,2008-12-31,2008-12-31,-342894000000.0,-49746000000.0,0.0,-180.97,-49746000000.0,1.0,22454509000000.0,1419003000000.0,0.0,907864000000.0,21035506000000.0,0.0,1254391000000.0,1434203949718.4602,6606562949718.46,748.9049358640357,0.0,0.2963410155171952,4.689343151494394,0.0,748.9049358640357,-0.24164430942006465,-28.830538128059747,-1.045661304746117,1.0107124154906368,-0.047730221584513,0.0,0.0114114917918144,-0.002215412503564429,2.7353160825850567,-0.01527060778750495,12.360476057196916,1.0,-3.751847206095283,-19.408478319813867,-1.3062982076269143,-0.15807457328064928,-1.3899111275016856,-3.7239279519195407,0.0,-4.312251055684492,-1.3982576903345738,-0.2845132412704235,Capital Markets,Financial Services,NMR
2009Q2,2009,Q2,2008-09-30,2008-09-30,-72586627800.0,127582919520.0,0.0,-38.084137,127582919520.0,1.0,24666313682880.0,1803433311720.0,0.0,1227826651560.0,22862880371160.0,0.0,1607502399600.0,2647259013332.4263,7994403284012.426,945.1570205153783,0.0,0.27779066570436817,3.7994594276984546,0.0,945.1570205153783,-0.04024913332158176,20.74932148670136,-9.117585062039575,1.4678995869315727,-0.22139966763960897,0.0,0.006070677326647352,0.00517235453826855,2.8277379822214552,-0.0029427432381345154,62.300682039102455,1.0,0.052074462016110254,-2.463322098507717,-0.4337276817015602,0.07364356090644078,-0.056307337819357664,0.053357782593535144,0.0,-2.2019667065790465,-0.6633821387943846,-0.027187366922686407,Capital Markets,Financial Services,NMR
2009Q1,2009,Q1,2008-06-30,2008-06-30,-76677995620.0,135195413330.0,0.0,-40.176296,135195413330.0,1.0,26026232189230.0,1947536126980.0,0.0,1451465604070.0,24078696062250.0,0.0,1704545470500.0,2987377668071.0054,8638397262171.006,1020.4334029265435,0.0,0.2778265180790246,3.712782200894318,0.0,1020.4334029265435,-0.03937179627004035,22.096738302645534,-9.740009646560859,1.5339267018904876,-0.21191135734072022,0.0,0.005439197830146526,0.005194582617531003,1.4172825053047486,-0.0029461811860623595,-6.27742643589997,1.0,0.5120375878390068,-3.02304050163182,-0.30328197413133906,0.18791956665313075,2.440708780614972,0.5112800460391126,0.0,-10.254450634340682,-0.5265843994954502,0.060707544554707976,Capital Markets,Financial Services,NMR
2008Q4,2008,Q4,2008-03-31,2008-03-31,-156895569740.0,-93839515070.0,0.0,-82.33481718822361,-93839515070.0,1.0,26262140171720.0,1985342535240.0,0.0,1424269638560.0,24276797636480.0,0.0,1777246012160.0,2859790348506.8813,8069183184306.881,1041.8574276244556,0.0,0.25289027765649263,3.345236301541861,0.0,1041.8574276244556,-0.0790269522538757,-30.475331701933968,-4.556837317404806,1.4404518604449146,-0.10125644902737965,0.0,0.005555193326774658,-0.0035731861324481734,1.769112293475217,-0.00597421111585379,-40.71816992036212,1.0,-7.936436722448115,-5.107070421462126,-1.6380879958439285,0.23556771966650417,-1.3386777440175128,-7.91499822267848,0.0,-7.234508582712941,-1.4066579249585702,0.08236356065615622,Capital Markets,Financial Services,NMR
2008Q3,2008,Q3,2007-12-31,2007-12-31,22689169930.0,277076119490.0,0.0,11.869901,277076119490.0,1.0,26193920183670.0,2242092358600.0,0.0,1272717132970.0,23951827825070.0,0.0,1957304156720.0,3563696426748.2256,14168592098168.227,1176.593225483411,0.0,0.46194907768916654,5.396859421734796,0.0,1176.593225483411,0.010119641076769692,12.861795644127474,39.26649187412809,1.5894512164402796,0.7244496881424697,0.0,0.004612391211728003,0.010577879047777536,1.9546851672960392,0.0008661998574823879,67.4190691148665,1.0,3.1492417296053907,0.2750563094053323,1.0361765080435366,0.32794109019819395,0.2574982045858555,3.1478998723356724,0.0,-0.17783732732682064,0.2891231036850394,0.23418113467029586,Capital Markets,Financial Services,NMR
2008Q2,2008,Q2,2007-09-30,2007-09-30,-10563420680.0,220339177010.0,0.0,-5.522832,220339177010.0,1.0,29352875574970.0,2235426491510.0,0.0,7930488075510.0,27117449083460.0,0.0,1945850981130.0,3725685439096.7056,15711952956776.705,1171.4408103740109,0.0,0.46847752529895204,6.151471570188505,0.0,1171.4408103740109,-0.004725460989264985,16.908865185275776,-88.17421818082667,1.6666553130897435,-1.5378437583913396,0.0,0.004360242115324309,0.007506561885128871,0.38183555574859923,-0.0003598768595267619,-14.724317227927642,1.0,-1.1379773410480412,-1.9578520123095928,0.6397196599990729,0.32978681194676407,-0.42214341308914244,-1.1376720648235843,0.0,-4.906293092555268,0.45396464571376816,0.24465196015755952,Capital Markets,Financial Services,NMR
2008Q1,2008,Q1,2007-06-30,2007-06-30,76728860670.0,381304257840.0,0.0,40.027094,381304257840.0,1.0,37375206885720.0,2284746539790.0,0.0,8065397911230.0,35090460345930.0,0.0,1973151006090.0,4564426735435.041,16906565716915.041,1197.21102526175,0.0,0.35913836055201864,5.87499326181877,0.0,1197.21102526175,0.03358309525092987,11.970563248602199,14.871935721377373,1.9977825355868908,0.49759229534510435,0.0,0.008364618847663692,0.010202064138558266,0.22957228152152337,0.002052934741060013,-9.37063560497406,1.0,1.2757621505286396,-0.32742086931437014,1.7608778052505694,0.0,0.14230274597046144,1.2883915475498506,0.0,0.9381067621908551,0.8380584391404823,0.28459334411230264,Capital Markets,Financial Services,NMR
2007Q4,2007,Q4,2007-03-31,2007-03-31,33529603250.0,333803152610.0,0.0,17.58843470997268,333803152610.0,1.0,35952752827680.0,2190751030080.0,0.0,9839764024800.0,33762001797600.0,0.0,1915169301600.0,4655675198263.511,18453023771863.51,1149.1899015645965,0.0,0.4131457091453683,6.780197913305368,0.0,1149.1899015645965,0.015305072456716176,13.94736736864491,34.71316946065795,2.1251502951905485,0.46163414922006274,0.0,0.0033246326710620164,0.009284494965097782,0.1722564808716997,0.0009326018347108481,-36.81637725817877,1.0,-0.5749377137711585,2.3045976543742834,1.2688782147976203,0.36285628771440315,0.03358402553350234,-0.5758050603710603,0.0,-0.511526492930827,0.42787352427059694,0.24875124652526842,Capital Markets,Financial Services,NMR
2007Q3,2007,Q3,2006-12-31,2006-12-31,79042911920.0,322956957890.0,0.0,41.378488,322956957890.0,1.0,36923872554870.0,2209630317860.0,0.0,8320337844350.0,34714242237010.0,0.0,1915957330350.0,,,,,,,,,,,,,,,,,,,,,,,,,,,,,,,Capital Markets,Financial Services,NMR
2007Q2,2007,Q2,2006-09-30,2006-09-30,43553184390.0,250814408750.0,0.0,22.815259,250814408750.0,1.0,32662055565060.0,2123719367830.0,0.0,1615244792350.0,30538336197230.0,0.0,1851069351730.0,,,,,,,,,,,,,,,,,,,,,,,,,,,,,,,Capital Markets,Financial Services,NMR
2007Q1,2007,Q1,2006-06-30,2006-06-30,20155748800.0,226752174000.0,0.0,10.513055,226752174000.0,1.0,31592647467100.0,2079363244100.0,0.0,1993357747800.0,29513284223000.0,0.0,1826271171100.0,,,,,,,,,,,,,,,,,,,,,,,,,,,,,,,Capital Markets,Financial Services,NMR
