Quarters,Year,Quarter,FillingDate,Date,NetIncome,Revenue,OperatingIncome,EPSDiluted,GrossProfit,GrossProfitRatio,TotalAssets,CommonStockEquity,CurrentAssets,CurrentLiability,TotalLiability,Inventory,RetainedEarnings,MarketCap,EnterpriseValue,bookValuePerShare,currentRatio,debtToAssets,debtToEquity,roic,shareholdersEquityPerShare,roe,priceToSalesRatio,peRatio,pbRatio,payoutRatio,inventoryTurnover,dividendYield,assetTurnover,quickRatio,returnOnAssets,priceToFreeCashFlowsRatio,grossProfitMargin,epsdilutedGrowth,fiveYNetIncomeGrowthPerShare,fiveYRevenueGrowthPerShare,fiveYShareholdersEquityGrowthPerShare,grossProfitGrowth,netIncomeGrowth,operatingIncomeGrowth,threeYNetIncomeGrowthPerShare,threeYRevenueGrowthPerShare,threeYShareholdersEquityGrowthPerShare,Industry,Sector,Symbol
2023Q1,2023,Q1,2023-04-24,2023-03-31,15586000.0,242119000.0,17771000.0,0.76,60428000.0,0.2495797521,891465000.0,421112000.0,446332000.0,260174000.0,470353000.0,31529000.0,180671000.0,604285440.0,481029440.0,21.157154340836012,1.7155134640663556,0.09134963234675506,0.19338085829897986,0.020775916423379462,21.157154340836012,0.037011531374076256,2.4958199893440827,9.69276016938278,1.4349755884420297,0.19966636725266265,5.762662945225031,0.005149884134226368,0.27159675365830405,1.4297085796428544,0.017483580398557432,-1.772935139464674,0.24957975210536967,-0.025641025641025664,0.44982914448835126,0.3907969412064816,0.7280850175955415,-0.06105008002237519,-0.02854649713288457,-0.10455507407034163,0.7341867319004752,0.3352130191288784,0.30241722486271627,Staffing & Employment Services,Industrials,HSII
2022Q4,2022,Q4,2023-02-27,2022-12-31,16044000.0,238669000.0,19846000.0,0.78,64357000.0,0.2696495984,1175638000.0,410646000.0,823819000.0,588477000.0,764992000.0,24098000.0,168197000.0,555512170.0,282918170.0,20.675998187402445,1.3999170740742628,0.07047492510449645,0.20176258870170413,0.024133154794554315,20.675998187402445,0.039070148010695346,2.3275422027996933,8.65607345425081,1.3527762841961204,0.19465220643231115,7.233463357955017,0.005621839031897357,0.2030123218201521,1.2897683341914807,0.01364705802296285,3.5297955876933242,0.269649598397781,-0.23529411764705882,1.3860028842980652,0.2916985709029064,0.8211364379821106,-0.06724930069423309,-0.2296168251224431,-0.29927265023656524,0.46202527270832605,0.24322437874704605,0.2777561534508157,Staffing & Employment Services,Industrials,HSII
2022Q3,2022,Q3,2022-10-24,2022-09-30,20826000.0,258271000.0,28322000.0,1.02,68997000.0,0.2671496219,1073253000.0,384531000.0,720116000.0,518604000.0,688722000.0,27322000.0,155276000.0,515017839.99999994,317799839.99999994,19.40507670569237,1.3885662277961606,0.07290918357554091,0.20349464672549158,0.036913511610903824,19.40507670569237,0.054159482590480354,1.9940986018561895,6.182390281379044,1.3393402352476134,0.149812734082397,6.927530927457727,0.006058042571884501,0.2406431661500131,1.3266133697387603,0.01940455791877591,3.8284457791918167,0.26714962190877023,-0.1428571428571428,1.4156464538001237,0.488349321525646,0.4521468440959648,-0.09240746099813212,-0.1376040415752205,-0.16370400992145515,1.0208990065595538,0.33655168706302935,0.251237723632673,Staffing & Employment Services,Industrials,HSII
2022Q2,2022,Q2,2022-07-25,2022-06-30,24149000.0,301109000.0,33866000.0,1.19,76022000.0,0.2524733568,982066000.0,368474000.0,628025000.0,434202000.0,613592000.0,25819000.0,137570000.0,638333360.0,380239360.0,18.679610666125924,1.4463890078811243,0.07997425834923519,0.21314936739091497,0.044538464360819784,18.679610666125924,0.0655378669865445,2.1199411508789177,6.608279431860533,1.7323701536607738,0.12853534307838835,8.717882179790077,0.004862662982238622,0.306607702537304,1.3752193679439524,0.024589997006311183,7.954111548621841,0.25247335682427297,0.32222222222222213,2.257832927614233,0.821532291299909,0.4382148812556001,0.15003630642623744,0.30768397682352305,0.12020375760783276,0.639154171249763,0.6380633864174124,0.23818822716087648,Staffing & Employment Services,Industrials,HSII
2022Q1,2022,Q1,2022-04-25,2022-03-31,18467000.0,285537000.0,30232000.0,0.9,66104000.0,0.2315076505,895572000.0,350765000.0,535602000.0,339719000.0,544807000.0,30681000.0,116525000.0,776717920.0,590133920.0,17.87428658785161,1.5766030160220652,0.09089386447990781,0.23206990435191652,0.03900424500423457,17.87428658785161,0.05264778412897524,2.720200604475077,10.514944495586722,2.2143541117272245,0.16889586830562625,7.152081092532838,0.004015614832216051,0.3188319867079364,1.4684136006523039,0.020620340966443794,-2.9421133333333334,0.23150765049713348,0.47540983606557385,25.96880397629277,0.8799448186424135,0.2879702710402016,0.014876794350195748,0.4800833533702012,0.6883726125321121,0.4794914517863441,0.5685875578337602,0.2422877270012112,Staffing & Employment Services,Industrials,HSII
2021Q4,2021,Q4,2022-02-28,2021-12-31,12477000.0,287193000.0,17906000.0,0.61,65135000.0,0.2267987033,1106798000.0,336020000.0,745388000.0,534694000.0,770778000.0,0.0,101177000.0,853390949.9999999,393122949.9999999,17.21854983346144,1.3940459402948229,0.07675926411142774,0.2528331646925778,0.02466131946064111,17.21854983346144,0.03713171835009821,2.9714893817049854,17.09928167828805,2.5397028450687453,0.27650877614811253,0.0,0.004042695789075335,0.259480953163992,1.3449318675728548,0.011273059763389525,4.17741192537949,0.22679870331101384,-0.49586776859504134,23.043873257113813,0.6579834434889286,0.2345098956354659,0.07262247838616714,-0.49069311780553515,-0.46295963049607103,0.0803632070565158,0.45780432012779554,0.2192251238961134,Staffing & Employment Services,Industrials,HSII
2021Q3,2021,Q3,2021-10-25,2021-09-30,24498000.0,265315000.0,33342000.0,1.21,60725000.0,0.22887887982209826,948632000.0,323256000.0,594916000.0,425046000.0,625376000.0,0.0,92058000.0,873364470.0,607400470.0,16.518779702590834,1.3996508613185397,0.08678602450686884,0.25468359442670824,0.049858463113546005,16.518779702590834,0.0757851362387705,3.291802084314871,8.912609906931179,2.7017734241591804,0.11682586333578251,0.0,0.0032769824034632414,0.2796816890005819,1.3276563007298035,0.025824555781377816,7.534005072332497,0.22887887982209826,0.17475728155339798,2.3510283938765113,0.699050453254659,0.1546643483341671,0.003619475754470631,0.17977365759691788,0.16149933811746672,0.4407732739262046,0.3360483578838657,0.23347614566627148,Staffing & Employment Services,Industrials,HSII
2021Q2,2021,Q2,2021-07-26,2021-06-30,20765000.0,261235000.0,28706000.0,1.03,60506000.0,0.23161521235669033,832066000.0,299553000.0,470604000.0,317794000.0,532513000.0,0.0,70514000.0,869170500.0,734903500.0,15.353818554587392,1.4808460826824925,0.12446728985441059,0.3457318070591848,0.037025112899306,15.353818554587392,0.06931995339722853,3.327159454131338,10.464369130748855,2.90155832189963,0.14413676860101132,0.0,0.003443513096682412,0.3139594695613088,1.3888305002611754,0.02495595301334269,9.824799077622163,0.23161521235669033,0.39189189189189194,1.9677982471375137,0.6154010018613572,0.09425418684870217,0.1337505621346125,0.40001348435814454,0.46399428804569565,0.7579994967875832,0.3507583030489446,0.2221553333076508,Staffing & Employment Services,Industrials,HSII
2021Q1,2021,Q1,2021-04-26,2021-03-31,14832000.0,194731000.0,19608000.0,0.74,53368000.0,0.27406011369530275,680606000.0,278570000.0,369775000.0,217270000.0,402036000.0,0.0,52742000.0,692503640.0,617931640.0,14.36890699953577,1.7019146683849589,0.1608610561764075,0.3930179129123739,0.025668904229355454,14.36890699953577,0.05324334996589726,3.556206459166748,11.67245887270766,2.485923250888466,0.20711974110032363,0.0,0.00443607776559846,0.2861141394580712,1.5617020297325908,0.021792343881775946,-4.825271328632348,0.27406011369530275,1.5517241379310347,9.65178809764567,0.37987517689741135,0.040078773017016546,0.28898872062410935,1.6782231852654388,1.2965565706254392,0.41648383699979497,0.14841723642277763,0.17363103303524421,Staffing & Employment Services,Industrials,HSII
2020Q4,2020,Q4,2021-02-24,2020-12-31,5538000.0,162187000.0,8538000.0,0.29,41403000.0,0.25527939970527846,787812000.0,267602000.0,472686000.0,318238000.0,520210000.0,0.0,40982000.0,567063380.0,366390380.0,13.864670224340708,1.4853223059471214,0.14698938325387276,0.43273219183713124,0.007861072123877573,13.864670224340708,0.020694912594076277,3.4963553182437557,25.5987441314554,2.11905508927437,0.5496569158540989,0.0,0.005368006659149811,0.20587018222621642,1.4143596930599112,0.007029595893436505,5.903405061578021,0.25527939970527846,1.2148148148148148,3.1750321350238453,0.03191823009043371,-0.002382776065091613,0.0195774231678487,1.2115516846206738,1.2233149373577799,1.1371046386871009,-0.09676136250664999,0.2211964770598866,Staffing & Employment Services,Industrials,HSII
2020Q3,2020,Q3,2020-10-26,2020-09-30,-26178000.0,144501000.0,-38233000.0,-1.35,40608000.0,0.2810222766624452,713309000.0,261066000.0,415051000.0,267666000.0,452243000.0,0.0,38487000.0,380247150.0,313804150.0,13.491085732003514,1.5506302630890736,0.14598722292863262,0.39887997671087005,-0.05827508819446861,13.491085732003514,-0.1002734940589736,2.631449955363631,-3.631361735044694,1.4565173174599526,-0.11544044617617848,0.0,0.007947462591106864,0.20257840571197056,1.4558255437747043,-0.03669938273595314,7.713706258241201,0.2810222766624452,-0.015037593984962419,-4.318239046649904,-0.039618840329128255,-0.02454504390732382,-0.0594992704449128,-0.017292970116193216,-0.5939714833652964,-4.109399702135799,-0.14726779944504562,0.009583103756043446,Staffing & Employment Services,Industrials,HSII
2020Q2,2020,Q2,2020-07-27,2020-06-30,-25733000.0,147835000.0,-23986000.0,-1.33,43177000.0,0.292062096255961,788358000.0,286203000.0,469994000.0,222034000.0,502155000.0,0.0,67686000.0,417222760.0,407451760.0,14.830707845372578,2.1167659007179083,0.2650940308844459,0.730212471567384,-0.04807758995995295,14.830707845372578,-0.08991170602684109,2.822219095613353,-4.0533824272335135,1.457786116847133,-0.11638751797303074,0.0,0.007178419509041165,0.18752267370915243,1.9871641280164298,-0.03264126196474191,10.97030816154817,0.292062096255961,-4.0227272727272725,-5.927807602539199,0.019018581735346707,0.08971012219221763,-0.19682651884370697,-3.9694207246711284,-2.3213970912296165,-0.37006431499694514,-0.08585070129495483,0.14187308847121283,Staffing & Employment Services,Industrials,HSII
2020Q1,2020,Q1,2020-04-27,2020-03-31,8666000.0,174847000.0,18152000.0,0.44,53758000.0,0.3074573770210527,792530000.0,311765000.0,445409000.0,207946000.0,480765000.0,0.0,96415000.0,431820000.0,388232000.0,16.244528970404335,2.1419455050830503,0.26170870503324795,0.6652831459592963,0.01743887895402503,16.244528970404335,0.02779657755039854,2.4697020823920344,12.457304408031387,1.385081712187064,0.34641126240480036,0.0,0.006951970728544301,0.2206187778380629,1.9860684985525088,0.01093460184472512,-2.5802943478754488,0.3074573770210527,-0.18518518518518523,1.4051942797239656,0.40325190806604194,0.2082691082907083,-0.01822631309810797,-0.17896731406916153,0.26981462049667715,11.940507903934332,0.17708600143234976,0.1705345708819612,Staffing & Employment Services,Industrials,HSII
2019Q4,2019,Q4,2020-02-24,2019-12-31,10555000.0,184649000.0,14295000.0,0.54,54756000.0,0.2965410048253714,844173000.0,309115000.0,494482000.0,345342000.0,535058000.0,0.0,91083000.0,620847500.0,459471500.0,16.18148981835314,1.4318617486433738,0.13071135892761318,0.35696423661097004,0.017637530524143078,16.18148981835314,0.034145868042637854,3.362311737404481,14.70505684509711,2.0084677223686977,0.28128848886783514,0.0,0.004782172755789465,0.21873360081405116,1.3572226951833255,0.012503361277842339,5.477115735798788,0.2965410048253714,0.058823529411764754,12.20418609271496,0.39157303423611256,0.20436569986679956,-0.022894769713949215,0.06112395697195134,-0.012230514096185738,19.778752612479014,0.08898094130030132,0.16015631398069222,Staffing & Employment Services,Industrials,HSII
2019Q3,2019,Q3,2019-10-28,2019-09-30,9947000.0,186518000.0,14472000.0,0.51,56039000.0,0.3004482141133832,776623000.0,296635000.0,424030000.0,296241000.0,479988000.0,0.0,83497000.0,522167100.0,453329100.0,15.508704972029069,1.431368379123754,0.13846357885357502,0.3625128524954911,0.018973586041827188,15.508704972029069,0.03353279282620055,2.7995533943104687,13.123733286418016,1.7603017175990696,0.29787875741429576,0.0,0.0056744287412975655,0.24016543419393965,1.3448644853345755,0.012808016244690152,6.098942954587928,0.3004482141133832,-0.3013698630136986,2.169142757151816,0.36495274471059896,0.13765194867557418,-0.02662752727020079,-0.3034313725490196,-0.21146406582030186,0.3920709502944748,0.22204443185602277,0.08406002395117491,Staffing & Employment Services,Industrials,HSII
2019Q2,2019,Q2,2019-07-29,2019-06-30,14280000.0,178173000.0,18353000.0,0.73,57572000.0,0.32312415461377425,704010000.0,288449000.0,350440000.0,235314000.0,415561000.0,0.0,76513000.0,570923200.0,581660200.0,15.086244769874478,1.4892441588685756,0.16484282893708896,0.40232762117393367,0.025854677389484472,15.086244769874478,0.04950615186740117,3.204319397439567,9.99515406162465,1.9792864596514461,0.20784313725490197,0.0,0.005198597639752597,0.2530830527975455,1.367993404557315,0.020283802786892232,17.569570703185107,0.32312415461377425,0.17741935483870966,2.5923131656083966,0.20418565990546106,0.10096736105796834,0.038156376226197344,0.18143459915611815,0.11969983527545604,1.0825720114803417,0.12424317313159909,0.07518442038167701,Staffing & Employment Services,Industrials,HSII
2019Q1,2019,Q1,2019-04-29,2019-03-31,12087000.0,176274000.0,16391000.0,0.62,55456000.0,0.3146011323280801,671982000.0,273419000.0,309929000.0,216619000.0,398563000.0,0.0,65201000.0,754229070.0,762236070.0,14.388201862863758,1.4307563048486052,0.1821789869371501,0.4477413786167018,0.02028843015717509,14.388201862863758,0.044206876625252814,4.27873123659757,15.600005584512285,2.7585100889111582,0.24282286754364193,0.0,0.0038913907150250784,0.26231952641588613,1.2826575692806264,0.01798708893988232,-4.829507847167528,0.3146011323280801,0.08771929824561413,16.518434270989466,0.4574319386197864,0.06260559026597391,-0.03787366193029026,0.07967842786958464,-0.018032590462497004,7.855840080861115,0.27432853935788964,0.04147541214735209,Staffing & Employment Services,Industrials,HSII
2018Q4,2018,Q4,2019-02-26,2018-12-31,11195000.0,190967000.0,16692000.0,0.57,57639000.0,0.301827017233344,700629000.0,267156000.0,450867000.0,318951000.0,433473000.0,0.0,56049000.0,590021230.0,310115230.0,14.122535285721838,1.4135933105712162,0.0,0.0,0.04376595558338036,14.122535285721838,0.04190435550764347,3.0896502013436877,13.175998883430104,2.2085269655182738,0.2329611433675748,0.0,0.004420179931491618,0.2725650808059615,1.3245859081802533,0.015978499319896835,4.7290225702515105,0.301827017233344,-0.3294117647058824,6.122431144476041,0.48541106124000183,0.029934968148986312,-0.013166004656896315,-0.32023802295221326,-0.1890394986153622,7.61109768571311,0.239695762406003,0.016171623175737112,Staffing & Employment Services,Industrials,HSII
2018Q3,2018,Q3,2018-10-29,2018-09-30,16469000.0,192341000.0,20583000.0,0.85,58408000.0,0.30366900452841566,632856000.0,253833000.0,382952000.0,272772000.0,379023000.0,0.0,44854000.0,611076960.0,446860960.0,13.392054447610002,1.4039270892906897,0.0,0.0,0.057594797934698655,13.392054447610002,0.06488124081581197,3.1770499269526518,9.276169773513875,2.407397619694839,0.15368267654380957,0.0,0.0041418678262718335,0.30392537954921817,1.2027847433020984,0.026023297559002363,7.471839968698034,0.30366900452841566,0.44067796610169496,2.8143649022335664,0.48752581286420354,-0.018529335985412558,-0.026695550741543075,0.43670941289365783,0.11494501922972754,1.1312822710538184,0.30511020454473187,-0.03170536881288116,Staffing & Employment Services,Industrials,HSII
2018Q2,2018,Q2,2018-07-31,2018-06-30,11463000.0,187689000.0,18461000.0,0.59,60010000.0,0.3197310444405373,552904000.0,237866000.0,300217000.0,213082000.0,315038000.0,0.0,30916000.0,662690000.0,576865000.0,12.562902714693145,1.4089270797157902,0.0,0.0,0.04832187385204306,12.562902714693145,0.04819099829315665,3.530787632732872,14.45280467591381,2.7859803418731555,0.22428683590683068,0.0,0.003879642064917231,0.3394603764848871,1.1496513079471753,0.020732351366602522,22.788514442916092,0.3197310444405373,0.11320754716981121,4.649742204246263,0.40726168297526316,-0.07082726272911165,0.1269695205543766,0.127360346184107,0.4069811752153037,1.2373377216281558,0.31860156686500823,-0.07692050878146801,Staffing & Employment Services,Industrials,HSII
2018Q1,2018,Q1,2018-05-03,2018-03-31,10168000.0,164658000.0,13121000.0,0.53,53249000.0,0.32339151453315357,524346000.0,230489000.0,268646000.0,180385000.0,293857000.0,0.0,22024000.0,588312500.0,526954500.0,12.243121215340487,1.4892923469246335,0.022885651840578548,0.0520632221060441,0.04261052774641886,12.243121215340487,0.04411490353118804,3.5729360249729742,14.464803796223444,2.552453696271839,0.2430173092053501,0.0,0.004200148730479125,0.31402547173049855,1.1723092274856557,0.019391775659583558,-4.241985607983387,0.32339151453315357,1.2535885167464116,9.005987691481748,0.4679335411117403,-0.09931820169565274,0.08150540255097896,1.259334829626607,1.6989665459194545,1.876929342603468,0.3471702167693029,-0.0893558575625294,Staffing & Employment Services,Industrials,HSII
2017Q4,2017,Q4,2018-03-13,2017-12-31,-39208000.0,174296000.0,-18772000.0,-2.09,49236000.0,0.28248496810024326,587204000.0,212705000.0,343790000.0,265792000.0,374499000.0,0.0,-716000.0,459944250.0,252410250.0,11.353349346143581,1.2934550325066216,0.0,0.0,-0.18126934197492572,11.353349346143581,-0.18433041066265485,2.6388686487354844,-2.9327194067537237,2.1623574904210057,-0.0621046725158131,0.0,0.005294119885181736,0.2968235911199515,1.166953858656393,-0.06677066232518852,4.504399667025757,0.28248496810024326,-5.8604651162790695,-92.55503879056812,0.5386231753154214,-0.1784437053817993,-0.11951215150485524,-5.798433484273651,-2.3387533875338753,-51.01220083678492,0.3393508051650351,-0.15498605600630005,Staffing & Employment Services,Industrials,HSII
2017Q3,2017,Q3,2017-10-26,2017-09-30,8171000.0,164465000.0,14022000.0,0.43,55919000.0,0.34000547228893685,553427000.0,250971000.0,280691000.0,198062000.0,302456000.0,0.0,40927000.0,397218150.0,291500150.0,13.363026462914648,1.4171875473336633,0.0,0.0,0.03200742598856187,13.363026462914648,0.032557546489435034,2.4152138752926153,12.153290600905642,1.5827252949543968,0.3080406315016522,0.0,0.006336568457408103,0.29717559858843173,1.2168563379143904,0.014764368200322717,8.363719916619292,0.34000547228893685,1.443298969072165,0.9044118362270901,0.2880134625985945,-0.05242261251226855,0.04054707852623744,1.447775098640947,1.4935412340290732,1.6512644015014604,0.2257404006703329,-0.019745805780899316,Staffing & Employment Services,Industrials,HSII
2017Q2,2017,Q2,2017-07-27,2017-06-30,-18248000.0,157118000.0,-28411000.0,-0.97,53740000.0,0.34203592204585087,497437000.0,243513000.0,225622000.0,157369000.0,253924000.0,0.0,35273000.0,407790750.0,349612750.0,12.988052696143795,1.4337131201189561,0.0,0.0,-0.07421806840451856,12.988052696143795,-0.07493645103136178,2.5954425972835704,-5.586786908154318,1.6746159342622364,-0.14034414730381412,0.0,0.00628018168631829,0.3158550731047349,1.1949939314604527,-0.036684042401349315,22.612329488743484,0.34203592204585087,-33.333333333333336,-10.464766270615785,0.2395601534753567,-0.06691227354391396,0.14481700822291338,-29.073846153846155,-5.280054233202772,-5.681349152634326,0.08289732186540488,-0.052154971612976136,Staffing & Employment Services,Industrials,HSII
2017Q1,2017,Q1,2017-04-25,2017-03-31,650000.0,144177000.0,6638000.0,0.03,46942000.0,0.3255859117612379,517508000.0,258517000.0,225095000.0,142040000.0,258991000.0,0.0,56082000.0,490847800.0,447518800.0,13.877872020614129,1.584729653618699,0.04830843194694575,0.09670543910071679,0.0037172661896126514,13.877872020614129,0.002514341416618636,3.404480603702394,188.7876153846154,1.8987060812248326,3.996923076923077,0.0,0.005292883048472459,0.2785985917125919,1.2964587440157702,0.0012560192306205894,-4.279815849819948,0.3255859117612379,0.1583011583011583,-0.080018898815124,0.23362154758585363,-0.009813853453774649,-0.10601992039459902,0.3184584178498986,-0.1339856490541422,1.8513314446283893,0.21605144078613361,0.024916423237143017,Staffing & Employment Services,Industrials,HSII
2016Q4,2016,Q4,2017-03-23,2016-12-31,493000.0,164564000.0,7665000.0,0.0259,52509000.0,0.3190795070610826,581502000.0,258590000.0,298430000.0,220592000.0,322912000.0,0.0,58030000.0,447741000.0,282730000.0,13.947680690399137,1.3528595778632044,0.0,0.0,0.0015209479712547302,13.947680690399137,0.001906492903824587,2.72077125009115,227.0491886409736,1.731470667852585,5.0973630831643,0.0,0.005612619795819459,0.2829981668162792,1.1924684485384782,0.0008478044787464188,6.336106983655275,0.3190795070610826,-0.93,1.1156250239084364,0.17614969714530776,-0.013152817703111245,-0.007090991604265941,-0.9289625360230548,-0.36156921539230386,-0.6799678458208186,0.30606772386370223,0.017183089083301586,Staffing & Employment Services,Industrials,HSII
2016Q3,2016,Q3,2016-10-26,2016-09-30,6940000.0,148239000.0,12006000.0,0.37,52884000.0,0.35674822415153906,553775000.0,265765000.0,258955000.0,190459000.0,288010000.0,0.0,60050000.0,344603350.0,244628350.0,14.306131237551812,1.3596364571902615,0.0,0.0,0.025308058342078645,14.306131237551812,0.02611329558068218,2.324647022713321,12.413665345821325,1.2966468496604142,0.35965417867435157,0.0,0.007243110085842171,0.26768814049027134,1.1559023201843965,0.012532165590718252,9.88535140562249,0.35674822415153906,0.0571428571428572,1.2056933850134386,-0.046529207909875164,-0.005039174166227457,0.011669281095764625,0.04282494365138993,0.02668034889687019,0.6399846143299442,0.16971595268407433,0.04846109908891744,Staffing & Employment Services,Industrials,HSII
2016Q2,2016,Q2,2016-07-26,2016-06-30,6655000.0,153816000.0,11694000.0,0.35,52274000.0,0.33984761013158576,503693000.0,260379000.0,231834000.0,155711000.0,243314000.0,0.0,55607000.0,313242160.0,227851160.0,14.031308940022633,1.4888736184341504,0.0,0.0,0.025370150210795396,14.031308940022633,0.02555889683883877,2.036473188744994,11.767173553719008,1.2030238997768636,0.3750563486100676,0.0,0.007968276045599992,0.30537648925039657,1.2671616006576285,0.013212413116719907,9.253830428360414,0.33984761013158576,3.999999999999999,-0.14058461197937588,-0.013687122878537487,-0.1640220973818804,0.2109152401028516,4.022641509433963,2.0232678386763183,2.346670873474739,0.17671736036512117,0.037778452271710096,Staffing & Employment Services,Industrials,HSII
2016Q1,2016,Q1,2016-04-27,2016-03-31,1325000.0,134287000.0,3868000.0,0.07,43169000.0,0.3214681987087358,476421000.0,254863000.0,203116000.0,138631000.0,221558000.0,0.0,51447000.0,437217600.0,375170600.0,13.815210320901995,1.4651557011058132,0.0,0.0,0.0050411720124623185,13.815210320901995,0.005198871550597772,3.2558445717009095,82.49388679245283,1.7155004845740651,1.849056603773585,0.0,0.005603617054757174,0.2818662485490774,1.1971853337276654,0.0027811536435211714,-3.64642752891921,0.3214681987087358,0.04011887072808333,1.2716225924256062,0.06148100687543253,-0.1564103469455317,-0.03694366982710541,0.051587301587301584,-0.26811731315042575,2.064643049621849,0.2217048387857039,0.01633466310794331,Staffing & Employment Services,Industrials,HSII
2015Q4,2015,Q4,2016-03-10,2015-12-31,1260000.0,149296000.0,5285000.0,0.0673,44825000.0,0.30024247133211873,572718000.0,254802000.0,308963000.0,229430000.0,317916000.0,0.0,52572000.0,499051480.0,308599480.0,13.897785535071453,1.3466547530837292,0.0,0.0,0.005475468310906607,13.897785535071453,0.0049450161301716625,3.3426982638516773,99.01815079365079,1.9585854114174925,1.9801587301587302,0.0,0.004999484221547644,0.2606797760852636,1.1825785642679685,0.002200035619624318,6.64577896741374,0.30024247133211873,-0.83175,-0.7687914570633227,0.0676543265466508,-0.17724573617670514,-0.04882655009973263,-0.8317757009345794,-0.591355447305343,4.072270913350777,0.3467577759197071,0.00567795806178079,Staffing & Employment Services,Industrials,HSII
2015Q3,2015,Q3,2015-10-27,2015-09-30,7490000.0,142850000.0,12933000.0,0.4,47126000.0,0.3298984949247462,530019000.0,254095000.0,290089000.0,190903000.0,275924000.0,0.0,53807000.0,357335400.0,228375400.0,13.830557369910734,1.5195622907968969,0.0,0.0,0.03423077693230269,13.830557369910734,0.02947716405281489,2.501472873643682,11.927082777036048,1.4063063027607783,0.3328437917222964,0.0,0.006976638754514666,0.269518639897815,1.2640084231258806,0.014131568868285854,9.05816117011838,0.3298984949247462,0.48148148148148145,5.0340224695629665,0.03831838166849191,-0.15724339210844782,0.0033426302454810618,0.5112994350282486,0.41005233318796336,0.7845542509322325,0.14364025496138452,-0.019269814629947254,Staffing & Employment Services,Industrials,HSII
2015Q2,2015,Q2,2015-07-28,2015-06-30,4956000.0,137686000.0,9172000.0,0.27,46969000.0,0.34113126970062313,512158000.0,249263000.0,270697000.0,159445000.0,262895000.0,0.0,48810000.0,477655199.99999994,384271199.99999994,13.60977340977341,1.697745304023331,0.05174184528993006,0.10631341193839439,0.018078390405902752,13.60977340977341,0.01988261394591255,3.4691631683686066,24.094794188861982,1.9162699638534397,0.5028248587570622,0.0,0.005217152456416261,0.2688350079467664,1.4698171783373577,0.009676701330448807,23.111975613296558,0.34113126970062313,0.5000000000000001,0.7709374862069472,0.0061332843913587546,-0.14704483997122955,0.17404889266610007,0.44658493870402804,0.3747002398081535,1.6314620137514309,0.11199448696266119,-0.02224661189753387,Staffing & Employment Services,Industrials,HSII
2015Q1,2015,Q1,2015-04-29,2015-03-31,3426000.0,118479000.0,6672000.0,0.18,40006000.0,0.3376632145781109,482083000.0,245348000.0,243183000.0,140311000.0,236735000.0,0.0,46346000.0,448560419.99999994,368935419.99999994,13.444462710285496,1.733171312299107,0.058081284758018846,0.11412361217535909,0.012813873319696727,13.444462710285496,0.01396383911831358,3.7859909351024226,32.73207968476357,1.828261978903435,0.7329246935201401,0.0,0.005597908081145457,0.24576473345876126,1.4813663932264756,0.007106660056463306,-4.769230327581257,0.3376632145781109,3.358353510895883,3.086957501862442,-0.05725513423701846,-0.1852243042108782,-0.02730433514065501,3.4960629921259843,0.7539432176656151,3.949713547763547,0.034795425099311335,-0.04073760705476623,Staffing & Employment Services,Industrials,HSII
2014Q4,2014,Q4,2015-03-11,2014-12-31,762000.0,126488000.0,3804000.0,0.0413,41129000.0,0.32516128012143447,568701000.0,244664000.0,330329000.0,205898000.0,324037000.0,0.0,45431000.0,419740500.0,237888500.0,13.435694673256453,1.6043332135329142,0.051872600892208735,0.12057352123728869,0.0052495924162672914,13.435694673256453,0.0031144753621292877,3.318421510340902,137.71013779527559,1.71557932511526,3.2808398950131235,0.0,0.00595606094718046,0.2224156454797864,1.4356914588776968,0.0013398956569445103,7.229177431022011,0.32516128012143447,-0.741875,-0.9245868296335178,0.019705105457470447,-0.2192707092517593,-0.11005084929135563,-0.7453208556149733,-0.6019671445014125,1.1819531889913995,-0.07959943689880136,-0.04937761877275816,Staffing & Employment Services,Industrials,HSII
2014Q3,2014,Q3,2014-10-28,2014-09-30,2992000.0,130261000.0,9557000.0,0.16,46215000.0,0.3547876954729351,541576000.0,248556000.0,294386000.0,177635000.0,293020000.0,0.0,47169000.0,374505820.0,245968820.0,13.632205341962376,1.657252230697779,0.05724035038480287,0.12472038494343327,0.011470849737979794,13.632205341962376,0.012037528766153301,2.875041800692456,31.29226437165775,1.5067261301276171,0.8405748663101604,0.0,0.006715516463802885,0.24052210585402603,1.5229374841669716,0.005524617043591296,8.863623497112563,0.3547876954729351,-0.23809523809523805,-0.3660185959464218,0.12373210052844126,-0.17402031902023976,-0.05355314355928732,-0.20992870345920253,-0.236173273657289,1.0903524416180876,-0.1463560354551805,-0.0519092786334906,Staffing & Employment Services,Industrials,HSII
2014Q2,2014,Q2,2014-07-29,2014-06-30,3787000.0,140958000.0,12512000.0,0.21,48830000.0,0.3464152442571546,526147000.0,249595000.0,269771000.0,158504000.0,276552000.0,0.0,46668000.0,336977500.0,246127500.0,13.702717540488608,1.7019822843587544,0.06176980957793164,0.13021094172559547,0.01318016628497741,13.702717540488608,0.015172579578917846,2.390623448119298,22.245675996831267,1.3500971573949798,0.6276736202799049,0.0,0.007053883419516139,0.26790611749187965,1.538730883763186,0.007197608272973143,11.569645677401635,0.3464152442571546,6.25,1.2239135234187968,0.3460962506409557,-0.1376000824461586,0.23255168235858345,6.09005376344086,15.04102564102564,-0.5017710453358681,-0.07916565061682872,-0.18359939770182926,Staffing & Employment Services,Industrials,HSII
2014Q1,2014,Q1,2014-04-29,2014-03-31,-744000.0,115532000.0,780000.0,-0.04,39617000.0,0.34290932382370254,487807000.0,245787000.0,226508000.0,125087000.0,242020000.0,0.0,45358000.0,364310640.0,296905640.0,13.540491405905685,1.8108036806382757,0.06969969680631889,0.13833115665189777,-0.0040510727803650635,13.540491405905685,-0.0030270111926179984,3.1533310251705156,-122.41620967741935,1.4822209474056804,-3.3225806451612905,0.0,0.006785418070688246,0.2368395697478716,1.5989191522700201,-0.0015251933654088605,-4.791354507792464,0.34290932382370254,-1.4854368932038835,0.9642295723522001,0.12201926697837152,-0.19586308628868979,0.00118776851149861,-1.4953395472703062,-0.2784458834412581,0.8449942694691253,-0.07187738569204172,-0.17318533833589844,Staffing & Employment Services,Industrials,HSII
2013Q4,2013,Q4,2014-03-13,2013-12-31,1502000.0,122853000.0,1081000.0,0.0824,39570000.0,0.3220922565993504,553224000.0,247873000.0,290774000.0,175787000.0,305351000.0,0.0,48511000.0,364070780.0,217924780.0,13.712065055042318,1.6541268694499593,0.06416930574233945,0.14321850302372585,0.008197095274624188,13.712065055042318,0.006059554691313697,2.9634667448088368,60.59766644474035,1.4687794959515559,1.5878828229027964,0.0,0.006550923971432148,0.22206737234827123,1.513138059128377,0.002714994288027996,6.731206759480097,0.3220922565993504,-0.6417391304347826,-0.7366095742599661,-0.19723090250644848,-0.2503005070884033,-0.054096048574092226,-0.6357904946653734,-0.8705854184125464,-0.7204663255266068,-0.10895604666534404,-0.1882404602237613,Staffing & Employment Services,Industrials,HSII
2013Q3,2013,Q3,2013-10-29,2013-09-30,4124000.0,123504000.0,8353000.0,0.23,41833000.0,0.33871777432309885,525804000.0,247027000.0,267711000.0,155813000.0,278777000.0,0.0,49414000.0,345062240.0,249272240.0,13.644885108263367,1.7181557379679488,0.07036842625769298,0.14978119800669562,0.016057651444852244,13.644885108263367,0.01669453136701656,2.7939357429718874,20.917934044616874,1.3968604241641602,0.5712900096993211,0.0,0.006827753740890339,0.23488600314946254,1.5392553894732788,0.007843226753695294,9.5656651789427,0.33871777432309885,1.090909090909091,-0.7318573498148871,-0.32101436828680996,-0.255570674427906,-0.054877773259229136,1.129065565307176,0.4547196098920237,2.3715193596159128,-0.08901082336671386,-0.16855721853065062,Staffing & Employment Services,Industrials,HSII
2013Q2,2013,Q2,2013-07-30,2013-06-30,1937000.0,127328000.0,5742000.0,0.11,44262000.0,0.347621889922091,490578000.0,244397000.0,232422000.0,128061000.0,246181000.0,0.0,47605000.0,298434760.0,237239760.0,13.520524452312458,1.8149319464942488,0.07847885555406071,0.1575305752525604,0.0077821773713718356,13.520524452312458,0.007925629201667778,2.3438266524252325,38.51765100671141,1.221106478393761,1.2452245740836345,0.0,0.008082168444453319,0.25954690181785567,1.6259438861167725,0.003948403719693912,14.812863453615924,0.347621889922091,2.571428571428571,-0.858029906371466,-0.3311503037377506,-0.24288327583605504,0.23536799799045466,2.594238683127572,13.760925449871465,-0.2986962772286805,-0.05725499292457953,-0.15263827319759327,Staffing & Employment Services,Industrials,HSII
2013Q1,2013,Q1,2013-05-09,2013-03-31,-1215000.0,107308000.0,389000.0,-0.07,35829000.0,0.3338893651917844,469570000.0,244813000.0,205127000.0,105162000.0,224757000.0,0.0,48097000.0,260964900.0,215304900.0,13.593170460855081,1.9505810083490234,0.08518431756713589,0.16339001605306908,-0.019523026563765988,13.593170460855081,-0.004962971737611973,2.43192399448317,-53.696481481481484,1.0659764800071891,-0.08806584362139917,0.0,0.0004100168260175985,0.22852396873735545,1.7331070158422244,-0.0025874736461017527,-3.727803728305121,0.3338893651917844,-2.1531531531531534,-1.1650865534993293,-0.3556760757361593,-0.23820000488965604,1.1943805472971507,-2.0223880597014925,1.8259023354564756,0.2500576436980175,-0.1348124628270301,-0.176212158203223,Staffing & Employment Services,Industrials,HSII
2012Q4,2012,Q4,2013-03-15,2012-12-31,-402000.0,108661000.0,-471000.0,-0.0222,-184324000.0,-1.6963215873220383,494992000.0,248347000.0,226282000.0,152396000.0,246645000.0,0.0,51704000.0,274237460.0,156632460.0,13.819320015580658,1.484828998136434,0.0,0.0,0.0031118736678756678,13.819320015580658,-0.0016187028633323536,2.5237892160020614,-170.54568407960198,1.1042511485945068,-11.68407960199005,0.0,0.01712749235644175,0.21952071952678023,1.3297658731200295,-0.0008121343375246468,5.041500477976322,-1.6963215873220383,-1.096521739130435,-1.0432419644189272,-0.3324290633192321,-0.20358250626798885,-2.5712288597926896,-1.09778642666018,-1.0462444771723123,-1.0403140084261011,-0.11236040381012752,-0.19697878101808242,Staffing & Employment Services,Industrials,HSII
2012Q3,2012,Q3,2012-11-05,2012-09-30,4111000.0,122345000.0,10185000.0,0.23,117312000.0,0.9588622338469084,460232000.0,253771000.0,259259000.0,130346000.0,206461000.0,0.0,54481000.0,230695900.0,103558900.0,14.102306196165602,1.9890061835422643,0.0,0.0,0.016441791714819992,14.102306196165602,0.01619964456143531,1.8856177203808901,14.029183896862078,0.9090711704647103,0.5711505716370713,0.0,0.010177900864297979,0.2658333188478854,1.771132217329262,0.008932451459264024,7.071355443845022,0.9588622338469084,1.3,-0.7451790511001658,-0.2787428152260324,-0.18455173997048768,0.010743979666566148,1.2197624190064795,0.5113518326161152,-0.1173903166285857,0.06940173774962334,-0.14553675793508977,Staffing & Employment Services,Industrials,HSII
2012Q2,2012,Q2,2012-08-06,2012-06-30,1852000.0,121757000.0,6739000.0,0.1,116065000.0,0.9532511477779512,433931000.0,250689000.0,229315000.0,110404000.0,183242000.0,0.0,52766000.0,315175000.0,218324000.0,13.919433647973348,2.0770533676316076,0.0,0.0,0.009061758955768938,13.919433647973348,0.007387639665083031,2.588557536733001,42.54522138228942,1.25723506017416,1.2964362850971922,0.0,0.007617990005552471,0.2805906929903602,1.8154505271548131,0.004267959652571492,16.251998143660085,0.9532511477779512,1.5,-0.9117718272875399,-0.2715193352909325,-0.19664135282269374,0.08954621406980455,1.727540500736377,1.1151914626490897,1.1107494208678172,0.17596876658647248,-0.12396074757151121,Staffing & Employment Services,Industrials,HSII
2012Q1,2012,Q1,2012-04-30,2012-03-31,679000.0,112318000.0,3186000.0,0.04,106526000.0,0.9484321302017487,425202000.0,250904000.0,217273000.0,100511000.0,174298000.0,0.0,53312000.0,394381060.0,311741060.0,14.015417271813206,2.1616837958034445,0.0,0.0,0.0019211227388927408,14.015417271813206,0.002706214328986385,3.5112899090083514,145.2065758468336,1.5718404648789976,3.748159057437408,0.0,0.00645314965176066,0.2641520971208978,1.8879625115658982,0.0015968880673185922,-3.8884392254298787,0.9484321302017487,1.173913043478261,-0.9328191821921025,-0.2513977684761234,-0.11299042521861907,-0.16226142074096211,1.1660552702372218,-0.7309576085120757,1.033101212410946,0.10603867844963431,-0.16765839204207056,Staffing & Employment Services,Industrials,HSII
2011Q4,2011,Q4,2012-03-15,2011-12-31,-4089000.0,134182000.0,11842000.0,-0.23,127159000.0,0.9476606400262331,515565000.0,251295000.0,310325000.0,185090000.0,264270000.0,0.0,55029000.0,382981200.0,197591200.0,14.133577052868391,1.676616781025447,0.0,0.0,0.03358132097762173,14.133577052868391,-0.016271712529099265,2.8541920674904233,-23.415333822450474,1.524030322927237,-0.5730007336757154,0.0,0.0061177937716002774,0.2602620426134435,1.532989356529256,-0.007931104710366297,7.137182258665673,0.9476606400262331,0.8736263736263736,-1.608374666161122,-0.025871251669875854,-0.03928871779956429,-0.1058553015547102,0.8738001913521187,1.9372378314206569,-1.7290238954372612,-0.10855666545141517,-0.22725457419953063,Staffing & Employment Services,Industrials,HSII
2011Q3,2011,Q3,2011-11-01,2011-09-30,-32401000.0,149305000.0,-12635000.0,-1.82,142213000.0,0.9524999162787583,498625000.0,256514000.0,287496000.0,166750000.0,242111000.0,0.0,61528000.0,293468000.0,158543000.0,14.378587443946188,1.7241139430284858,0.0011511657056906494,0.0022376946287532063,-0.11238162552198946,14.378587443946188,-0.12631279384361088,1.9655604299922977,-2.264343693095892,1.1440623123884077,-0.07172618129070091,0.0,0.007919091689724263,0.2994334419654049,1.549007496251874,-0.06498069691652043,6.589751650424395,0.9524999162787583,-5.439024390243903,-3.8440925988258203,0.1164019035001585,0.04184707480762312,-0.004103670193768864,-5.361421456454435,-2.2255092143549953,-3.137889950717235,-0.16702186197317717,-0.21554178956816764,Staffing & Employment Services,Industrials,HSII
2011Q2,2011,Q2,2011-08-01,2011-06-30,7429000.0,149614000.0,10310000.0,0.41,142799000.0,0.9544494499177885,518483000.0,298811000.0,270364000.0,143961000.0,219672000.0,0.0,96714000.0,403059920.0,299981920.0,16.784306015840027,1.8780364126395344,0.0,0.0,0.023283301983606782,16.784306015840027,0.024861869208295546,2.6939986899621693,13.563734015345268,1.3488791242624938,0.33436532507739936,0.0,0.006162855388846403,0.28856105214635774,1.642743520814665,0.014328338634053575,31.852372372372372,0.9544494499177885,2.5769230769230766,-0.27430231638458696,0.20574749449395346,0.35675580638041177,0.23505042292989223,2.5938639776871915,3.5220156555772992,-0.4471507214393816,-0.2020310518871956,-0.060119388645123034,Staffing & Employment Services,Industrials,HSII
2011Q1,2011,Q1,2011-05-10,2011-03-31,-4661000.0,120879000.0,-4088000.0,-0.26,115622000.0,0.956510229237502,481099000.0,288672000.0,241219000.0,120319000.0,192427000.0,0.0,91662000.0,490559409.99999994,398389409.99999994,16.376694843138367,2.0048288300268453,0.0,0.0,-0.011172357968321415,16.376694843138367,-0.016146352954217937,4.058268268268268,-26.311918579703924,1.6993660971621771,-0.5518129156833298,0.0,0.005242993911787361,0.2512559784992278,1.7458256800671548,-0.009688234646091552,-5.833742537757164,0.956510229237502,-1.8965517241379313,-1.8278975617303563,0.1971434722355701,0.2830554687931309,-0.09118634209223175,-1.8992861277252557,-1.4382974161037847,-1.6470678679544093,-0.25841946212900596,-0.08220336915854343,Staffing & Employment Services,Industrials,HSII
2010Q4,2010,Q4,2011-03-16,2010-12-31,5183000.0,132994000.0,9327000.0,0.29,127223000.0,0.9566070649803751,545027000.0,294542000.0,312466000.0,172456000.0,250485000.0,0.0,99056000.0,499570050.0,318446050.0,16.891781843206974,1.8118592568539222,0.0,0.0,0.016681111819034894,16.891781843206974,0.0175968113206266,3.756335248206686,24.09656810727378,1.6960910498333004,0.4493536561836774,0.0,0.004662008861419935,0.2440135993262719,1.6474926937885606,0.009509620624299346,8.452818903233448,0.9566070649803751,3.1428571428571423,-0.18931017051153867,0.3655176415942856,0.3441728668039052,0.008673659507329796,3.3775337837837838,0.759811320754717,-0.42540605190006175,-0.1579143852103871,-0.026514289772055177,Staffing & Employment Services,Industrials,HSII
2010Q3,2010,Q3,2010-11-09,2010-09-30,1184000.0,131228000.0,5300000.0,0.07,126129000.0,0.96114396317859,525007000.0,287588000.0,288835000.0,167076000.0,237419000.0,0.0,96172000.0,341367520.0,218604520.0,16.411093357680894,1.7287641552347435,0.0,0.0,0.0041404371460237,16.411093357680894,0.004117000709348095,2.6013314231718843,72.07929054054054,1.1870019611388516,1.927364864864865,0.0,0.006684877342753639,0.24995476250792847,1.540442672795614,0.0022552080257977514,12.74615488014338,0.96114396317859,-0.5333333333333333,-0.9584468204663817,0.22858170112612974,0.28756323358061464,0.0004600582211610918,-0.5568862275449101,-0.36098384374246445,-0.9246370377505869,-0.20558205917326552,-0.051049003081394706,Staffing & Employment Services,Industrials,HSII
2010Q2,2010,Q2,2010-08-04,2010-06-30,2672000.0,130660000.0,8294000.0,0.15,126071000.0,0.9648783101178632,473004000.0,279023000.0,243948000.0,129235000.0,193981000.0,0.0,97289000.0,399053340.0,306460340.0,15.956024475324528,1.8876310596974504,0.0,0.0,0.014893230028017878,15.956024475324528,0.009576271490163893,3.054135466095209,37.33657747005988,1.4301808094673198,0.8903443113772455,0.0,0.005961609042039342,0.276234450448622,1.658962355399079,0.005649000854115399,26.281173603793466,0.9648783101178632,2.6666666666666665,1.5831411430498188,0.31273404831531276,0.5448227955026113,0.10911602209944751,2.7283311772315653,3.1965042372881354,-0.8689004626962827,-0.19487159844293164,-0.07909972768963591,Staffing & Employment Services,Industrials,HSII
2010Q1,2010,Q1,2010-05-03,2010-03-31,-1546000.0,118354000.0,-3776000.0,-0.09,113668000.0,0.9604069148486744,456406000.0,283583000.0,223445000.0,109603000.0,172823000.0,0.0,96937000.0,481723580.0,400552580.0,16.500814616548354,2.0386759486510404,0.0,0.0,-0.00589166957317653,16.500814616548354,-0.005451666707806885,4.070192642411747,-77.89837968952135,1.6987040125818544,-1.7503234152652005,0.0,0.0056173293406147976,0.2593173621731529,1.5817723967409651,-0.0033873349605395195,-13.727838477102392,0.9604069148486744,-1.1636363636363636,-1.2521154753733716,0.25551428477020943,0.4223092765166338,0.03454929372360565,-1.164853913414374,-1.3203529311953848,-1.1593352062784377,-0.17830349171607132,0.04430572937750352,Staffing & Employment Services,Industrials,HSII
2009Q4,2009,Q4,2010-03-01,2009-12-31,9378000.0,115127000.0,11787000.0,0.55,109872000.0,0.9543547560520121,474847000.0,290852000.0,241454000.0,113793000.0,183995000.0,0.0,101091000.0,527987240.0,404957240.0,17.20915922134785,2.1218704138215885,0.0,0.0,0.035921609693879746,17.20915922134785,0.032243202728535474,4.586128710033267,14.075155683514607,1.8153123925570391,0.2419492429089358,0.0,0.0042974523399467,0.24245072623392377,1.7155536808063765,0.019749519318854283,11.709890217126128,0.9543547560520121,1.2000000000000002,0.16673534141935964,0.21135999778408646,0.5081882087835319,0.061329366420988574,1.1274954627949183,0.7550625372245384,0.46785647747801684,-0.12073731542819394,0.1697699286803822,Staffing & Employment Services,Industrials,HSII
2009Q3,2009,Q3,2009-11-02,2009-09-30,4408000.0,108270000.0,6716000.0,0.25,103523000.0,0.9561559065299714,445775000.0,281068000.0,219135000.0,108242000.0,164707000.0,0.0,93940000.0,396117800.0,320823800.0,16.504286553141515,2.0244914173795756,0.0,0.0,0.01452790072153358,16.504286553141515,0.015683037556747832,3.6586108802068904,22.46584618874773,1.4093308380890035,0.5061252268602541,0.0,0.00563216295758484,0.24288037687174022,1.6241292659041777,0.009888396612640906,34.29591341991342,0.9561559065299714,1.2688172043010755,-0.9203526138436441,0.26179544042552993,0.5391681428348143,0.11177576115556033,1.2795712564216402,1.5813208690383451,-0.5946715331888057,-0.15192442533135775,0.19587148141014768,Staffing & Employment Services,Industrials,HSII
2009Q2,2009,Q2,2009-08-03,2009-06-30,-15767000.0,97622000.0,-11553000.0,-0.93,93115000.0,0.9538321280039336,424593000.0,269812000.0,193725000.0,100802000.0,154781000.0,0.0,91765000.0,309903250.0,245275250.0,15.889052470408103,1.921836868316105,0.0,0.0,-0.04527377255934174,15.889052470408103,-0.05843698575304286,3.174522648583311,-4.913795427157988,1.148589573480794,-0.14815754423796537,0.0,0.007537836405394265,0.22991900478811472,1.5566556219122636,-0.037134385164145425,-15.376761436935595,0.9538321280039336,0.19130434782608685,-3.547164066417728,0.06171287587636819,1.1484222443939849,0.044581056977148564,0.1669572568288688,0.3925228730676201,-2.6147465896181656,-0.17517509681491772,0.2843881764765535,Staffing & Employment Services,Industrials,HSII
2009Q1,2009,Q1,2009-05-04,2009-03-31,-18927000.0,93699000.0,-19018000.0,-1.15,89141000.0,0.9513548703828216,452524000.0,278139000.0,221705000.0,124522000.0,174385000.0,0.0,109769000.0,293029320.0,196657320.0,16.838539774791137,1.7804484348147316,0.0,0.0,-0.039677173145183126,16.838539774791137,-0.06804870945822053,3.1273473569621872,-3.870519892217467,1.0535355343910777,-0.13187509906482803,0.0,0.008517918957734332,0.2070586311444255,1.4769036796710622,-0.04182540594532003,-2.412002173054129,0.9513548703828216,-4.833333333333333,-6.0143082640347165,0.13471647622171687,1.3825131772385308,-0.33934884272469223,-4.582623509369676,-4.702881619937695,-4.587568692895879,-0.009735428033071463,0.31923936737384834,Staffing & Employment Services,Industrials,HSII
2008Q4,2008,Q4,2009-02-27,2008-12-31,5283000.0,141777000.0,5136000.0,0.3,134929000.0,0.9516987945858637,586957000.0,306304000.0,354270000.0,227395000.0,280653000.0,0.0,131061000.0,360730380.0,126199380.0,18.29008180569654,1.5579498229952287,0.0,0.0,0.012083416295755997,18.29008180569654,0.017247571040534895,2.5443504940857826,17.0703378762067,1.1776874608232344,0.4026121521862578,0.0,0.005896370580154629,0.2415458031849011,1.403148705996174,0.009000659332796099,5.257310792100853,0.9516987945858637,-0.625,1.0794031757725564,1.3876662029695905,1.6482988264676455,-0.1477343069012999,-0.6220759710995064,-0.7537635439639467,-0.13962283838370407,0.5156739858489158,0.45544335837654276,Staffing & Employment Services,Industrials,HSII
2008Q3,2008,Q3,2008-11-04,2008-09-30,13979000.0,165327000.0,20858000.0,0.8,158318000.0,0.9576052308455364,559334000.0,301609000.0,334504000.0,195829000.0,257725000.0,0.0,127909000.0,496118250.0,313095250.0,18.329322394408994,1.708143329128985,0.0,0.0,0.04289326412070213,18.329322394408994,0.0463480864297816,3.0008301729300113,8.872563309249589,1.6449053244432361,0.15322984476715074,0.0,0.004317519059216225,0.2955783127791266,1.5190548897252194,0.024992222893655668,8.524368556701031,0.9576052308455364,0.11111111111111122,13.746434797979973,1.2246614458271323,0.7083667538308159,-0.06606967991599712,0.09690834902699309,0.11737290405528472,-0.47752679719368474,0.6483774914524054,0.4380615049296043,Staffing & Employment Services,Industrials,HSII
2008Q2,2008,Q2,2008-08-06,2008-06-30,12744000.0,177815000.0,18667000.0,0.72,169518000.0,0.9533391446165959,533110000.0,301513000.0,310920000.0,168611000.0,231597000.0,0.0,116062000.0,466673760.0,320599760.0,17.85791281686804,1.8440078049474826,0.0,0.0,0.03838644522918506,17.85791281686804,0.04226683426585255,2.6244903973230604,9.154774011299434,1.5477732635077095,0.17537664783427495,0.0,0.004789212918249357,0.3335427960458442,1.6191885464174935,0.023905010223030893,13.557821097585776,0.9533391446165959,0.894736842105263,6.247418931188661,1.173292982641909,0.695864996870923,0.059878330134237,0.8030560271646859,1.1252272498574447,3.880600019832387,0.850301310717684,0.7289589171951244,Staffing & Employment Services,Industrials,HSII
2008Q1,2008,Q1,2008-05-05,2008-03-31,7068000.0,159941000.0,-149065000.0,0.38,159941000.0,1.0,517063000.0,308621000.0,298021000.0,147533000.0,208442000.0,0.0,105452000.0,562638880.0,419815880.0,17.84348982423682,2.02002941714735,0.0,0.0,-0.2885771941913244,17.84348982423682,0.022901876411520927,3.517790185130767,19.900922467458972,1.8230738673000215,0.31777023203169213,0.0,0.003991903296835796,0.30932594287349896,1.7615313184168966,0.013669514159783238,-4.565132457585174,1.0,-0.22448979591836732,2.10135774562638,1.0235117422638709,0.707912896100434,1.602691255492166,-0.23473365093113902,-9.186786028119508,0.14529057427120437,0.6858838714811023,0.5380429204380073,Staffing & Employment Services,Industrials,HSII
2007Q4,2007,Q4,2008-02-28,2007-12-31,9236000.0,161711000.0,18208000.0,0.49,-265378000.0,-1.641063378496206,616884000.0,309800000.0,402698000.0,253699000.0,307084000.0,0.0,100624000.0,662561940.0,401981940.0,17.351853926291028,1.5873062172101584,0.0,0.0,0.026257976233381324,17.351853926291028,0.029812782440284055,4.097197716914743,17.934223148549158,2.1386763718528083,0.0,0.0,0.0,0.2621416668287717,1.4622170367246226,0.014972020671633566,8.332330696580605,-1.641063378496206,-0.41666666666666663,1.4694236084318004,1.0983728233729178,0.5732234030341427,-2.6290753279599266,-0.4274733449045376,-0.2847546843697215,0.0877345425228232,0.6106918983320209,0.5206937861149438,Staffing & Employment Services,Industrials,HSII
2007Q3,2007,Q3,2007-11-05,2007-09-30,16132000.0,169618000.0,25457000.0,0.84,162901000.0,0.9603992500795906,586942000.0,311187000.0,381307000.0,217120000.0,275755000.0,0.0,93645000.0,666677700.0,517683700.0,17.29393131043681,1.7562039425202653,0.0,0.0,0.04959772522020463,17.29393131043681,0.05184021183404191,3.9304655166314895,10.331603334986362,2.1423700218839477,0.0,0.0,0.0,0.28898596454164127,1.6108004789977892,0.027484828143155542,11.16432554634514,0.9603992500795906,-0.24324324324324334,16.58985967905608,0.9562543979394142,0.443383594568046,0.017794105702486053,-0.2325039250202198,0.30468429684296844,-0.7241296110844688,0.8708530953469621,0.612809378441821,Staffing & Employment Services,Industrials,HSII
2007Q2,2007,Q2,2007-08-06,2007-06-30,21019000.0,167361000.0,19512000.0,1.11,160053000.0,0.9563339129187803,535514000.0,312467000.0,333903000.0,166604000.0,223047000.0,0.0,79802000.0,924062160.0,814868160.0,17.3265498502828,2.0041715685097596,0.0,0.0,0.0610054070605975,17.3265498502828,0.06726790349060861,5.52137092871099,10.990795946524573,2.9573112040631493,0.0,0.0,0.0,0.3125240423219561,1.8316967179659551,0.03925014098604331,31.98775131542509,0.9563339129187803,1.0943396226415094,7.209476986671139,0.7967707159881666,0.4501558444959123,0.11826642259268058,1.0860460500198492,0.19507564157530471,2.1973567686870927,0.7138974877417477,1.3427920064004126,Staffing & Employment Services,Industrials,HSII
2007Q1,2007,Q1,2007-05-07,2007-03-31,10076000.0,149576000.0,16327000.0,0.53,143126000.0,0.956878108787506,481154000.0,281996000.0,286099000.0,142586000.0,199158000.0,0.0,58783000.0,864687150.0,743211150.0,15.800750826469434,2.0065013395424516,0.0,0.0,0.03181089974904507,15.800750826469434,0.03573100327664222,5.780921738781623,21.454127381897578,3.066309983120328,0.0,0.0,0.0,0.3108692850937538,1.8167000967836955,0.020941320242583456,-12.297860251450677,0.956878108787506,0.4722222222222224,1.574604401801492,0.6492847631751795,0.34135164618186703,1.7284470254121265,0.487012987012987,0.9124985357854047,1.470641000774831,0.6765115824200748,1.2356746818797706,Staffing & Employment Services,Industrials,HSII
