Quarters,Year,Quarter,FillingDate,Date,NetIncome,Revenue,OperatingIncome,EPSDiluted,GrossProfit,GrossProfitRatio,TotalAssets,CommonStockEquity,CurrentAssets,CurrentLiability,TotalLiability,Inventory,RetainedEarnings,MarketCap,EnterpriseValue,bookValuePerShare,currentRatio,debtToAssets,debtToEquity,roic,shareholdersEquityPerShare,roe,priceToSalesRatio,peRatio,pbRatio,payoutRatio,inventoryTurnover,dividendYield,assetTurnover,quickRatio,returnOnAssets,priceToFreeCashFlowsRatio,grossProfitMargin,epsdilutedGrowth,fiveYNetIncomeGrowthPerShare,fiveYRevenueGrowthPerShare,fiveYShareholdersEquityGrowthPerShare,grossProfitGrowth,netIncomeGrowth,operatingIncomeGrowth,threeYNetIncomeGrowthPerShare,threeYRevenueGrowthPerShare,threeYShareholdersEquityGrowthPerShare,Industry,Sector,Symbol
2023Q2,2023,Q2,2023-05-05,2023-03-31,-2004800000.0,5277600000.0,315900000.0,-7.84,920300000.0,0.1743785054,28210400000.0,9643400000.0,7598300000.0,4967500000.0,18541400000.0,2550300000.0,110000000.0,7759239828.009999,16901439828.009998,37.868967129910104,1.5296024157020633,0.3369537475540935,0.9857104340792666,0.015588742155173207,37.868967129910104,-0.20789348155214965,1.4702212801292254,-0.9675827798296588,0.8046166111547793,-0.0350658419792498,1.7085440928518214,0.009060165887156208,0.1870799421489947,0.6398188223452441,-0.07106598984771574,2984.3230107730765,0.1743785053812339,-44.55555555555556,-10.043741971055223,0.32283579730052425,-0.15918884194451371,0.20269210663878726,-45.2560706401766,0.8781212841854935,-14.778573935948039,0.20789259950848946,-0.14515813069805097,Packaging & Containers,Consumer Cyclical,WRK
2023Q1,2023,Q1,2023-02-03,2022-12-31,45300000.0,4923100000.0,168200000.0,0.18,765200000.0,0.1554305214,30341700000.0,11534500000.0,7580100000.0,5012000000.0,18782500000.0,2570900000.0,2188300000.0,8951736000.0,17999336000.0,45.30439905734485,1.512390263367917,0.31187441705639435,0.8203910009103126,0.006803882303664605,45.30439905734485,0.003927348389613767,1.8183128516585079,49.40251655629138,0.7760835753608739,1.5452538631346577,1.6172935547862617,0.007819712288208679,0.1622552460804767,0.6146648044692737,0.0014929947893493113,-549.1862576687116,0.15543052141943084,-0.8656716417910448,-0.9600445970860682,0.26576810013673435,0.01714828330871829,-0.2787935909519321,-0.8685050798258346,-0.6330715532286213,-0.6680424591842232,0.12950225026055404,-0.010024632444448314,Packaging & Containers,Consumer Cyclical,WRK
2022Q4,2022,Q4,2022-11-18,2022-09-30,344500000.0,5402500000.0,458400000.0,1.34,1061000000.0,0.1963905599,28405500000.0,11402000000.0,5985400000.0,3902800000.0,16980300000.0,2317100000.0,2214400000.0,7858416000.0,15385416000.0,44.819182389937104,1.5336168904376346,0.2741440918132052,0.6829679003683564,0.01955178454230766,44.819182389937104,0.030213997544290477,1.454588801480796,5.70276923076923,0.6892138221364673,0.18461538461538463,1.8736783047775236,0.008093234056328908,0.1901920402738906,0.7543558470841447,0.0121279329707275,31.78970873786408,0.1963905599259602,-0.0884353741496598,0.7574473057963625,0.330991386547268,0.10287473224452427,-0.08487148525099189,-0.08838317015083355,-0.15299334811529933,0.12324377949377954,0.1769505596505375,-0.009898523541265565,Packaging & Containers,Consumer Cyclical,WRK
2022Q3,2022,Q3,2022-08-05,2022-06-30,377900000.0,5519700000.0,541200000.0,1.47,1159400000.0,0.2100476475,28885700000.0,11457900000.0,6004700000.0,4111400000.0,17404300000.0,2300500000.0,1934400000.0,10131312000.0,17848812000.0,45.05662603224538,1.4605000729678455,0.2777464281634165,0.7002068441861073,0.020587901934212147,45.05662603224538,0.032981610940922855,1.8354823631719115,6.702376290023817,0.8842206687089257,0.16882773220428685,1.8953705716148663,0.006297308778961698,0.19108763159625697,0.761370822590845,0.013082597963698301,16.288282958199357,0.2100476475170752,8.8,0.14997130129825506,0.4912376376247367,0.12719256572934298,0.155126033675401,8.285012285012286,0.10652218360253526,0.5136901042372071,0.19079240894566546,-0.019837341317691777,Packaging & Containers,Consumer Cyclical,WRK
2022Q2,2022,Q2,2022-05-06,2022-03-31,40700000.0,5382100000.0,489100000.0,0.15,1003700000.0,0.1864885454,29205600000.0,11578400000.0,5985900000.0,3911800000.0,17604300000.0,2233500000.0,1662500000.0,12194879000.0,20208679000.0,44.6525260316236,1.530216268725395,0.28672583340181335,0.7232432805914462,0.0234751296320537,44.6525260316236,0.0035151661714917432,2.265821705282325,74.90711916461916,1.0532438851654806,1.6167076167076166,1.9603313185583164,0.005395707493284682,0.1842831511764867,0.8185745692520068,0.0013935683567534993,58.37663475347056,0.186488545363334,-0.7826086956521738,-0.6178736828954176,0.42488936492068674,0.15726703294242722,0.25997991463720815,-0.778563656147987,0.44192216981132076,-0.7486078959946835,0.1541742336593861,-0.014566530004458103,Packaging & Containers,Consumer Cyclical,WRK
2022Q1,2022,Q1,2022-02-08,2021-12-31,183800000.0,4952200000.0,339200000.0,0.69,796600000.0,0.1608578006,29082500000.0,11697200000.0,5567900000.0,3555500000.0,17365200000.0,2241300000.0,1711200000.0,11675552000.0,19617452000.0,44.44224924012158,1.56599634369287,0.28309808303962863,0.7038607530007182,0.012904842846505176,44.44224924012158,0.015713162124269056,2.3576495295020394,15.880783460282915,0.9981493006873439,0.3607181719260065,1.854102529781823,0.005678532372602169,0.17028109687956675,0.7922373787090423,0.006319951861084845,146.49375156838144,0.16085780057348248,-0.42500000000000004,1.1588615537212439,0.3650843934128117,0.16369225095057416,-0.20172361960116245,-0.4321902996601792,-0.2764505119453925,0.28118888468858655,0.1095986513027259,-0.022582279266179933,Packaging & Containers,Consumer Cyclical,WRK
2021Q4,2021,Q4,2021-11-19,2021-09-30,323700000.0,5090500000.0,468800000.0,1.2,997900000.0,0.196031823985856,29254300000.0,11670300000.0,5659600000.0,3644100000.0,17564300000.0,2173300000.0,1607900000.0,13204950000.0,21108150000.0,44.038867924528304,1.553085809939354,0.2800989939940453,0.7021327643676684,0.018693417800211054,44.038867924528304,0.02773707616770777,2.594037913760927,10.19844763670065,1.1315004755661806,0.1977139326536917,1.8831270418257948,0.004846667348229263,0.17400860728166456,0.7897148815894185,0.011065040011212028,35.941616766467064,0.196031823985856,0.2903225806451612,4.332596390484003,0.3349857198904399,0.13618903143826624,0.07312614259597806,0.29428228708516596,0.22626209782893017,0.10748441169325446,0.1494102604527126,-0.02664018877465901,Packaging & Containers,Consumer Cyclical,WRK
2021Q3,2021,Q3,2021-08-09,2021-06-30,250100000.0,4816300000.0,382300000.0,0.93,929900000.0,0.19307352116770135,29414100000.0,11451100000.0,5723700000.0,3844000000.0,17943600000.0,2145600000.0,1370800000.0,14204418000.0,22327218000.0,42.904083926564255,1.4889958376690946,0.29484498930784897,0.757359554977251,0.014520014054122756,42.904083926564255,0.02184069652697121,2.9492386271619293,14.19873850459816,1.2404413549789977,0.25589764094362255,1.8113348247576435,0.004505640428210434,0.16374119894880346,0.7981009365244537,0.008502724883644239,25.901564551422318,0.19307352116770135,1.2142857142857144,1.553297419470856,0.26189401804354034,0.08849674748876836,0.2405282817502668,1.223111111111111,0.9396245560629122,-0.10871457832338544,0.11259578080659773,-0.03938774314821111,Packaging & Containers,Consumer Cyclical,WRK
2021Q2,2021,Q2,2021-05-07,2021-03-31,112500000.0,4437800000.0,197100000.0,0.42,749600000.0,0.16891252422371444,28971900000.0,11051900000.0,5384600000.0,3552700000.0,17901900000.0,2090900000.0,1186000000.0,13840095000.0,22448695000.0,41.56412185031967,1.5156359951586118,0.30866460259768946,0.8091459387073716,0.007782761377391205,41.56412185031967,0.010179245197658322,3.118683807291901,30.755766666666663,1.252281960567866,0.4728888888888889,1.763929408388732,0.0038439042506572393,0.1531760084771796,0.7741154614800011,0.0038830729085769316,-138400.95,0.16891252422371444,-0.2631578947368421,0.876770936125015,0.13955759474615143,-0.04065837966414709,-0.004383052198167087,-0.2598684210526316,-0.15407725321888413,-0.5139756639046937,0.0652844253592033,-0.077144689300915,Packaging & Containers,Consumer Cyclical,WRK
2021Q1,2021,Q1,2021-02-05,2020-12-31,152000000.0,4401500000.0,233000000.0,0.57,752900000.0,0.17105532204930138,28836400000.0,10963000000.0,4863800000.0,3049100000.0,17856300000.0,2084600000.0,1126000000.0,11461449000.0,20147449000.0,41.636916065324726,1.5951592273129775,0.31001789405057495,0.8154519748244093,0.008803262157834611,41.636916065324726,0.01386481802426343,2.603987049869363,18.851067434210528,1.04546647815379,0.3460526315789474,1.7502638395855319,0.004589297566127982,0.15263694497232663,0.7468433308189302,0.0052711156732463136,20.888370694368508,0.17105532204930138,1.1280898876404495,1.3246053085027583,0.15813611925133012,-0.03264360390154561,-0.07437914925006148,1.1314878892733564,1.2208740164944545,-0.8703631586824359,0.09426809112190872,-0.06519193324895872,Packaging & Containers,Consumer Cyclical,WRK
2020Q4,2020,Q4,2020-11-23,2020-09-30,-1156000000.0,4471500000.0,-1054900000.0,-4.45,813400000.0,0.18190763725819076,28779700000.0,10630600000.0,4944700000.0,2928900000.0,18132200000.0,2023400000.0,1031600000.0,9046296000.0,18225796000.0,40.824116743471585,1.6882447335177029,0.3276823594408559,0.8871183188154949,-0.05447136383572505,40.824116743471585,-0.10874268620773991,2.02310097282791,-1.956378892733564,0.8509675841438865,-0.0448961937716263,1.8078975981022043,0.00573715474267037,0.1553699308887862,0.8173034244938373,-0.04016720118694774,14.738181818181818,0.18190763725819076,-7.46933028620608,-10.852385993118068,0.13957453892656208,-0.09955560487888587,0.056363636363636366,-7.476190476190476,-4.884020618556701,-6.761386984758866,0.07624174062492403,0.004567339735413842,Packaging & Containers,Consumer Cyclical,WRK
2020Q3,2020,Q3,2020-08-05,2020-06-30,178500000.0,4236300000.0,271600000.0,0.687861,770000000.0,0.18176238698864575,30277600000.0,11713100000.0,5005900000.0,2786900000.0,18547700000.0,2137700000.0,2240300000.0,7333470000.0,17095370000.0,45.13718689788054,1.7962251964548424,0.33204084868021244,0.858303950277894,0.011275202110903819,45.13718689788054,0.015239347397358513,1.7311026131293819,10.270966386554623,0.6260912994851918,0.2907563025210084,1.6215090985638771,0.007077140835102618,0.139915316933971,0.8520937242096953,0.005895447459508019,14.77926239419589,0.18176238698864575,0.20677368421052633,-0.38030912289519975,-0.09402806777410552,0.39589333726462733,-0.04324055666003976,0.20526671168129643,-0.01020408163265306,-0.4676989427655815,0.12157181763409328,0.12920797648752275,Packaging & Containers,Consumer Cyclical,WRK
2020Q2,2020,Q2,2020-05-06,2020-03-31,148100000.0,4447300000.0,274400000.0,0.57,804800000.0,0.1809637308029591,30960300000.0,11482400000.0,5492200000.0,3139800000.0,19462300000.0,2125400000.0,2114400000.0,7324992000.0,17541392000.0,44.29938271604938,1.7492196955220078,0.35066197678963057,0.9454991987737755,0.008848600748206058,44.29938271604938,0.012898000418031073,1.64706496076271,12.364942606347064,0.6379321396223787,0.8149898717083052,1.7137950503434647,0.016477833695927584,0.1436452489155467,0.9116185744314924,0.004783545379082244,-99.25463414634146,0.1809637308029591,0.0754716981132074,-0.2673098113292406,-0.016200812856077,0.40909366009708636,-0.00519159456118665,0.06931407942238267,0.08587257617728532,0.39102558345607163,0.17785906399338478,0.1481145581926539,Packaging & Containers,Consumer Cyclical,WRK
2020Q1,2020,Q1,2020-01-31,2019-12-31,138500000.0,4423700000.0,252700000.0,0.53,809000000.0,0.18287858579921784,30936800000.0,11825200000.0,4952600000.0,3446800000.0,19096300000.0,2189700000.0,2087500000.0,11087944000.0,21145944000.0,45.76315789473684,1.4368689799234071,0.3301698947531742,0.8637824307411291,0.00859929399807619,45.76315789473684,0.011712275479484491,2.50648642539051,20.014339350180506,0.9376538240368026,0.8664259927797834,1.6507740786409097,0.010822565481932448,0.14299151819192676,0.6435244284553789,0.004476868971580771,196.59475177304964,0.18287858579921784,-0.5583333333333333,-0.40059871607358083,-0.047398962746091365,0.45917262044709733,-0.25002317604523966,-0.5543758043758044,-0.4846012645319192,0.6569997168081986,0.24205368677194458,0.19827941050868295,Packaging & Containers,Consumer Cyclical,WRK
2019Q4,2019,Q4,2019-11-18,2019-09-30,310800000.0,4651600000.0,490300000.0,1.2,1078700000.0,0.23189870152205694,30156700000.0,11669900000.0,4974300000.0,3435100000.0,18472500000.0,2107500000.0,1997100000.0,9396810000.0,19308610000.0,45.267261442979056,1.4480801141160373,0.3337036214174628,0.8623381519978749,0.017544678397857085,45.267261442979056,0.02663261895988826,2.020124258319718,7.558566602316603,0.8052176968097413,0.3770913770913771,1.6953262158956108,0.012472317733358447,0.15424764645999064,0.6826002154231318,0.010306167452009006,18.130059810920315,0.23189870152205694,0.22448979591836732,0.09669916537745546,-0.031410186238440475,0.4714908057065728,0.0908079684497927,0.23040380047505937,0.16350261034646416,4.289152359429285,0.2539536996958833,0.16788120037288704,Packaging & Containers,Consumer Cyclical,WRK
2019Q3,2019,Q3,2019-08-02,2019-06-30,252600000.0,4690000000.0,421400000.0,0.98,988900000.0,0.21085287846481876,30812100000.0,11827700000.0,5193700000.0,3590500000.0,18970800000.0,2074200000.0,1805100000.0,9635885000.0,19994985000.0,45.968519238243296,1.4465116279069767,0.3420149876185005,0.8909762675752683,0.01442936655635967,45.968519238243296,0.02135664583985052,2.054559701492537,9.536703285827397,0.8146879782206178,0.46318289786223277,1.7843505929997108,0.012142112530400683,0.15221292933620234,0.7177830385740147,0.008198078027787785,25.145837682672234,0.21085287846481876,0.5806451612903225,0.054405768146272813,0.031103908677475426,0.4568550012971393,0.09926634059582036,0.5748129675810474,0.38028169014084506,1.6750373387444162,0.2746500908357106,0.1662429097273495,Packaging & Containers,Consumer Cyclical,WRK
2019Q2,2019,Q2,2019-05-03,2019-03-31,160400000.0,4620000000.0,305300000.0,0.62,899600000.0,0.1947186147186147,30693000000.0,11640800000.0,5214000000.0,4046600000.0,19039400000.0,2096900000.0,1671200000.0,10216913000.0,20858213000.0,45.312572985597505,1.288489101962141,0.3517251490567882,0.9273847158270909,0.010535820959319245,45.312572985597505,0.01377912170984812,2.2114530303030304,15.92411627182045,0.8776813449247476,0.7331670822942643,1.7742381610949496,0.01151032606424269,0.15052292053562702,0.6230415657589087,0.005225947284397093,174.64808547008548,0.1947186147186147,0.14814814814814806,0.08229020984123232,0.07835089257092487,0.4763752590255999,0.15067792274238936,0.1531272465851905,0.10057678442682047,1.7696018706204364,0.2279049855224501,0.04585963216387246,Packaging & Containers,Consumer Cyclical,WRK
2019Q1,2019,Q1,2019-02-08,2018-12-31,139100000.0,4327400000.0,277400000.0,0.54,781800000.0,0.18066275361649028,30666900000.0,11603700000.0,5226000000.0,3729900000.0,19051400000.0,2101800000.0,1635300000.0,9636352000.0,20196452000.0,45.469043887147336,1.4011099493284003,0.3528494891886692,0.9325301412480502,0.008540156558261755,45.469043887147336,0.01198755569344261,2.2268225724453483,17.319108554996404,0.830455113455191,0.8346513299784328,1.6869350080883052,0.012048127756229743,0.14110979590372683,0.6906887584117537,0.004535835053428941,-509.8598941798942,0.18066275361649028,-0.5,-0.28890211423717577,0.02717804008295957,0.4956716341874431,-0.16979929913985345,-0.5025035765379113,-0.3805270209915141,1.306485088116461,0.17477887920494894,0.05638876711486023,Packaging & Containers,Consumer Cyclical,WRK
2018Q4,2018,Q4,2018-11-16,2018-09-30,279600000.0,4236600000.0,447800000.0,1.08,941700000.0,0.2222772978331681,25360500000.0,11469400000.0,4785100000.0,3333300000.0,13878100000.0,1829600000.0,1573300000.0,13587600000.0,19366000000.0,45.24418145956607,1.4355443554435545,0.25296031229668187,0.5593317871902628,0.018675344460043906,45.24418145956607,0.024377909916822153,3.2071944483784165,12.149141630901289,1.1846827209793016,0.3977110157367668,1.8008854394403149,0.008183932408961111,0.1670550659490152,0.7942579425794258,0.01102501922280712,23.434977578475337,0.2222772978331681,0.04854368932038839,-0.09983807110649208,-0.03127217050068125,0.5113321343557378,0.07844709115895557,0.042505592841163314,0.10187007874015748,1.4478441712399466,0.10909814882101436,-0.0020636609701092778,Packaging & Containers,Consumer Cyclical,WRK
2018Q3,2018,Q3,2018-06-30,2018-06-30,268200000.0,4137500000.0,406400000.0,1.03,873200000.0,0.21104531722054382,25135700000.0,11393600000.0,4626200000.0,2967500000.0,13722900000.0,1819300000.0,1427900000.0,14545802000.0,20630702000.0,44.66326930615445,1.558955349620893,0.2600882410277016,0.5737870383373121,0.017281865336583838,44.66326930615445,0.023539530964752142,3.5156016918429005,13.558726696495153,1.2766642676590367,0.41126025354213275,1.794261529159567,0.007582943862428485,0.16460651583206357,0.820016849199663,0.010670082790612555,27.30067942942943,0.21104531722054382,0.1976744186046512,0.08013723913954059,-0.04647589777132049,0.6293193470206966,0.09615867436605574,0.20161290322580644,0.3173419773095624,-0.0528417219665122,-0.09989547355033378,0.3812371645128865,Packaging & Containers,Consumer Cyclical,WRK
2018Q2,2018,Q2,2018-03-31,2018-03-31,223200000.0,4017000000.0,308500000.0,0.86,796600000.0,0.1983071944236993,25439700000.0,11547900000.0,4576700000.0,3345500000.0,13857500000.0,1888200000.0,1302400000.0,16453188000.0,22913188000.0,45.03861154446178,1.368016738903004,0.26440956457819864,0.5824868590826038,0.015577088166603538,45.03861154446178,0.019328189540955498,4.095889469753548,18.42875,1.4247774920115346,0.49193548387096775,1.7055396674081136,0.006673478720354985,0.15790280545761154,0.6625915408758033,0.008773688368966616,103.47916981132076,0.1983071944236993,-0.8036529680365297,-0.6142962718688606,-0.030518582242880978,0.695729384552504,0.018149284253578733,-0.8033653422605938,1.5751252086811351,0.11628858596966833,-0.10168460818901888,0.43260736596864763,Packaging & Containers,Consumer Cyclical,WRK
2018Q1,2018,Q1,2017-12-31,2017-12-31,1135100000.0,3894000000.0,119800000.0,4.38,782400000.0,0.20092449922958397,25136900000.0,11353400000.0,4465200000.0,3487300000.0,13743300000.0,1869200000.0,1196800000.0,16112229000.0,22416229000.0,44.54060415849353,1.280417514982938,0.2629759437321229,0.5822396815050997,0.12536110719222926,44.54060415849353,0.09997886095795092,4.1377064714946075,3.5486364637476875,1.4191545263973786,0.0965553695709629,1.6646693772737,0.006802286635821772,0.15491170351157063,0.6052533478622429,0.04515672179146991,107.84624497991967,0.20092449922958397,4.7631578947368425,6.435405613409728,-0.04086489704592661,0.8438610541589082,0.005655526992287918,4.788373278939317,-0.5914051841746248,3.9799466821207607,-0.1499509151300331,0.4201911117178514,Packaging & Containers,Consumer Cyclical,WRK
2017Q4,2017,Q4,2017-09-30,2017-09-30,196100000.0,4060600000.0,293200000.0,0.76,778000000.0,0.19159730089149388,25089000000.0,10342500000.0,4490900000.0,3009800000.0,14702900000.0,1797300000.0,172400000.0,14437785000.0,20694485000.0,40.6385068762279,1.492092497840388,0.26126190760891227,0.6337732656514382,0.013753340366911766,40.6385068762279,0.01896059946821368,3.5555792247451117,18.40615119836818,1.3959666424945611,0.5181030086690463,1.8264062760807878,0.007037090523234694,0.16184782175455378,0.7259286331317696,0.007816174419068117,57.17934653465347,0.19159730089149388,-0.4108527131782946,0.3272972561642561,-0.03902721187308871,0.6916463591576193,0.1186196980589504,-0.4023163669612923,0.25621251071122536,-0.2990626168856617,-0.14350886497041,0.32102511439395975,Packaging & Containers,Consumer Cyclical,WRK
2017Q3,2017,Q3,2017-06-30,2017-06-30,328100000.0,3695600000.0,233400000.0,1.29,695500000.0,0.18819677454269942,24870000000.0,10149000000.0,4358300000.0,3058900000.0,14673400000.0,1767100000.0,79300000.0,14385974000.0,20683574000.0,39.97243009058685,1.4247932263231882,0.2622758343385605,0.6427037146516899,0.011805572249355255,39.97243009058685,0.03232830820770519,3.89273027383916,10.961577263029563,1.4174769928071729,0.30630905211825665,1.6977533812461094,0.006985971196666976,0.1485967028548452,0.695544149857792,0.013192601527945316,34.449171455938696,0.18819677454269942,2.225,2.1421269408904933,-0.10567826179060628,0.5951462517422362,0.0297601421379923,2.1823472356935016,0.24812834224598931,0.38789861563657957,-0.17663645531167815,0.2668242452983819,Packaging & Containers,Consumer Cyclical,WRK
2017Q2,2017,Q2,2017-03-31,2017-03-31,103100000.0,3656300000.0,187000000.0,0.4,675400000.0,0.1847222602084074,22950100000.0,9684700000.0,4992500000.0,2321100000.0,13193500000.0,1587900000.0,-147200000.0,13059530000.0,18347930000.0,38.58446215139442,2.1509198224979538,0.24721896636615961,0.585841585180749,0.008432005655267041,38.58446215139442,0.010645657583611263,3.571788419987419,31.667143549951504,1.348470267535391,0.976721629485936,1.8772592732539832,0.0077108441115415335,0.15931520995551218,0.8396019128861316,0.004492355153136588,118.18579185520362,0.1847222602084074,0.25000000000000006,0.8199675447176809,-0.09811618040972908,0.5623175356106725,0.14222898697784542,0.27441285537700866,0.5403624382207578,-0.28798619509402007,-0.12652529684770275,0.25715980245117903,Packaging & Containers,Consumer Cyclical,WRK
2017Q1,2017,Q1,2016-12-31,2016-12-31,80900000.0,3447200000.0,121400000.0,0.32,591300000.0,0.1715305175214667,22871100000.0,9551500000.0,4035200000.0,2232500000.0,13241100000.0,1656300000.0,-139200000.0,12697577000.0,17971477000.0,38.19072371051579,1.8074804031354983,0.2521610241746134,0.6038004501910694,0.007577453418905334,38.19072371051579,0.008469873841804951,3.6834465653283823,39.23849505562423,1.3293804114536987,1.2410383189122374,1.7242649278512348,0.007907020370894384,0.15072296478962532,0.9006942889137738,0.0035372150880368675,37.203565777908,0.1715305175214667,1.8648648648648647,-0.40499992447349603,-0.14247903979846524,0.5607721067739986,-0.17795078548588905,1.8793478260869565,2.0724381625441697,-0.5779948438127028,-0.16506600366710164,0.2562565046381924,Packaging & Containers,Consumer Cyclical,WRK
2016Q4,2016,Q4,2016-09-30,2016-09-30,-92000000.0,3611700000.0,-113200000.0,-0.37,719300000.0,0.19915829110944985,23038200000.0,9728800000.0,3912600000.0,2183000000.0,13208200000.0,1638200000.0,-105900000.0,12168480000.0,17616780000.0,38.7601593625498,1.792304168575355,0.251286992907432,0.595057972206233,-0.004047956242498921,38.7601593625498,-0.009456459172765398,3.3691834870005812,-33.06652173913043,1.2507688512457857,-1.0260869565217392,1.7655963862776218,0.007757747886342419,0.15677006016095008,0.8855245075584058,-0.003993367537394415,60.96432865731463,0.19915829110944985,-2.0277777777777777,-1.6157061544525118,-0.17679740505629205,0.6202083218560093,-0.01099958751546817,-1.9967497291440954,-1.3911541119557707,-1.299140726160514,-0.16593436901783243,0.29474050557688547,Packaging & Containers,Consumer Cyclical,WRK
2016Q3,2016,Q3,2016-06-30,2016-06-30,92300000.0,3596500000.0,289400000.0,0.36,727300000.0,0.2022243848185736,23446400000.0,9913100000.0,3885200000.0,2307100000.0,13423600000.0,1691100000.0,83300000.0,9775805000.0,15376205000.0,39.415904572564614,1.6840188981838673,0.24989337382284701,0.5910461914032946,0.011092217392769381,39.415904572564614,0.009310911823748373,2.7181440289170027,26.478345070422534,0.9861501447579465,1.0260021668472372,1.6966471527408196,0.009687181771731331,0.1533924184522997,0.8041697368991374,0.003936638460488604,29.155398150909633,0.2022243848185736,0.6363636363636362,2.736397055725448,0.47351456498545813,0.5855621044860966,0.009017758046614872,0.6221441124780316,0.8456632653061225,-0.6229540016318932,-0.15929002129525668,0.4378950958601594,Packaging & Containers,Consumer Cyclical,WRK
2016Q2,2016,Q2,2016-03-31,2016-03-31,56900000.0,3696600000.0,156800000.0,0.22,720800000.0,0.19498999080235893,25268400000.0,10935400000.0,4449200000.0,2557100000.0,14193600000.0,2058900000.0,1060300000.0,9851172000.0,15860772000.0,43.3256735340729,1.739939775526964,0.2523784648018869,0.5831702544031311,0.005405267927230229,43.3256735340729,0.005203284744956746,2.664927771465671,43.28282952548331,0.9008515463540429,1.67311072056239,1.4453348875613192,0.009663824771306399,0.14629339412071996,0.7940244808572211,0.0022518244131009483,261.9992553191489,0.19498999080235893,1.1237045463107649,-0.5197769412344199,0.4558495905159879,2.081128474482914,0.027952082144894468,1.1254685777287763,1.416910396171231,-0.9001149288993815,-0.09370666320566312,0.6312362925470844,Packaging & Containers,Consumer Cyclical,WRK
2016Q1,2016,Q1,2015-12-31,2015-12-31,-453500000.0,3680700000.0,-376100000.0,-1.778431,701200000.0,0.19050724047056267,24831200000.0,10975700000.0,4008300000.0,2249100000.0,13708800000.0,2027400000.0,1104100000.0,11633100000.0,17212700000.0,43.04196078431372,1.7821795384820596,0.23424159927832727,0.5299434204652095,-0.023776408919977128,43.04196078431372,-0.041318549158595806,3.16056728339718,-6.412954796030871,1.0598959519666171,-0.21256890848952592,1.469616257275328,0.008286699160155075,0.14822884113534585,0.7682628606998355,-0.01826331389542189,36.44454887218045,0.19050724047056267,-5.041888636363637,-3.784972191790434,0.49382683208050254,2.173291038619596,-0.07481198047235783,-4.916234887737478,-2.7339787920700784,-3.9694600562243503,-0.09375856534373096,0.7818212546561774,Packaging & Containers,Consumer Cyclical,WRK
2015Q4,2015,Q4,2015-09-30,2015-09-30,115800000.0,3872600000.0,216900000.0,0.44,757900000.0,0.19570830966275887,25356800000.0,11651800000.0,4160400000.0,2163200000.0,13572900000.0,1963400000.0,1661600000.0,13220080000.0,18624180000.0,45.33774319066148,1.9232618343195267,0.2221258202927814,0.48339312380919686,0.009116025981310893,45.33774319066148,0.00993837861961242,3.413747869648298,28.54075993091537,1.1345955131396008,0.8454231433506045,1.586380768055414,0.0074054014801725855,0.15272431852599697,0.8867880917159763,0.0045668223119636545,82.41945137157107,0.19570830966275887,-0.6000000000000001,-0.6116878518165332,0.47114461158364007,2.5312757175681333,0.4400532015960479,-0.2595907928388747,-0.18703148425787106,-0.22383540982738478,-0.09243407003362061,0.8872599929543614,Packaging & Containers,Consumer Cyclical,WRK
2015Q3,2015,Q3,2015-06-30,2015-06-30,156400000.0,2538900000.0,266800000.0,1.1,526300000.0,0.20729449761707827,10835700000.0,4556100000.0,2304800000.0,1316300000.0,6279000000.0,996200000.0,2207400000.0,7731155947.2,10331455947.2,32.33569907735983,1.7509686241738205,0.2439620882822522,0.5802111454972455,0.023766845247156748,32.33569907735983,0.034327604749676256,3.0450809197684037,12.357985849104859,1.6968802149206559,0.289002557544757,2.0202770528006426,0.005846473710877625,0.23430881253633823,0.8122008660639671,0.014433769853355113,54.406445793103444,0.20729449761707827,0.42857142857142866,0.8852892161414032,0.7881433469862418,1.6917132681218894,0.15138919273681908,0.424408014571949,0.42445274959957285,1.6990190664335065,0.10714915307452656,0.290393630405325,Packaging & Containers,Consumer Cyclical,WRK
2015Q2,2015,Q2,2015-03-31,2015-03-31,109800000.0,2455600000.0,187300000.0,0.77,457100000.0,0.18614595210946408,10820900000.0,4426500000.0,2273100000.0,1319200000.0,6393900000.0,1013700000.0,2096200000.0,8040277555.2,10749977555.2,31.438210227272727,1.7230897513644634,0.2540823776210851,0.6211227832373207,0.017338018154731016,31.438210227272727,0.024805150796340224,3.274261913666721,18.306642885245903,1.816396149373094,0.4107468123861566,1.9714905790667852,0.0056092590946480265,0.22693121644225528,0.7684202546998181,0.010147030283987469,73.02704409809265,0.18614595210946408,-0.12499999999999999,0.8164322339246118,0.8205247239439071,1.7216762168426472,-0.026411075612353566,-0.1223021582733813,-0.10167865707434053,2.455241321512539,0.0797854333030357,0.2729597456500486,Packaging & Containers,Consumer Cyclical,WRK
2015Q1,2015,Q1,2014-12-31,2014-12-31,125100000.0,2514200000.0,208500000.0,0.88,469500000.0,0.1867393206586588,10897800000.0,4387600000.0,2322300000.0,1278300000.0,6509700000.0,1031900000.0,2054000000.0,7988883735.6,10763783735.6,31.36240171551108,1.8167096925604318,0.2576391565270055,0.6399170389278876,0.019400546263956896,31.36240171551108,0.028512170662776917,3.1775052643385573,15.964995474820144,1.8207867024341327,0.21023181454836132,1.9814904545014052,0.0032920744462461194,0.23070711519756282,0.8210905108347023,0.011479381159500082,38.875346645255476,0.1867393206586588,-0.16981132075471703,0.23218365836038682,1.0182456404504332,1.8848282416842008,-0.17486818980667837,-0.1871345029239766,-0.19961612284069097,0.6448329075806618,0.11808304678408961,0.28171338595326134,Packaging & Containers,Consumer Cyclical,WRK
2014Q4,2014,Q4,2014-09-30,2014-09-30,153900000.0,2608000000.0,260500000.0,1.06,569000000.0,0.21817484662576686,11039700000.0,4306800000.0,2432500000.0,1360500000.0,6732300000.0,1029200000.0,1960900000.0,7994594160.0,10946694160.0,30.762857142857143,1.7879456082322676,0.2703606076252072,0.6930203399275564,0.023012568426165555,30.762857142857143,0.03573418779604347,3.065411871165644,12.986670175438597,1.8562724435775981,0.16309291747888238,1.9811504080839486,0.0031396215364608328,0.23623830357708997,0.8462330025725836,0.013940596211853583,32.47195028432169,0.21817484662576686,0.16483516483516486,0.26718424398216933,0.9824227248285325,2.072286384449022,0.1621732026143791,0.15453863465866466,0.1277056277056277,0.8465878470287757,0.0657328054278176,0.2859141439723404,Packaging & Containers,Consumer Cyclical,WRK
2014Q3,2014,Q3,2014-06-30,2014-06-30,133300000.0,2530900000.0,231000000.0,0.91,489600000.0,0.19344897072187758,10970700000.0,4517400000.0,2374400000.0,1267500000.0,6452900000.0,964800000.0,1931400000.0,8175470368.159657,11121870368.159657,31.553256293395243,1.873293885601578,0.2722159935099857,0.6610882365962721,0.019580803148711013,31.553256293395243,0.029508124142205692,3.2302621076137568,15.332840150336938,1.809773402434953,0.18829707426856715,2.1157752902155886,0.0030701597424601943,0.23069630926012014,0.883629191321499,0.012150546455558898,121.29777994302161,0.19344897072187758,0.6106194690265488,-0.19306625004317196,0.8936120301095911,2.076177300907682,0.14606741573033707,0.6099033816425121,0.37910447761194027,5.405255641874555,0.8215579034275138,0.26927563871686455,Packaging & Containers,Consumer Cyclical,WRK
2014Q2,2014,Q2,2014-03-31,2014-03-31,82800000.0,2393600000.0,167500000.0,0.565,427200000.0,0.178475935828877,10549000000.0,4405100000.0,2266200000.0,1242700000.0,6143500000.0,952200000.0,1836500000.0,8196004597.468104,10830604597.468105,30.69177210101961,1.8236098817091817,0.252801213385155,0.6053892079634968,0.0135832533464358,30.69177210101961,0.018796395087512203,3.4241329367764473,24.74639069283848,1.8605717458101074,0.3031400966183575,2.0651123713505566,0.0030624677794536437,0.22690302398331597,0.8314154663233282,0.007849085221347996,81.87816780687417,0.178475935828877,-0.24666666666666673,0.1661293417274509,0.8642329389992168,2.4652000759215684,-0.04600267976775346,-0.24521422060164083,-0.14278403275332652,0.22890022452233802,0.6577581403984628,1.1826618085561253,Packaging & Containers,Consumer Cyclical,WRK
2014Q1,2014,Q1,2013-12-31,2013-12-31,109700000.0,2362600000.0,195400000.0,0.75,447800000.0,0.18953695081689664,10591400000.0,4350800000.0,2266800000.0,1128200000.0,6240100000.0,925300000.0,1785300000.0,8172556681.2138,10901456681.2138,30.40041868003294,2.009218223719199,0.2599750741167362,0.6328721154730165,0.017655219298614317,30.40041868003294,0.025213753792405993,3.459136832817151,18.62478733184549,1.8784032088842972,0.23518687329079307,2.0693829028423214,0.0031569068293287317,0.22306777196593464,0.8915085977663535,0.010357459825896483,40.08120000595292,0.18953695081689664,-0.375,0.8926140155389756,0.7739850374469894,2.605840715859772,-0.1932985047739146,-0.3784702549575071,-0.2998925116445718,0.20033045336246977,0.7084829922727682,1.2412867446036457,Packaging & Containers,Consumer Cyclical,WRK
2013Q4,2013,Q4,2013-09-30,2013-09-30,176500000.0,2485100000.0,279100000.0,1.2,555100000.0,0.22337129290571808,10733400000.0,4312300000.0,2416400000.0,1243400000.0,6420600000.0,937900000.0,1740800000.0,8225731582.18416,11034131582.18416,29.936623744755554,1.9433810519543189,0.26504183203831033,0.6596943626371078,0.027075661442609915,29.936623744755554,0.04092943440855228,3.3100203541846045,11.65117787844782,1.9075044830332213,0.12237960339943343,2.0577886768312186,0.0026259062533456265,0.23152961782846068,0.942013833038443,0.016443997242253153,46.57832152992163,0.22337129290571808,0.25654450261780104,2.259767519263707,0.6590037763858403,2.531425841995016,0.11757600161063016,0.2598144182726624,0.2171827300479721,0.05595182160276879,0.6843159819190193,1.3317100732443081,Packaging & Containers,Consumer Cyclical,WRK
2013Q3,2013,Q3,2013-06-30,2013-06-30,140100000.0,2448300000.0,229300000.0,0.955,496700000.0,0.2028754646080954,10710600000.0,3945600000.0,2333500000.0,1232700000.0,6764700000.0,879000000.0,1585900000.0,8219343787.241832,11203443787.241833,27.412225471835086,1.8929991076498742,0.2825612010531623,0.7670316301703163,0.022945979599625202,27.412225471835086,0.03550790754257908,3.3571636593725573,14.666923246327324,2.083167018258777,0.15417558886509636,2.220250284414107,0.0026279470185354443,0.2285866338020279,0.935588545469295,0.013080499691894011,52.385874998354566,0.2028754646080954,-0.5707865168539326,2.893403070361005,0.659049467711123,2.2204333002374605,0.28946002076843197,-0.5685247921157992,0.6935007385524372,0.6531855609182539,0.6879656390449259,1.2818696708786868,Packaging & Containers,Consumer Cyclical,WRK
2013Q2,2013,Q2,2013-03-31,2013-03-31,324700000.0,2324900000.0,135400000.0,2.225,385200000.0,0.16568454557185255,10644600000.0,3821100000.0,2243800000.0,1186400000.0,6823100000.0,905300000.0,1467500000.0,8215392973.016448,11343092973.016449,26.56002305246794,1.8912677006068779,0.2986490802848393,0.8319593834236215,0.057726345692770055,26.56002305246794,0.08497553060636989,3.5336543391184345,6.325371860961232,2.1500073206711283,0.0,2.1426046614381975,0.0,0.21841121319730192,0.9429366149696561,0.030503729590590535,112.38567678545073,0.16568454557185255,2.7711864406779667,9.083692208046035,0.8000181213971731,2.3140384798441134,-0.05934065934065934,2.775581395348837,-0.20539906103286384,4.257046852365463,0.6868867734203049,1.2993606359303689,Packaging & Containers,Consumer Cyclical,WRK
2013Q1,2013,Q1,2012-12-31,2012-12-31,86000000.0,2287100000.0,170400000.0,0.59,409500000.0,0.17904770233046216,10542100000.0,3468700000.0,2125000000.0,1166100000.0,7072900000.0,910100000.0,1143100000.0,8199874666.292472,11420074666.292473,24.156160822438476,1.8223136952233943,0.3084015518729665,0.9372963934615274,0.015550942169962684,24.156160822438476,0.024793150171534006,3.585271595598125,23.836844960152536,2.3639619068505415,0.3732558139534884,2.0630699923085376,0.003914693980867129,0.21694918469754604,0.8847440185232828,0.0081577674277421,44.20417609861171,0.17904770233046216,0.03508771929824565,1.5530563590713078,0.9926010003463176,1.9874827542339362,-0.02476780185758514,0.04495747266099635,0.10362694300518134,-0.1747311121603645,0.7887030246559957,1.2219718879747268,Packaging & Containers,Consumer Cyclical,WRK
2012Q4,2012,Q4,2012-09-30,2012-09-30,82300000.0,2353800000.0,154400000.0,0.57,419900000.0,0.17839238677882574,10687100000.0,3405700000.0,2189800000.0,1408300000.0,7269500000.0,861900000.0,1094700000.0,8095554691.808976,11470854691.808975,24.023051068702358,1.5549243769083292,0.3193101964050116,1.0019966526705228,0.01563423645439815,24.023051068702358,0.024165369821182135,3.4393553793053684,24.59159991436506,2.37706042570073,0.17132442284325639,2.2437637777004293,0.0017416965898910273,0.22024683964779967,0.7901725484626855,0.0077008730151303904,-1395.7852916912027,0.17839238677882574,0.4074074074074072,1.1983367072488298,1.0479454230069778,2.0426478942702815,0.16703724291272928,0.41408934707903783,0.32532188841201715,-0.33080792281042426,0.7668840477849252,1.399181986528673,Packaging & Containers,Consumer Cyclical,WRK
2012Q3,2012,Q3,2012-06-30,2012-06-30,58200000.0,2303200000.0,116500000.0,0.405,359800000.0,0.156217436609934,10591100000.0,3546200000.0,2085800000.0,1443900000.0,7035800000.0,855500000.0,1026600000.0,8081120223.63612,11421920223.63612,25.058786958831217,1.4445598725673523,0.317275825929318,0.9475776887936382,0.011040643959388802,25.058786958831217,0.01641193390107721,3.508648933499531,34.71271573726855,2.278811184827737,0.24398625429553264,2.2716540035067214,0.0017571821241400458,0.2174656079160805,0.7517141076251818,0.005495179915211828,140.54122128062818,0.156217436609934,0.840909090909091,0.2827493650582446,1.1630656275915308,2.219386490624606,-0.002771618625277162,0.8244514106583072,0.12997090203685743,-0.6435719321517549,0.7433671203130613,1.4430211232168009,Packaging & Containers,Consumer Cyclical,WRK
2012Q2,2012,Q2,2012-03-31,2012-03-31,31900000.0,2282900000.0,103100000.0,0.22,360800000.0,0.15804459240439792,10603700000.0,3490700000.0,2205400000.0,1431600000.0,7104600000.0,921600000.0,982600000.0,8071193678.693112,11444693678.693111,24.69693981659924,1.5405141100866164,0.321434970812075,0.9764230670066176,0.009168256794405274,24.69693981659924,0.009138568195490875,3.535500319196247,63.25386895527517,2.312199180305701,0.44200626959247646,2.0856119791666665,0.0017469534942795566,0.21529277516338635,0.7609667504889635,0.0030083838660090348,111.94443382376022,0.15804459240439792,-0.5849056603773586,-0.19498767926240188,1.1344365157549292,2.3020265016493022,-0.08006119326874044,-0.5840938722294654,-0.3391025641025641,-0.5437829690832938,0.8055100641885843,1.7883641728418496,Packaging & Containers,Consumer Cyclical,WRK
2012Q1,2012,Q1,2011-12-31,2011-12-31,76700000.0,2267700000.0,156000000.0,0.53,392200000.0,0.17295056665343742,10575300000.0,3452200000.0,2203800000.0,1246500000.0,7115900000.0,932700000.0,970000000.0,8056491277.407408,11491691277.407408,24.469122394462325,1.7679903730445248,0.3287093510349588,1.0069520885232606,0.013900566028524006,24.469122394462325,0.022217716238920108,3.552714767124138,26.259749926360524,2.3337266894755255,0.18383311603650587,2.010828776669883,0.0017501415336401138,0.21443363308842303,0.8241476133172884,0.0072527493309882465,126.87387838436862,0.17295056665343742,-0.09401709401709392,1.6858372278793023,1.2458820895829785,2.3910394401391217,-0.09714548802946593,-0.08581644815256258,-0.12897822445561138,0.34234079302098475,0.7272585575077705,1.9023204824892501,Packaging & Containers,Consumer Cyclical,WRK
2011Q4,2011,Q4,2011-09-30,2011-09-30,83900000.0,2463500000.0,179100000.0,0.585,434400000.0,0.176334483458494,10566000000.0,3371600000.0,2228900000.0,1318300000.0,7187400000.0,849800000.0,907400000.0,8048032768.369152,11452132768.369152,23.9229479565619,1.6907380717590836,0.3261215218625781,1.0220073555581919,0.017527787980480457,23.9229479565619,0.02488432791552972,3.2669099932490977,23.981027319335972,2.387006990262532,0.16686531585220502,2.3877382913626737,0.001739555541451523,0.23315351126254022,0.8733217021922173,0.00794056407344312,267.37650393252994,0.176334483458494,2.95,1.065575047982788,1.2888842194336099,2.5089498968924846,1.0451977401129944,3.787375415282392,14.439655172413794,0.5837574722540988,0.680896100245743,1.8220322154833692,Packaging & Containers,Consumer Cyclical,WRK
2011Q3,2011,Q3,2011-06-30,2011-06-30,-30100000.0,1382100000.0,11600000.0,-0.3,212400000.0,0.15367918385066204,10764400000.0,3540300000.0,2286200000.0,1549500000.0,7215400000.0,833700000.0,837500000.0,8132427701.619192,11564227701.619192,24.859262504473058,1.4754436915133915,0.32360373081639476,0.9839279157133576,0.0010196533351986535,24.859262504473058,-0.00850210434143999,5.884109472266256,-67.54508057823249,2.297101291308418,-0.26245847176079734,1.4030226700251889,0.0009714196412010013,0.12839545167403663,0.7612132946111649,-0.0027962543197948796,83.83946084143497,0.15367918385066204,-1.6521739130434783,-2.3911070510266947,0.28146858077573134,2.8408250220312623,0.2772098616957306,-1.8135135135135134,-0.8382147838214784,-1.8454241746571072,-0.05343355551880896,1.920507015054482,Packaging & Containers,Consumer Cyclical,WRK
2011Q2,2011,Q2,2011-03-31,2011-03-31,37000000.0,792900000.0,71700000.0,0.46,166300000.0,0.20973641064446966,2913400000.0,1108300000.0,710600000.0,629300000.0,1791900000.0,280400000.0,878800000.0,4500805071.624912,5501505071.624912,14.061625113293585,1.1291911647862705,0.34756641724445664,0.9136515383921321,0.023204036428032936,14.061625113293585,0.033384462690607235,5.676384249747651,30.410845078546703,4.060998891658317,0.21351351351351353,2.234664764621969,0.001755241534410173,0.2721562435642205,0.5434609883998093,0.012699938216516785,75.77112915193455,0.20973641064446966,-0.2755905511811023,5.6263233161464745,0.3939997213280953,1.2834585914065249,-0.06991051454138703,-0.2644135188866799,-0.24526315789473685,1.097380154435897,0.12054462230066659,0.754545416716691,Packaging & Containers,Consumer Cyclical,WRK
2011Q1,2011,Q1,2010-12-31,2010-12-31,50300000.0,761100000.0,95000000.0,0.635,178800000.0,0.23492313756405203,2859000000.0,1068400000.0,653100000.0,587000000.0,1777800000.0,287300000.0,855100000.0,4498006963.668912,5545006963.668912,13.56382388519815,1.1126064735945485,0.3697096887023435,0.9893298390116061,0.029172775380583955,13.56382388519815,0.04707974541370273,5.909876446812392,22.355899421813678,4.210040213093329,0.1550695825049702,2.0268012530455968,0.0017341013615589723,0.26621196222455407,0.5015332197614991,0.01759356418328087,59.34046126212285,0.23492313756405203,-0.45258620689655166,6.098264095413784,0.41184149368876666,1.17273195056658,-0.12438785504407443,-0.449671772428884,-0.16003536693191867,1.7221811772123785,0.2088265858341806,0.6774888293033522,Packaging & Containers,Consumer Cyclical,WRK
2010Q4,2010,Q4,2010-09-30,2010-09-30,91400000.0,806800000.0,113100000.0,1.16,204200000.0,0.2530986613782846,2914900000.0,1011300000.0,709000000.0,631200000.0,1897500000.0,269500000.0,812600000.0,4498006963.668912,5611006963.668912,12.838913417353885,1.123257287705957,0.38728601324230677,1.1162859685553248,0.05065276793846777,12.838913417353885,0.09037872045881538,5.575120183030382,12.303082504564857,4.447747417847238,0.1400437636761488,2.235992578849722,0.0028457047984557495,0.276784795361762,0.5535487959442332,0.03135613571649113,236.73720861415325,0.2530986613782846,1.0350877192982457,15.935650831336535,0.3884725718439705,1.0166984786231574,0.15956842703009655,1.0266075388026608,0.237417943107221,3.3940708974086435,0.2634009448948364,0.6261170474271643,Packaging & Containers,Consumer Cyclical,WRK
2010Q3,2010,Q3,2010-06-30,2010-06-30,45100000.0,771900000.0,91400000.0,0.57,176100000.0,0.22813835989117762,2784100000.0,920200000.0,613700000.0,449800000.0,1850700000.0,259900000.0,730100000.0,4374185090.400001,5474785090.400001,12.013054830287206,1.3643841707425521,0.39941094069896915,1.208432949358835,0.02856576682971723,12.013054830287206,0.04901108454683764,5.666776901671201,24.24714573392461,4.753515638339492,0.13082039911308205,2.2924201616006155,0.001348822667094883,0.2772529722351927,0.7025344597598933,0.01619913077834848,62.48835843428572,0.22813835989117762,0.3734939759036144,2.5299836177242367,0.7046126935855476,0.9154230005508208,0.09175449473031617,0.375,0.2554945054945055,0.8364105433296035,0.33928651842642715,0.5433574855517725,Packaging & Containers,Consumer Cyclical,WRK
2010Q2,2010,Q2,2010-03-31,2010-03-31,32800000.0,731900000.0,72800000.0,0.415,161300000.0,0.22038529853805164,2815300000.0,882500000.0,631500000.0,441800000.0,1918800000.0,265000000.0,693300000.0,4362764241.6,5529564241.6,11.551047120418849,1.429379809868719,0.418854118566405,1.3362039660056657,0.023751885083691086,11.551047120418849,0.0371671388101983,5.960874766498156,33.252776231707315,4.943642200113314,0.14939024390243902,2.1532075471698113,0.0011231411391148137,0.2599722942492807,0.7009959257582616,0.011650623379391184,44.157532809716606,0.22038529853805164,-0.4195804195804196,127.3629144851658,0.7432516498789049,0.8736028771923439,-0.09635854341736695,-0.41740674955595025,-0.23769633507853402,0.5313050401717858,0.26597207261727357,0.544396350182102,Packaging & Containers,Consumer Cyclical,WRK
2010Q1,2010,Q1,2009-12-31,2009-12-31,56300000.0,690800000.0,95500000.0,0.715,178500000.0,0.2583960625361899,2824600000.0,843400000.0,625300000.0,396800000.0,1974300000.0,266700000.0,669100000.0,4430090830.526928,5682490830.526928,10.871497048712092,1.5758568548387097,0.44838207179777667,1.501659947830211,0.034808248051290534,10.871497048712092,0.06675361631491582,6.412986147259595,19.671806529870906,5.252656901265032,0.11900532859680284,1.9208848893888264,0.0015123843407073173,0.24456560220916235,0.7053931451612904,0.019932025773560857,53.18236291148773,0.2583960625361899,-0.17816091954022992,107.04673461376159,0.6562323330242231,0.7508951770726496,-0.1219872110181997,-0.16344725111441308,-0.17884780739466896,2.5853043715087165,0.2441908155829483,0.5066202486232994,Packaging & Containers,Consumer Cyclical,WRK
2009Q4,2009,Q4,2009-09-30,2009-09-30,67300000.0,729000000.0,116300000.0,0.87,203300000.0,0.2788751714677641,2884400000.0,776800000.0,658300000.0,449300000.0,2089800000.0,275100000.0,620300000.0,4430090830.526928,5763890830.526928,10.013017438273124,1.4651680391720454,0.46650949937595343,1.7322348094747684,0.03969646442863595,10.013017438273124,0.08663748712667353,6.076942154357926,16.456503828108946,5.70300055423137,0.08766716196136701,1.910941475826972,0.0013318011358467421,0.2527388711690473,0.7082127754284443,0.023332408819858548,50.45661538185567,0.2788751714677641,-0.22321428571428578,8.453868878059875,0.6137513730023422,0.6420304281876777,-0.08874943971313312,-0.2264367816091954,-0.1728307254623044,2.010032518037343,0.2304837762023886,0.468680890474194,Packaging & Containers,Consumer Cyclical,WRK
2009Q3,2009,Q3,2009-06-30,2009-06-30,87000000.0,703900000.0,140600000.0,1.12,223100000.0,0.3169484301747407,2861100000.0,773400000.0,640300000.0,425700000.0,2069500000.0,285100000.0,561100000.0,4305659997.6,5721959997.6,10.257294429708223,1.5041108762038995,0.5011009751494181,1.8537626066718387,0.048445845305978515,10.257294429708223,0.11249030256012413,6.116863187384572,12.3725862,5.567183860356866,0.04367816091954023,1.6864258155033323,0.0008825592364743482,0.24602425640487924,0.700493305144468,0.030407885079165357,46.000641,0.3169484301747407,1.3092783505154642,22.65613774309426,0.6433034720622182,0.6570561953279758,0.3008746355685131,1.3262032085561497,0.6580188679245284,6.594405594405594,0.23270721995306454,0.5847804453923928,Packaging & Containers,Consumer Cyclical,WRK
2009Q2,2009,Q2,2009-03-31,2009-03-31,37400000.0,676300000.0,84800000.0,0.485,171500000.0,0.25358568682537336,2833500000.0,669600000.0,609900000.0,546500000.0,2149200000.0,283500000.0,479700000.0,4317080846.400001,5817180846.400001,8.857142857142858,1.1160109789569992,0.5330509970001764,2.2556750298685784,0.024533316830917275,8.857142857142858,0.05585424133811231,6.383381408250777,28.857492288770054,6.447253354838709,0.17647058823529413,1.780599647266314,0.0015288108411274526,0.2386800776424916,0.5035681610247027,0.013199223575083819,48.561089385826776,0.25358568682537336,0.2278481012658227,11.00629829633266,0.5794646560846562,0.42615405710950527,0.040655339805825245,0.2222222222222222,0.10416666666666667,5.9830077330077325,0.23960602637212042,0.43830594184576493,Packaging & Containers,Consumer Cyclical,WRK
2009Q1,2009,Q1,2008-12-31,2008-12-31,30600000.0,703100000.0,76800000.0,0.395,164800000.0,0.23439055610866164,2881300000.0,637000000.0,625200000.0,534100000.0,2226900000.0,292300000.0,448500000.0,4314542905.379664,5901642905.379664,8.430882303347751,1.1705673094926043,0.5552354839829243,2.511459968602826,0.022212342004736457,8.430882303347751,0.04803767660910518,6.136456983899395,35.24953354068353,6.7732227713966475,0.12418300653594772,1.8416010947656518,0.0008807421975713587,0.24402179571721097,0.5294888597640891,0.010620206156943047,121.87974308982103,0.23439055610866164,0.06756756756756763,1.405725215245089,0.7935355220042951,0.3546067042426224,0.00182370820668693,0.07746478873239436,0.06963788300835655,4.233412414135007,0.35971111865948746,0.350507608104528,Packaging & Containers,Consumer Cyclical,WRK
2008Q4,2008,Q4,2008-09-30,2008-09-30,28400000.0,785700000.0,71800000.0,0.37,164500000.0,0.20936744304441898,3013100000.0,640500000.0,709200000.0,647700000.0,2355000000.0,283000000.0,421700000.0,4314542905.379664,5954042905.379664,8.477205832487025,1.094951366373321,0.5616474727025322,2.642154566744731,0.019424630391708584,8.477205832487025,0.04434035909445746,5.491336267506255,37.98013120932803,6.736210625104862,0.13380281690140844,2.1950530035335687,0.0008807421975713587,0.26076134213932495,0.5513354948278524,0.009425508612392552,72.6354024474691,0.20936744304441898,0.5102040816326531,1.661883824991729,1.2101837321255435,0.4173402220472884,0.13683483068417415,0.5106382978723404,0.29136690647482016,4.486045013853503,0.40965715479426423,0.3315743746853181,Packaging & Containers,Consumer Cyclical,WRK
2008Q3,2008,Q3,2008-06-30,2008-06-30,18800000.0,771000000.0,55600000.0,0.245,144700000.0,0.18767833981841764,3023600000.0,640100000.0,674500000.0,636500000.0,2367400000.0,279000000.0,397000000.0,4294239148.8,6002439148.8,8.511968085106384,1.0597014925373134,0.5837743087710014,2.7575378847055148,0.015465897435745685,8.511968085106384,0.029370410873301046,5.569700582101167,57.104244,6.708700435556944,0.20212765957446807,2.2448028673835125,0.000884906468486248,0.2549940468315915,0.5556952081696779,0.006217753671120519,43.1581824,0.18767833981841764,0.08888888888888884,1.4075152523571826,0.8429827411915549,0.3505337898828933,0.14932486100079428,0.09941520467836257,0.11646586345381527,0.49887330996494744,0.7343230028106836,0.35719179513455196,Packaging & Containers,Consumer Cyclical,WRK
2008Q2,2008,Q2,2008-03-31,2008-03-31,17100000.0,685900000.0,49800000.0,0.225,125900000.0,0.18355445400204112,3041300000.0,612300000.0,673600000.0,595300000.0,2410600000.0,274300000.0,382600000.0,4362764241.6,6153064241.6,8.014397905759163,1.1315303208466319,0.6072732055371058,3.0163318634656213,0.012684371581573923,8.014397905759163,0.02792748652621264,6.360641845166935,63.78310294736842,7.125206992650662,0.2222222222222222,2.041560335399198,0.0008710074140074064,0.2255285568671292,0.5864270115907946,0.005622595600565548,-661.0248850909092,0.18355445400204112,-0.021739130434782625,1.1078351892459448,0.6866860414357051,0.31823732878989086,0.1766355140186916,-0.022857142857142857,0.28350515463917525,65.92090968586388,0.6336880812295955,0.2999513220451809,Packaging & Containers,Consumer Cyclical,WRK
2008Q1,2008,Q1,2007-12-31,2007-12-31,17500000.0,596300000.0,38800000.0,0.23,107000000.0,0.17943987925540836,1798800000.0,603200000.0,495800000.0,442400000.0,1185500000.0,226500000.0,369700000.0,4259976602.4,4970776602.4,8.085790884718499,1.1207052441229657,0.4149432955303536,1.2374005305039788,0.01957634370408641,8.085790884718499,0.029011936339522548,7.144015767902063,60.85680860571429,7.062295428381963,0.21714285714285714,2.1602649006622516,0.0008920236786885503,0.3314987769624194,0.5610307414104883,0.009728708027573939,968.1765005454546,0.17943987925540836,-0.11538461538461538,2.1927545198322678,0.5869946331020408,0.3673850898290505,-0.08075601374570447,-0.1116751269035533,-0.14537444933920704,33.925828484976584,0.48675413848462146,0.3022468018375433,Packaging & Containers,Consumer Cyclical,WRK
2007Q4,2007,Q4,2007-09-30,2007-09-30,19700000.0,604800000.0,45400000.0,0.26,116400000.0,0.19246031746031747,1800700000.0,589000000.0,494500000.0,344900000.0,1201800000.0,224400000.0,357800000.0,4259976602.4,4971376602.4,7.89544235924933,1.433748912728327,0.40112178597212195,1.2263157894736842,0.02179092571842347,7.89544235924933,0.033446519524617996,7.043612107142858,54.06061678172589,7.232557898811545,0.20304568527918782,2.176470588235294,0.0009389722933563688,0.3358693841283945,0.7002029573789504,0.010940189926139834,54.615084646153846,0.19246031746031747,-0.1746031746031746,4.666118135862243,0.46940891513529426,0.0,-0.02348993288590604,-0.21825396825396826,-0.14177693761814744,1.8778367440828432,0.39227907444052246,0.29477020067241716,Packaging & Containers,Consumer Cyclical,WRK
2007Q3,2007,Q3,2007-06-30,2007-06-30,25200000.0,591400000.0,52900000.0,0.315,119200000.0,0.20155563070679744,1799900000.0,611800000.0,489800000.0,395300000.0,1177700000.0,218300000.0,388800000.0,4488393578.400001,5213293578.400001,7.783715012722646,1.2390589425752594,0.4072448469359409,1.1981039555410264,0.025032448218052023,7.783715012722646,0.041189931350114416,7.58943790733852,44.527714071428576,7.336373943118667,0.15873015873015872,2.163078332569858,0.0008911874438216935,0.328573809656092,0.6147229951935239,0.014000777820990054,83.27260813358072,0.20155563070679744,0.14545454545454536,3.0662647324337486,0.46184799902043944,0.0,0.060498220640569395,0.16129032258064516,0.1090146750524109,7.0174306400658875,0.3244541475514415,0.25745178447279204,Packaging & Containers,Consumer Cyclical,WRK
2007Q2,2007,Q2,2007-03-31,2007-03-31,21700000.0,585700000.0,47700000.0,0.275,112400000.0,0.191907119685846,1811400000.0,578900000.0,501000000.0,369500000.0,1221500000.0,220600000.0,368700000.0,4419868485.6,5190868485.6,7.479328165374677,1.3558863328822734,0.43204151485039194,1.3518742442563483,0.021909425631375802,7.479328165374677,0.037484885126964934,7.546300982755677,50.92014384331798,7.6349429704612195,0.18433179723502305,2.145512239347235,0.0009050043034158282,0.32334106216186376,0.6584573748308525,0.011979684222148615,329.84093176119404,0.191907119685846,0.4102564102564103,0.662856947835025,0.49348615552941427,0.0,0.15163934426229508,0.4370860927152318,0.3324022346368715,5.804216059742312,0.3360619121447029,0.20430192665350674,Packaging & Containers,Consumer Cyclical,WRK
2007Q1,2007,Q1,2006-12-31,2006-12-31,15100000.0,533900000.0,35800000.0,0.195,97600000.0,0.182805768870575,1769000000.0,538300000.0,478400000.0,366100000.0,1210900000.0,228900000.0,352900000.0,,,,,,,,,,,,,,,,,,,,,,,,,,,,,,,Packaging & Containers,Consumer Cyclical,WRK
