Quarters,Year,Quarter,FillingDate,Date,NetIncome,Revenue,OperatingIncome,EPSDiluted,GrossProfit,GrossProfitRatio,TotalAssets,CommonStockEquity,CurrentAssets,CurrentLiability,TotalLiability,Inventory,RetainedEarnings,MarketCap,EnterpriseValue,bookValuePerShare,currentRatio,debtToAssets,debtToEquity,roic,shareholdersEquityPerShare,roe,priceToSalesRatio,peRatio,pbRatio,payoutRatio,inventoryTurnover,dividendYield,assetTurnover,quickRatio,returnOnAssets,priceToFreeCashFlowsRatio,grossProfitMargin,epsdilutedGrowth,fiveYNetIncomeGrowthPerShare,fiveYRevenueGrowthPerShare,fiveYShareholdersEquityGrowthPerShare,grossProfitGrowth,netIncomeGrowth,operatingIncomeGrowth,threeYNetIncomeGrowthPerShare,threeYRevenueGrowthPerShare,threeYShareholdersEquityGrowthPerShare,Industry,Sector,Symbol
2023Q1,2023,Q1,2023-05-03,2023-03-31,24302000.0,90991000.0,73568000.0,0.79,90991000.0,1.0,10358516000.0,992587000.0,194345000.0,851901000.0,9365929000.0,0.0,455040000.0,988384299.3,1240620299.3,32.286704748953106,0.0,0.0,0.0,0.006714993893736962,32.286704748953106,0.024483496157011928,10.862440233649481,10.167725900131675,0.9957659120056983,0.0,0.0,0.0,0.008784173331392257,0.0,0.002346088957144054,488.5735537815126,1.0,-0.16842105263157886,0.2986469673864378,0.5136463994196193,0.6621683233745747,-0.04894746744152016,-0.17558857453015808,0.13550139684205653,23.51636257828784,0.2958247779534953,0.2429480529545242,Banks—Regional,Financial Services,OBNK
2022Q4,2022,Q4,2023-02-22,2022-12-31,29478000.0,95674000.0,64789000.0,0.95,95674000.0,1.0,9686067000.0,949943000.0,2209655000.0,550000000.0,8736124000.0,0.0,435416000.0,1125750076.3000002,1607773076.3000002,30.968603808212773,4.017554545454545,0.9019268605100501,9.1964717883073,0.005866662574793849,30.968603808212773,0.031031335564344387,11.766520437109353,9.547374960139766,1.185071184586865,0.1568627450980392,0.0,0.0041074836212294024,0.0098774869098056,4.017554545454545,0.0030433405013613885,22.970741027995434,1.0,0.6666666666666667,2.6670879875467093,0.6789578210584991,0.6226882831803626,0.06960468652177802,0.8148125346303022,0.929794775563697,0.7473779395931751,0.3766139824856731,0.20529883331707752,Banks—Regional,Financial Services,OBNK
2022Q3,2022,Q3,2022-11-02,2022-09-30,16243000.0,89448000.0,33573000.0,0.57,89448000.0,1.0,9462639000.0,907024000.0,2183065000.0,150000000.0,8555615000.0,0.0,410572000.0,1088661914.48,1440334914.48,32.05146870290467,14.553766666666666,0.904146824157616,9.432622510539964,0.0032281087155319335,32.05146870290467,0.017908015664414613,12.17089162955013,16.75586274826079,1.200257010266542,0.2836914363110263,0.0,0.004232719027560557,0.009452754141841404,14.553766666666666,0.0017165401744692998,28.793724099553017,1.0,-0.36666666666666675,6.817832770184994,0.8475786295087595,0.0,0.25938753959873284,-0.23781145887100558,-0.011133692674737121,-0.08079850824576874,0.3456652166137187,0.27519366969111814,Banks—Regional,Financial Services,OBNK
2022Q2,2022,Q2,2022-08-03,2022-06-30,21311000.0,71025000.0,33951000.0,0.9,71025000.0,1.0,8111524000.0,646373000.0,375480000.0,600000000.0,7465151000.0,0.0,398946000.0,921135706.8,1649336706.8,27.22646860268255,0.6258,0.9203142344151358,11.54929274582942,0.0037116177102829054,27.22646860268255,0.03297012715568255,12.969175738120379,10.80587146074797,1.425083824355287,0.16756604570409647,0.0,0.0038767360483783174,0.008756061129819748,3.8390816666666665,0.0026272498238308854,25.25458427372923,1.0,0.03448275862068969,4.1716984983976895,0.8605148388396877,0.0,0.06725871162601993,0.03036310013054199,0.020407549891800915,0.7236302300440425,0.34493980207959524,0.09899887736634197,Banks—Regional,Financial Services,OBNK
2022Q1,2022,Q1,2022-05-04,2022-03-31,20683000.0,66549000.0,33272000.0,0.87,66549000.0,1.0,8112295000.0,676865000.0,2651903000.0,0.0,7435430000.0,0.0,381222000.0,1002296259.5,880890259.5,28.559041878774966,0.0,0.916563068774003,10.985100426229751,0.003817670123065561,28.559041878774966,0.03055705347447423,15.061026604456867,12.11497678649132,1.480791974027317,0.14910796306145144,0.0,0.003076934559786213,0.008203473862821803,0.0,0.0025495867692188214,72.1491692700835,1.0,-0.27499999999999997,1.6522985348390047,0.585662135469025,0.0,-0.026135947903709666,-0.2697196525669091,-0.14974956557293265,0.45310502207216646,0.26609345076494384,0.18482387242347473,Banks—Regional,Financial Services,OBNK
2021Q4,2021,Q4,2022-02-23,2021-12-31,28322000.0,68335000.0,40645000.0,1.2,68335000.0,1.0,7861285000.0,730211000.0,892568000.0,0.0,7131074000.0,0.0,363635000.0,1007935683.52,716733683.52,31.093904732640734,0.0,0.9071130228709429,9.765771811161432,0.005178337954065459,31.093904732640734,0.03878604951171648,14.74991854130387,8.897108992302805,1.3803348395463777,0.10843160793729256,0.0,0.0030468213897093003,0.008692599237910851,0.0,0.0036027188939212864,39.883494916112696,1.0,0.052631578947368474,3.6020363839865928,0.5663610187841983,0.6292537823291166,0.0944106342088405,0.049818370524130774,0.0,1.152457207430604,0.33826643604763,0.33021038720078333,Banks—Regional,Financial Services,OBNK
2021Q3,2021,Q3,2021-11-04,2021-09-30,26978000.0,62440000.0,0.0,1.14,62440000.0,1.0,7470478000.0,705667000.0,0.0,0.0,6764811000.0,0.0,338387000.0,992248006.75,1054701006.75,30.118475670094863,0.0,0.9055392439412846,9.586406902972648,0.0,30.118475670094863,0.0382304968207384,15.891223682735426,9.194973744810587,1.4061136580710165,0.11342575431833346,0.0,0.0030839064217651553,0.00835823356952527,0.0,0.0036112816341872635,28.632174484201414,1.0,-0.025641025641025664,12.671018641136143,0.5577552129335244,0.0,-0.0055107826585544546,-0.02722388490246277,0.0,1.1960509425320605,0.2974583764785972,0.3302313070570089,Banks—Regional,Financial Services,OBNK
2021Q2,2021,Q2,2021-08-04,2021-06-30,27733000.0,62786000.0,0.0,1.17,62786000.0,1.0,7268068000.0,688235000.0,6077606000.0,0.0,6579833000.0,0.0,314472000.0,994018024.78,963708024.78,29.398318110446368,0.0,0.9053070224439287,9.560445196771452,0.0,29.398318110446368,0.04029582918625179,15.83184188800051,8.960606721054338,1.4443003113471415,0.11008545775790575,0.0,0.003071372876438234,0.008638609325064103,0.0,0.003815732048737023,27.390962380270047,1.0,0.08333333333333319,5.825018658832442,0.6678705243774726,0.0,-0.07575222281104634,0.08701446321483165,0.0,1.0618159313747157,0.28038718083084024,0.25140172491546037,Banks—Regional,Financial Services,OBNK
2021Q1,2021,Q1,2021-05-05,2021-03-31,25513000.0,67932000.0,0.0,1.08,67932000.0,1.0,7563175000.0,656355000.0,6357847000.0,0.0,6906820000.0,0.0,289792000.0,992112227.9599999,1141636227.96,28.05732533630489,0.0,0.9132170021188192,10.522994416131514,0.0,28.05732533630489,0.0388707330636622,14.604490195489607,9.72163434288402,1.511548213939103,0.0917571434170815,0.0,0.002359612082207281,0.008981942107646591,0.0,0.0033733187451037427,14.121990917967915,1.0,0.4400000000000001,2.3146394656558584,0.6398699858778661,0.0,0.06087391073492207,0.4535665451230629,0.0,0.791690326516596,0.4850898360544816,0.4444334835419536,Banks—Regional,Financial Services,OBNK
2020Q4,2020,Q4,2021-03-02,2020-12-31,17552000.0,64034000.0,0.0,0.75,64034000.0,1.0,7628268000.0,647150000.0,6385423000.0,650000000.0,6981118000.0,0.0,266628000.0,649614834.68,1350296834.6799998,27.664632241430695,9.823727692307692,0.9151642286296181,10.787480491385304,0.0,27.664632241430695,0.02712199644595534,10.144842344379548,9.2527181329763,1.003808753272039,0.13394484958979033,0.0,0.003619067598969013,0.008394303923249682,2.3429676923076923,0.0023009154895973767,-58.12587998210451,1.0,0.33928571428571414,1.8631611519781168,0.4735075063240917,0.44956727383229056,-0.02646902318510072,0.34035891561664755,0.0,1.8631611519781168,0.4735075063240917,0.44956727383229056,Banks—Regional,Financial Services,OBNK
2020Q3,2020,Q3,2020-11-04,2020-09-30,13095000.0,65775000.0,0.0,0.56,65775000.0,1.0,7101338000.0,627637000.0,6091727000.0,20000000.0,6473701000.0,0.0,251427000.0,499279234.56,647279234.56,26.85135970418357,304.58635,0.911617078359036,10.314403070564673,0.0,26.85135970418357,0.020863970734676253,7.590714322462942,9.531867784650629,0.7954904420230164,0.1657884688812524,0.0,0.004348268162831242,0.00926233901273253,58.25535,0.0018440186905622573,21.8541203956929,1.0,1.6666666666666672,6.678440509561804,0.6448327354436802,0.0,0.04474411512436863,1.6417187815210812,0.0,6.678440509561804,0.6448327354436802,0.0,Banks—Regional,Financial Services,OBNK
2020Q2,2020,Q2,2020-08-10,2020-06-30,4957000.0,62958000.0,0.0,0.21,62958000.0,1.0,6643909000.0,614781000.0,5704952000.0,50000000.0,6029128000.0,0.0,240506000.0,513650368.0,757404368.0,26.33149481166146,114.09904,0.9074669746379729,9.806952394429887,0.0,26.33149481166146,0.00806303382830634,8.158619524127197,25.905304014524912,0.8355013704066977,0.4373613072422836,0.0,0.0042207698759012665,0.009476047910951219,20.50398,0.0007460969137295529,-20.934560156504727,1.0,6.0,0.22319376116443415,0.6769487425739877,0.0,0.18029283290526987,5.583001328021249,0.0,0.22319376116443415,0.6769487425739877,0.0,Banks—Regional,Financial Services,OBNK
2020Q1,2020,Q1,2020-05-06,2020-03-31,753000.0,53341000.0,0.0,0.03,53341000.0,1.0,6049638000.0,606631000.0,5227553000.0,400000000.0,5443007000.0,0.0,237720000.0,472910420.25,663671420.25,25.975908383465146,13.0688825,0.8997244132624134,8.972517065563745,0.0,25.975908383465146,0.0012412817676643627,8.86579592152378,157.00877166334664,0.7795685025163567,2.8738379814077026,0.0,0.004575919470871503,0.00881722179079145,3.22968,0.00012447025755921262,72.14499164759725,1.0,-0.9454545454545454,-0.9020039844048423,0.28983703761783264,0.0,0.00940504125350087,-0.941295704373587,0.0,-0.9020039844048423,0.28983703761783264,0.0,Banks—Regional,Financial Services,OBNK
2019Q4,2019,Q4,2020-02-28,2019-12-31,12827000.0,52844000.0,0.0,0.55,52844000.0,1.0,5324626000.0,599262000.0,4610921000.0,0.0,4725364000.0,0.0,239901000.0,882553369.2800001,1017896369.2800001,25.69371424925778,0.0,0.8874546306163099,7.885305592545498,0.0,25.69371424925778,0.02140466106644506,16.701108343047462,17.201086950962814,1.4727337446392397,0.16878459499493256,0.0,0.002453109438317865,0.009924452909932078,0.0,0.0024089954862557485,40.85327821506273,1.0,-0.11290322580645154,1.0986232597170602,0.21962862677516978,0.3462954068532501,-0.03892041321111596,-0.12246014914141069,0.0,1.0986232597170602,0.21962862677516978,0.3462954068532501,Banks—Regional,Financial Services,OBNK
2019Q3,2019,Q3,2019-11-06,2019-09-30,14617000.0,54984000.0,0.0,0.62,54984000.0,1.0,5396928000.0,588363000.0,4682129000.0,0.0,4808565000.0,0.0,229246000.0,789802756.26,910385756.26,25.134588937120657,0.0,0.8909818696858658,8.17278618811856,0.0,25.134588937120657,0.024843506474744332,14.36422879855958,13.508290967024697,1.342373256408034,0.1478415543545187,0.0,0.0027361261819762593,0.010188018072503469,0.0,0.002708392626323716,85.53202905133203,1.0,0.19230769230769226,7.329224682916985,0.3729853508126443,0.0,0.04805291348188247,0.190018725067166,0.0,7.329224682916985,0.3729853508126443,0.0,Banks—Regional,Financial Services,OBNK
2019Q2,2019,Q2,2019-08-07,2019-06-30,12283000.0,52463000.0,0.0,0.52,52463000.0,1.0,5119625000.0,584293000.0,4346780000.0,0.0,4535332000.0,0.0,216801000.0,787268635.2,1198711635.2,24.77388208796763,0.0,0.8858719144468589,7.762085118254027,0.0,24.77388208796763,0.021021987256393624,15.006168827554658,16.023541382398438,1.3473867309723033,0.06260685500284947,0.0,0.0009767949155051008,0.010247430231706423,0.0,0.0023991991600947333,125.12216071201526,1.0,-0.13333333333333328,2.0004686668007334,0.3833443221495055,0.0,0.0036539638812366085,-0.13225008830801838,0.0,2.0004686668007334,0.3833443221495055,0.0,Banks—Regional,Financial Services,OBNK
2019Q1,2019,Q1,2019-05-09,2019-03-31,14155000.0,52272000.0,0.0,0.6,52272000.0,1.0,4872201000.0,568122000.0,4100930000.0,0.0,4304079000.0,0.0,205289000.0,808082913.16,1041546913.16,24.104039885995405,0.0,0.8833952047544836,7.575976638820535,0.0,24.104039885995405,0.02491542309574352,15.459192553565963,14.272040147651007,1.4223756748726504,0.05425644648534087,0.0,0.0009503975241807104,0.010728621417712447,0.0,0.0029052578085345822,60.88629544605183,1.0,0.09090909090909079,0.8252627955663908,0.2524052900763409,0.0,0.0221353148220571,0.074138716041888,0.0,0.8252627955663908,0.2524052900763409,0.0,Banks—Regional,Financial Services,OBNK
2018Q4,2018,Q4,2019-02-28,2018-12-31,13178000.0,51140000.0,0.0,0.55,51140000.0,1.0,4821576000.0,549779000.0,4040264000.0,0.0,4271797000.0,0.0,191585000.0,801554034.24,1139744034.24,23.375178116051945,0.0,0.8859752495864422,7.770025773992822,0.0,23.375178116051945,0.02396963143372155,15.673719871724678,15.20629143724389,1.457956804897968,0.05827894976475945,0.0,0.0009581387744223451,0.01060649049190555,0.0,0.0027331312417350675,64.38185013975904,1.0,0.057692307692307744,1.1380385022752948,0.17044033728456312,0.22480909636980256,0.05978655061651642,0.06981652865724955,0.0,1.1380385022752948,0.17044033728456312,0.22480909636980256,Banks—Regional,Financial Services,OBNK
2018Q3,2018,Q3,2018-11-07,2018-09-30,12318000.0,48255000.0,0.0,0.52,48255000.0,1.0,4667564000.0,531919000.0,3877291000.0,0.0,4135645000.0,0.0,179178000.0,884278966.6,1132010966.6,22.641532724657257,0.0,0.8860392701631943,7.774952577366102,0.0,22.641532724657257,0.02315766122285536,18.325126237695574,17.946885992044166,1.6624316232358685,0.06218541971099204,0.0,0.0008662424743010957,0.010338369222146713,0.0,0.0026390639742700905,27.5159151943243,1.0,-0.018867924528301903,6.314548226135131,0.20062056800727052,0.0,0.04206707409246982,-0.030231459612659425,0.0,6.314548226135131,0.20062056800727052,0.0,Banks—Regional,Financial Services,OBNK
2018Q2,2018,Q2,2018-08-09,2018-06-30,12702000.0,46307000.0,0.0,0.53,46307000.0,1.0,4371792000.0,519356000.0,3681215000.0,0.0,3852436000.0,0.0,167628000.0,905080599.66,884229599.66,23.492310682592674,0.0,0.881202948356189,7.417717326843245,0.0,23.492310682592674,0.024457212393810795,19.545222097307104,17.8137419237128,1.7426978790271026,0.20925838450637696,0.0,0.0029367550260148067,0.010592223966739497,0.0,0.002905444723811197,476.3582103473684,1.0,-0.005578143733359857,2.3101978479145133,0.3026298211570623,0.0,0.07520664994891799,-0.05258447079883643,0.0,2.3101978479145133,0.3026298211570623,0.0,Banks—Regional,Financial Services,OBNK
2018Q1,2018,Q1,2018-06-01,2018-03-31,13407000.0,43068000.0,0.0,0.532973,43068000.0,1.0,4214899000.0,427833000.0,3619298000.0,0.0,3787066000.0,0.0,156498000.0,748866626.0,643458626.0,19.424449554786275,0.0,0.8984950766317295,8.851738879422578,0.0,19.424449554786275,0.03133699364004179,17.388005619021083,13.964097598269559,1.7503713505035843,0.13045424032221972,0.0,0.002335529371020468,0.010218038439355249,0.0,0.0031808591380244225,28.961852728468113,1.0,1.033782215661296,0.8500068994066512,0.10422275209599263,0.0,0.052569836498277,1.3227650727650728,0.0,0.8500068994066512,0.10422275209599263,0.0,Banks—Regional,Financial Services,OBNK
2017Q4,2017,Q4,2017-12-31,2017-12-31,5772000.0,40917000.0,0.0,0.2620600160114493,40917000.0,1.0,4153995000.0,420351000.0,3568349000.0,0.0,3733644000.0,0.0,145122000.0,748866626.0,683080626.0,19.08475221594399,0.0,0.8988080149350204,8.882205585332258,0.0,19.08475221594399,0.013731381631065466,18.302090231444144,32.43531817394317,1.7815269286857889,0.3031878031878032,0.0,0.0023368647222903483,0.00985003592926809,0.0,0.0013895057649323122,147.24078372001574,1.0,3.6562356189599634,0.0,0.0,0.0,0.08587882487195138,3.656235618959963,0.0,0.0,0.0,0.0,Banks—Regional,Financial Services,OBNK
2017Q3,2017,Q3,2017-09-30,2017-09-30,-2173000.0,37681000.0,0.0,-0.09865842252128885,37681000.0,1.0,,,,,,,,748866626.0,,,0.0,0.0,0.0,0.0,,0.0,19.873852233220987,-86.1558474459273,0.0,-0.8044178554993097,0.0,0.002334194019750588,0.0,0.0,0.0,38.77927740665942,1.0,-1.8338482426133933,0.0,0.0,0.0,0.06392410424372476,-1.568401778707821,0.0,0.0,0.0,0.0,Banks—Regional,Financial Services,OBNK
2017Q2,2017,Q2,2017-06-30,2017-06-30,3823000.0,35417000.0,0.0,0.118317,35417000.0,1.0,,,,,,,,748866626.0,,,0.0,0.0,0.0,0.0,,0.0,21.144270435101788,48.971136934344756,0.0,0.4577556892492807,0.0,0.0023368647222903483,0.0,0.0,0.0,-170.7791621436716,1.0,-0.5556703044141174,0.0,0.0,0.0,-0.09194164551444761,-0.4724713674623982,0.0,0.0,0.0,0.0,Banks—Regional,Financial Services,OBNK
2017Q1,2017,Q1,2017-03-31,2017-03-31,7247000.0,39003000.0,0.0,0.266282,39003000.0,1.0,,,,,,,,748866626.0,,,0.0,0.0,0.0,0.0,,0.0,19.200231418096045,25.833676900786532,0.0,0.2412032565199393,0.0,0.002334194019750588,0.0,0.0,0.0,19.90925256553411,1.0,0.0,0.0,0.0,0.0,0.0,0.0,0.0,0.0,0.0,0.0,Banks—Regional,Financial Services,OBNK
