Quarters,Year,Quarter,FillingDate,Date,NetIncome,Revenue,OperatingIncome,EPSDiluted,GrossProfit,GrossProfitRatio,TotalAssets,CommonStockEquity,CurrentAssets,CurrentLiability,TotalLiability,Inventory,RetainedEarnings,MarketCap,EnterpriseValue,bookValuePerShare,currentRatio,debtToAssets,debtToEquity,roic,shareholdersEquityPerShare,roe,priceToSalesRatio,peRatio,pbRatio,payoutRatio,inventoryTurnover,dividendYield,assetTurnover,quickRatio,returnOnAssets,priceToFreeCashFlowsRatio,grossProfitMargin,epsdilutedGrowth,fiveYNetIncomeGrowthPerShare,fiveYRevenueGrowthPerShare,fiveYShareholdersEquityGrowthPerShare,grossProfitGrowth,netIncomeGrowth,operatingIncomeGrowth,threeYNetIncomeGrowthPerShare,threeYRevenueGrowthPerShare,threeYShareholdersEquityGrowthPerShare,Industry,Sector,Symbol
2023Q1,2023,Q1,2023-05-17,2023-03-31,4692946.0,0.0,-357288.0,0.82,0.0,0.0,241548682.0,228320346.0,1040703.0,578336.0,13228336.0,0.0,-12188208.0,805000.0000000001,4562647.0,9.926971565217391,1.7994781580257844,0.019043780168504502,0.02014713134676136,-0.0033207145016217565,9.926971565217391,0.02055421727505616,0.0,0.0428835106988233,0.0035257479856832387,0.0,0.0,0.0,0.0,1.4565114397167045,0.019428572166665766,-7.744405749138977,0.0,-0.9999999753806154,0.0,0.0,0.0,0.0,0.761241507531993,-0.6027920831165102,0.0,0.0,0.0,Shell Companies,Financial Services,DPCSW
2022Q4,2022,Q4,2023-04-17,2022-12-31,2664567.0,0.0,-222916.0,33307087.5,0.0,0.0,239137709.0,226152517.0,1154847.0,335192.0,12985192.0,0.0,-11830920.0,460000.0,4113701.0,9.832718130434783,3.4453298408076565,0.019235778494474078,0.02034025559839336,-0.001461212565788225,9.832718130434783,0.011782168225879176,0.0,0.04315898230369137,0.0020340255598393364,0.0,0.0,0.0,0.0,2.8231550872335855,0.011142395781670719,-2.452313171054175,0.0,256208364.3846154,11.765709783640736,0.0,20782.897629410556,0.0,-0.0889478424215154,0.11519500829569179,11.765709783640736,0.0,20782.897629410556,Shell Companies,Financial Services,DPCSW
2022Q3,2022,Q3,2022-11-14,2022-09-30,2924714.0,0.0,-251938.0,0.13,0.0,0.0,237405457.0,224390914.0,1382752.0,364543.0,13014543.0,0.0,-11608004.0,3910000.0000000005,7376123.0,9.756126695652174,3.7931108264319984,0.019376134222559172,0.020499938780943687,-0.003987625436948416,9.756126695652174,0.013034012598210638,0.0,0.3342207135466921,0.017424947963802135,0.0,0.0,0.0,0.0,3.110406728424356,0.012319489353608245,-67.47079429172923,0.0,8.62962962962963,487453.3333333334,0.0,16666.229740771003,0.0,8.38825598900905,0.2176980378640385,487453.3333333334,0.0,16666.229740771003,Shell Companies,Financial Services,DPCSW
2022Q2,2022,Q2,2022-08-15,2022-06-30,311529.0,0.0,-322047.0,0.0135,0.0,0.0,236478096.0,223583968.0,1455295.0,244128.0,12894128.0,0.0,-11356066.0,4370000.0,7778172.0,9.721042086956523,5.961196585397824,0.019452118728154846,0.0205739259444577,0.08360445883615357,9.721042086956523,0.001393342299032818,0.0,3.5068966292062695,0.01954522964723481,0.0,0.0,0.0,0.0,4.881979944946913,0.0013173693685355112,-47.2136390155362,0.0,4.75,28.016650767496316,0.0,16598.89368178781,0.0,4.742404766767176,-2.0406461846403685,28.016650767496316,0.0,16598.89368178781,Shell Companies,Financial Services,DPCSW
2022Q1,2022,Q1,2022-05-13,2022-03-31,-83243.0,0.0,-105914.0,-0.0036,0.0,0.0,236332297.0,223589227.0,1567944.0,93070.0,12743070.0,0.0,-11011348.0,6900000.0,10215614.0,9.721270739130436,16.846932416460728,0.019464119201617204,0.020573442029029422,-0.0003004800529696322,9.721270739130436,-0.0003723032684396731,0.0,-20.722463150054658,0.03086016304354413,0.0,0.0,0.0,0.0,13.800214892016761,-0.0003522286249348306,-44.25545015489408,0.0,0.6666666666666667,0.0,0.0,0.0,0.0,0.6636714409809903,0.5720732914486576,0.0,0.0,0.0,Shell Companies,Financial Services,DPCSW
2021Q4,2021,Q4,2022-04-11,2021-12-31,-247505.0,0.0,-247505.0,-0.0108,0.0,0.0,236487.93,-10882.188,1688.549,120.118,12770.118,0.0,-10882.763,13800000.0,13798559.701,-0.00047313860869565216,14.057418538437204,0.0,0.0,22.744047428697243,-0.00047313860869565216,22.744047428697243,0.0,-13.939112341164824,-1268.1273288055675,0.0,0.0,0.0,0.0,11.990700810869312,-1.04658618306651,-23100.52578805435,0.0,-41399.0,0.0,0.0,0.0,0.0,-41249.833333333336,-41249.833333333336,0.0,0.0,0.0,Shell Companies,Financial Services,DPCSW
2021Q3,2021,Q3,2021-12-23,2021-09-30,-6.0,0.0,-6.0,-2.608695652173913e-07,0.0,0.0,381529.0,13463.0,19552.0,368066.0,368066.0,0.0,-11537.0,13800000.0,13854473.0,0.0005853478260869565,0.053120907663299514,0.19402194852815907,5.498403030528114,-6.858083394294074e-05,0.0005853478260869565,-0.0004456658991309515,0.0,-575000.0,1025.0315680011884,0.0,0.0,0.0,0.0,0.053120907663299514,-1.572619643591968e-05,-2510.9170305676857,0.0,0.9994782608695651,0.0,0.0,0.0,0.0,0.9994796635157401,0.9994796635157401,0.0,0.0,0.0,Shell Companies,Financial Services,DPCSW
2021Q2,2021,Q2,2021-06-30,2021-06-30,-11531.0,0.0,-11531.0,-0.0005,0.0,0.0,387025.0,13469.0,25048.0,373556.0,373556.0,0.0,-11531.0,13800000.0,13774952.0,0.0005856086956521739,0.06705286489843558,0.0,0.0,-0.8561140396465959,0.0005856086956521739,-0.8561140396465959,0.0,-299.1934784493973,1024.574949884921,0.0,0.0,0.0,0.0,0.06705286489843558,-0.02979394095988631,287500.0,0.0,0.0,0.0,0.0,0.0,0.0,0.0,0.0,0.0,0.0,0.0,Shell Companies,Financial Services,DPCSW
2021Q1,2021,Q1,2021-04-30,2021-04-30,,,,,,,313000.0,18959.0,25000.0,294041.0,294041.0,0.0,-6041.0,0.0,-25000.0,0.0,0.08502215677405532,0.0,0.0,,0.0,,0.0,0.0,0.0,0.0,0.0,,,0.08502215677405532,,0.0,0.0,0.0,0.0,0.0,0.0,0.0,0.0,0.0,0.0,0.0,0.0,Shell Companies,Financial Services,DPCSW
