Quarters,Year,Quarter,FillingDate,Date,NetIncome,Revenue,OperatingIncome,EPSDiluted,GrossProfit,GrossProfitRatio,TotalAssets,CommonStockEquity,CurrentAssets,CurrentLiability,TotalLiability,Inventory,RetainedEarnings,MarketCap,EnterpriseValue,bookValuePerShare,currentRatio,debtToAssets,debtToEquity,roic,shareholdersEquityPerShare,roe,priceToSalesRatio,peRatio,pbRatio,payoutRatio,inventoryTurnover,dividendYield,assetTurnover,quickRatio,returnOnAssets,priceToFreeCashFlowsRatio,grossProfitMargin,epsdilutedGrowth,fiveYNetIncomeGrowthPerShare,fiveYRevenueGrowthPerShare,fiveYShareholdersEquityGrowthPerShare,grossProfitGrowth,netIncomeGrowth,operatingIncomeGrowth,threeYNetIncomeGrowthPerShare,threeYRevenueGrowthPerShare,threeYShareholdersEquityGrowthPerShare,Industry,Sector,Symbol
2023Q1,2023,Q1,2023-05-04,2023-03-31,202159000.0,584001000.0,611981000.0,1.32,508154000.0,0.8701252224,61840025000.0,4770130000.0,10370768000.0,253152000.0,57069895000.0,0.0,2370633000.0,4494983170.0,6564505170.0,32.71716541265715,40.966565541650866,0.08731244853151336,1.131919675145122,0.046813611785704756,32.71716541265715,0.04238018670350703,7.696875810144161,5.558722552545273,0.9423187984394554,0.2856959126232322,0.0,0.012848991378982183,0.009443738096807043,51.59943433194287,0.0032690640083020664,12.919551191218696,0.8701252223883178,-0.02222222222222224,0.5948808614650397,0.3925502902486745,0.3131817070072412,-0.6156373078863508,-0.017548719444039462,0.7529596434392303,4.300848908497811,0.23634192745597504,-0.048775372285253686,Banks—Regional,Financial Services,SNV
2022Q4,2022,Q4,2023-02-24,2022-12-31,205770000.0,603785000.0,349113000.0,1.35,1322069000.0,2.1896353835,59731378000.0,4475801000.0,517235000.0,603384000.0,55255577000.0,-393989000.0,2234770000.0,5462285850.0,8235853850.0,30.768497322416767,0.8572235922729141,0.07890293440074328,1.0529916321123303,0.030079838208493227,30.768497322416767,0.045973893834868884,9.046739899136282,6.636397251785975,1.220404090798496,0.28055596053846527,1.8231067364824907,0.01056883538967482,0.01010833870264972,19.906900083528896,0.003444923035259625,9.548766347167422,2.1896353834560314,0.015037593984962419,4.699184973492819,0.460191403929967,0.23925244198931137,1.6467953825640944,0.013425661432989894,-0.04275498620806897,0.37038148413201805,0.22667723948462812,-0.08505609527621132,Banks—Regional,Financial Services,SNV
2022Q3,2022,Q3,2022-11-02,2022-09-30,203044000.0,582217000.0,364706000.0,1.33,499498000.0,0.8579241073,58639522000.0,4229715000.0,10103671000.0,0.0,54409807000.0,0.0,2084541000.0,5453428860.0,8078399860.0,29.09300070158062,0.0,0.07562010822666665,1.048374890506807,0.032544289962283514,29.09300070158062,0.048004179950658615,9.36666030019735,6.714590014972124,1.2893135494944694,0.28420933393747166,0.0,0.010581782852852693,0.009928747372804301,0.0,0.0034625793846000314,13.997183997289591,0.8579241073345505,0.1465517241379312,0.7228075953236256,0.21646014498222513,0.1735910059134587,0.136444405008111,0.1403634893177274,0.28685852198949924,0.5664898752782639,0.24202510770906074,-0.09032499318990887,Banks—Regional,Financial Services,SNV
2022Q2,2022,Q2,2022-08-02,2022-06-30,178052000.0,522654000.0,283408000.0,1.16,439527000.0,0.8409521404,57382745000.0,4584438000.0,10473173000.0,0.0,52798307000.0,0.0,1940351000.0,5239074400.0,5407686400.0,31.545455796542992,0.0,0.03143983439621092,0.39352784354374515,0.0346564679071296,31.545455796542992,0.03883834834280669,10.023982213854673,7.356101588300047,1.142795343725883,0.32424235616561453,0.0,0.011019503750509824,0.009108208399580745,0.0,0.003102883976707632,248.7217242688948,0.8409521404217705,-0.008547008547008555,0.9699204650492937,0.3742669619487322,0.28586307052958027,-0.11667423660823743,0.04101451732666031,0.19306576410463658,0.23462593087484862,0.16211436169594476,0.0444046934845827,Banks—Regional,Financial Services,SNV
2022Q1,2022,Q1,2022-05-03,2022-03-31,171037000.0,497582000.0,237546000.0,1.17,497582000.0,1.0,56419549000.0,4824635000.0,11988962000.0,0.0,51594914000.0,0.0,1821542000.0,7118377000.0,6397775000.0,33.21081687581312,0.0,0.014272694735649164,0.16690568302058084,0.03376509877154435,33.21081687581312,0.03545076466924441,14.305937513816819,10.404732601717757,1.4754229076396455,0.32824476575243955,0.0,0.0078869101762944,0.008819318991720405,0.0,0.0030315201562493878,39.84091901270499,1.0,-0.14598540145985414,1.003837688571407,0.3436231017652062,0.37120484837819073,-0.023165325826197236,-0.14653047374776698,-0.19571628333745272,0.5764499937869721,0.15663801913416653,0.16241936601944007,Banks—Regional,Financial Services,SNV
2021Q4,2021,Q4,2022-02-25,2021-12-31,200402000.0,509382000.0,295351000.0,1.37,509382000.0,1.0,57317226000.0,5296800000.0,389071000.0,197000.0,52020426000.0,0.0,1709980000.0,6956276920.0,5223236920.0,36.45021883343885,1974.979695431472,0.021013333757638586,0.2273874792327443,0.03379650758025162,36.45021883343885,0.037834541610028694,13.656306897377606,8.677903563836688,1.3132980138951817,0.2813844173211844,0.0,0.008106347784671,0.008887066516443068,71563.95431472082,0.0034963659964981557,-125.8280319803198,1.0,0.1322314049586778,1.461199669539695,0.4212414339258414,0.5230437068386143,0.0,0.07297093262944858,0.0,0.5265285639105887,0.1141123674860666,0.3528424480790602,Banks—Regional,Financial Services,SNV
2021Q3,2021,Q3,2021-11-03,2021-09-30,186773000.0,499872000.0,0.0,1.21,0.0,0.0,55509129000.0,5252802000.0,0.0,0.0,50256327000.0,0.0,1567366000.0,6421458120.0,5015426120.0,35.902356672225714,0.0,0.021685820362989303,0.2291655006223345,0.0,35.902356672225714,0.035556832334437884,12.846204868446323,8.595270890332115,1.2224824236664547,0.30487275998136776,0.0,0.008867456415023695,0.009005221465463816,0.0,0.003364725827349948,16.084245577210645,0.0,0.016806722689075647,1.405112909688966,0.42771279421516795,0.5183278436089936,0.0,0.0030773361976369493,0.0,0.37234727363452297,0.10260610799642964,0.3845812908467708,Banks—Regional,Financial Services,SNV
2021Q2,2021,Q2,2021-08-04,2021-06-30,186200000.0,488947000.0,0.0,1.19,0.0,0.0,54938659000.0,5237714000.0,0.0,0.0,49700945000.0,0.0,1436983000.0,6499198440.0,4522369440.0,35.36295936210866,0.0,0.02190248218472169,0.22973629335240528,0.0,35.36295936210866,0.035549860110727693,13.29223502751832,8.72609887218045,1.2408463768735751,0.3081793770139635,0.0,0.008829242641189457,0.008899871400210186,0.0,0.003389234527912303,15.933156919275124,0.0,0.0,1.6013405747701892,0.42733181011609966,0.49878634903279595,0.0,-0.004773027317964863,0.0,0.3387411729761665,0.09901492034723126,0.32174013638804105,Banks—Regional,Financial Services,SNV
2021Q1,2021,Q1,2021-05-06,2021-03-31,187093000.0,484813000.0,0.0,1.19,0.0,0.0,55159011000.0,5161717000.0,0.0,0.0,49997294000.0,0.0,1307725000.0,6792365250.0,4755476250.0,34.7667629843669,0.0,0.021806500482758836,0.23302807960994373,0.0,34.7667629843669,0.03624627231597548,14.01027870539775,9.076188379575932,1.3159119823888057,0.3053294350937769,0.0,0.008410177883175525,0.008789370788392127,0.0,0.0033918846006865495,419.2041751527495,0.0,0.23958333333333331,2.0520470490513136,0.4766994978579426,0.49775467523165773,0.0,0.24389497968871543,0.0,0.4494969872427586,0.1352621701582238,0.3954472090441155,Banks—Regional,Financial Services,SNV
2020Q4,2020,Q4,2021-03-01,2020-12-31,150409000.0,500693000.0,0.0,0.96,0.0,0.0,54394159000.0,5161334000.0,0.0,0.0,49232825000.0,0.0,1178019000.0,4782473280.0,1845688280.0,34.93430528481698,0.0,0.02210437705269053,0.23295314738399026,0.0,34.93430528481698,0.029141497140080453,9.551707892860495,7.949114215239779,0.9265963566783316,0.37833507303419345,0.0,0.011898655082501581,0.009204903783878707,0.0,0.002765168223301329,21.930305398118087,0.0,0.7142857142857141,1.2724291913804746,0.5866549112650767,0.5178429779577841,0.0,0.6424858584314325,0.0,3.10165519328053,0.19221235227546296,0.40703729141391376,Banks—Regional,Financial Services,SNV
2020Q3,2020,Q3,2020-11-06,2020-09-30,91574000.0,491401000.0,0.0,0.56,0.0,0.0,53040538000.0,5064542000.0,0.0,400000000.0,47975996000.0,0.0,1084736000.0,3118720429.9100003,3281837429.9100003,34.378315257675744,0.0,0.038242164889051466,0.4005070942249072,0.0,34.378315257675744,0.01808139808101108,6.346589506146712,8.514208263016796,0.6157951557929621,0.62138816694695,0.0,0.01824562389570844,0.009264630762229447,23.5794825,0.0017264907833325523,4.640745844545631,0.0,-0.01754385964912263,0.4112587728224418,0.5982283932419653,0.4985497771476081,0.0,-0.017362005322345265,0.0,-0.2331934695827899,0.013248662708988994,0.3867968450113735,Banks—Regional,Financial Services,SNV
2020Q2,2020,Q2,2020-08-06,2020-06-30,93192000.0,550050000.0,0.0,0.57,0.0,0.0,54121989000.0,5052968000.0,0.0,300000000.0,49069021000.0,0.0,1050527000.0,3023822640.0,4198566640.0,34.30671880940742,0.0,0.04855551409982364,0.5200747362738097,0.0,34.30671880940742,0.018443022002118357,5.497359585492228,8.111808524336855,0.5984250523652633,0.6655399605116319,0.0,0.02051145433582705,0.010163151986154832,33.13262,0.0017218879372670505,-3.3011308346324655,0.0,1.8499999999999996,0.5077102209846773,0.8245244666143301,0.5172112918767344,0.0,1.419251836660523,0.0,0.017331284173063836,0.42705571233559453,0.3984183038145822,Banks—Regional,Financial Services,SNV
2020Q1,2020,Q1,2020-05-11,2020-03-31,38521000.0,477117000.0,0.0,0.2,0.0,0.0,50619585000.0,5065205000.0,0.0,1175000000.0,45554380000.0,0.0,1014238000.0,2586002584.72,5219398584.719999,34.394783797028005,0.0,0.0854874452250053,0.8543265277515915,0.0,34.394783797028005,0.007605022896407944,5.4200596179134255,16.783070174190698,0.5105425317869662,1.2278757041613666,0.0,0.018290391618120256,0.009425541517181541,7.345687659574468,0.0007609900397247429,201.71627025897035,0.0,-0.7938144329896908,-0.34594359893476634,0.6266835668343107,0.531359389066773,0.0,-0.7460444081116004,0.0,-0.5548047877411708,0.27091982437640066,0.4200883548803023,Banks—Regional,Financial Services,SNV
2019Q4,2019,Q4,2020-03-02,2019-12-31,151684000.0,497223000.0,0.0,0.97,0.0,0.0,48203282000.0,4941690000.0,0.0,1752000000.0,43261592000.0,0.0,1068327000.0,5760361600.0,8556387600.0,33.62883468982225,0.0,0.0810296900530549,0.7903970099298013,0.0,33.62883468982225,0.030694762318154316,11.585066660230922,9.494016508003481,1.1656663206312012,0.3478811212784473,0.0,0.009160536033015705,0.010315127505218421,4.636678082191781,0.0031467566876462894,24.415967718691455,0.0,0.16867469879518074,1.6601855137268637,0.7035501934255965,0.5152199069405322,0.0,0.11757511456905825,0.0,0.8421895936675822,0.3719087647829997,0.40515439088840555,Banks—Regional,Financial Services,SNV
2019Q3,2019,Q3,2019-11-05,2019-09-30,135726000.0,490857000.0,0.0,0.83,0.0,0.0,47661182000.0,4868838000.0,39735530000.0,2233593000.0,42792344000.0,0.0,969077000.0,5444030880.0,8718728880.0,31.981752256335476,17.78995994346329,0.09204960548397646,0.9010759856869339,0.0,31.981752256335476,0.027876466623042294,11.090869397808323,10.027612395561645,1.1181376090147175,0.37128479436511796,0.0,0.009256560278732291,0.010298884320577698,3.583758097379424,0.0028477262691470806,54.523730107063805,0.0,-0.13541666666666669,1.6494432931568075,0.6700356004217335,0.44540020671813785,0.0,-0.130986528709727,0.0,0.679691129732996,0.3473549840518678,0.35252360677939243,Banks—Regional,Financial Services,SNV
2019Q2,2019,Q2,2019-08-02,2019-06-30,156184000.0,487069000.0,0.0,0.96,0.0,0.0,47318203000.0,4753816000.0,39266684000.0,1330000000.0,42564387000.0,0.0,886460000.0,5519632230.0,8054329230.0,30.204245531771598,29.52382255639098,0.0768429857744175,0.7648743661933908,0.0,30.204245531771598,0.03285444787934577,11.332341475232463,8.835143532628182,1.161095050797086,0.32261307176151205,0.0,0.009128687908976862,0.010293480502630245,6.096531578947369,0.003300717062311094,60.80899228820095,0.0,0.3333333333333333,1.942627977755243,0.6042377173677825,0.375056718903964,0.0,0.2995190787612534,0.0,1.0533968060088146,0.33805033429587017,0.2801448663360594,Banks—Regional,Financial Services,SNV
2019Q1,2019,Q1,2019-05-03,2019-03-31,120186000.0,476553000.0,0.0,0.72,0.0,0.0,46630025000.0,4597753000.0,38782186000.0,853000000.0,42032272000.0,0.0,780662000.0,5643709890.0,7370448890.0,28.57042634237884,45.46563423212192,0.06345776138871896,0.6435832894894528,0.0,28.57042634237884,0.026140160204343295,11.84277486449566,11.739532661874094,1.2274930580220382,0.2672191436606593,0.0,0.005690583078500514,0.010219874426402303,9.426130128956624,0.002577438034828418,42.33872639704724,0.0,-0.17241379310344832,1.1430732670025605,0.5688305403195785,0.3237750959708406,0.0,0.14387688090683265,0.0,0.8087918166195004,0.33915268428736156,0.23081604252029708,Banks—Regional,Financial Services,SNV
2018Q4,2018,Q4,2019-02-28,2018-12-31,105069000.0,365925000.0,0.0,0.87,0.0,0.0,32669192000.0,3133602000.0,28078169000.0,650000000.0,29535590000.0,0.0,843767000.0,3720532970.0,4897946970.0,26.94343224164467,43.197183076923075,0.07062179560486222,0.7362635714427039,0.0,26.94343224164467,0.0335297845737908,10.167474127211861,8.852594414146894,1.1873023345019564,0.3079309786901941,0.0,0.008696065929500419,0.011200919814606984,8.16034,0.0032161493311496656,24.675241875580316,0.0,0.03571428571428575,2.2525587236846936,0.6561586308858464,0.26903262069174244,0.0,-0.03658570131763541,0.0,1.0165549930440776,0.4730652266733444,0.17065157290635308,Banks—Regional,Financial Services,SNV
2018Q3,2018,Q3,2018-11-06,2018-09-30,109059000.0,363287000.0,0.0,0.84,0.0,0.0,32075120000.0,3040073000.0,27693053000.0,478540000.0,29035047000.0,0.0,770807000.0,5305155250.0,6454101250.0,25.930118303323923,57.86988130563798,0.06657649293284015,0.7024334613017517,0.0,25.930118303323923,0.035873809609177146,14.603206968595078,12.161204600262243,1.745074953792228,0.3229352919062159,0.0,0.00663863701255491,0.011326130658279688,10.176948635432774,0.0034001119871102585,41.584599255339995,0.0,-0.07692307692307698,1.7822579579505895,0.585280052703174,0.20874820836827948,0.0,-0.01908599490920211,0.0,1.111893697610214,0.4846659085881509,0.13029311394720944,Banks—Regional,Financial Services,SNV
2018Q2,2018,Q2,2018-08-08,2018-06-30,111181000.0,355636000.0,0.0,0.91,0.0,0.0,31740305000.0,3167694000.0,27313937000.0,0.0,28572611000.0,0.0,700688000.0,6254913510.0,6860644510.0,26.754850207353225,0.0,0.05219379586932136,0.5229820178337933,0.0,26.754850207353225,0.035098402812897965,17.587964969800584,14.064708695730385,1.9745952449952553,0.2899326323742366,0.0,0.005153548478082793,0.011204555217727114,0.0,0.0035028333848713803,44.57797162079336,0.0,0.08333333333333341,1.5073968654385257,0.37044311701256205,-0.08834317026656627,0.0,0.07769032433165965,0.0,1.237672318921119,0.46750606997654776,0.18323063982253393,Banks—Regional,Financial Services,SNV
2018Q1,2018,Q1,2018-05-07,2018-03-31,103166000.0,341330000.0,0.0,0.84,0.0,0.0,31501028000.0,2956495000.0,27017643000.0,0.0,28544533000.0,0.0,621925000.0,5926180040.0,6780747040.0,24.91442367653751,0.0,0.058931156151475435,0.6279029729460053,0.0,24.91442367653751,0.034894697944694644,17.362025136964228,14.36078756567086,2.0044613774080453,0.19768140666498651,0.0,0.003441339929321486,0.010835519399557373,0.0,0.0032750042316079335,89.4868935733269,0.0,2.652173913043478,2.305218716008388,0.22347966486614707,-0.21711562340063484,0.0,2.484631493616159,0.0,1.1738640443009976,0.4442114661595119,0.1092651968799396,Banks—Regional,Financial Services,SNV
2017Q4,2017,Q4,2018-02-28,2017-12-31,29606000.0,339065000.0,0.0,0.23,0.0,0.0,31221837000.0,2961566000.0,26659727000.0,0.0,28260271000.0,0.0,544207000.0,5718379080.0,6539430080.0,24.828272497107694,0.0,0.05464566354631856,0.5760931885360651,0.0,24.828272497107694,0.009996738212148573,16.865141138129857,48.287332635276634,1.9308632932711949,0.6940822806187935,0.0,0.0035935008352052105,0.010859867085975755,0.0,0.000948246574985322,40.887620695572586,0.0,-0.7051282051282052,-0.9614801065688664,0.12859799777363626,-0.21839068513715348,0.0,-0.6979195363596478,0.0,-0.36035257860154307,0.43111803217754086,0.11869153628292266,Banks—Regional,Financial Services,SNV
2017Q3,2017,Q3,2017-11-07,2017-09-30,98007000.0,398007000.0,0.0,0.78,0.0,0.0,31642123000.0,2997078000.0,27312243000.0,0.0,28645045000.0,0.0,534996000.0,5568654000.0,5761174000.0,24.789727047146403,0.0,0.05949686119354254,0.628147482314441,0.0,24.789727047146403,0.03270085062851217,13.99134688585879,14.20473537604457,1.8580277189983043,0.21315824379891232,0.0,0.0037515349310623352,0.012578391152831306,0.0,0.0030973585432304907,25.26050923342814,0.0,0.3000000000000001,1.9647024859550122,0.2910666113005357,-0.031342195780300244,0.0,0.2895148875702275,0.0,1.4090479430899019,0.7051328438894954,0.12036002002778352,Banks—Regional,Financial Services,SNV
2017Q2,2017,Q2,2017-08-04,2017-06-30,76003000.0,319798000.0,0.0,0.6,0.0,0.0,30687966000.0,2997947000.0,26372564000.0,0.0,27690019000.0,0.0,457523000.0,5406260720.0,6662132720.0,24.532515568357567,0.0,0.06866681877840976,0.7028960151730501,0.0,24.532515568357567,0.025351682334610985,16.90523618033884,17.78305040590503,1.8033209793235172,0.03370919568964383,0.0,0.00047389501407545874,0.010420957843866225,0.0,0.002476638562490587,54.53928051167201,0.0,0.07142857142857129,0.7714220950648095,0.04072174824023153,-0.033897257888446435,0.0,0.05769792782888236,0.0,0.8442596392659588,0.35658335865384,0.11684962726190513,Banks—Regional,Financial Services,SNV
2017Q1,2017,Q1,2017-05-05,2017-03-31,71857000.0,311766000.0,0.0,0.56,0.0,0.0,30679589000.0,2962127000.0,26412997000.0,0.0,27717462000.0,0.0,402428000.0,5016746000.0,6150401000.0,24.22017170891251,0.0,0.07043337510160257,0.7294984313636789,0.0,24.22017170891251,0.024258581755610072,16.09138263954376,17.453922373603127,1.6936296114244935,0.2909389481887638,0.0,0.004167243069511592,0.01016200054048964,0.0,0.002342176096296466,38.26977091899396,0.0,0.03703703703703707,0.8332564995112728,-0.06137095213921073,-0.03604815610311128,0.0,0.04822686758763548,0.0,0.6859887693098559,0.35050450243710635,0.12221146944656806,Banks—Regional,Financial Services,SNV
2016Q4,2016,Q4,2017-02-27,2016-12-31,68551000.0,301741000.0,0.0,0.54,0.0,0.0,30104002000.0,2927924000.0,25860614000.0,0.0,27176078000.0,0.0,351767000.0,5025768280.0,6245664280.0,23.932483795293482,0.0,0.07178052273581433,0.7380249623965649,0.0,23.932483795293482,0.023412834486141034,16.655901186779392,18.328573908476898,1.716495469144691,0.2516082916368835,0.0,0.0034319131004583443,0.01002328527615697,0.0,0.0022771390993131077,38.77937545814397,0.0,0.058823529411764754,1.3003177394886922,-0.07916835658611841,-0.04941449465463407,0.0,0.050670549467392134,0.0,1.017359200454408,0.2982641577595538,0.1272172883550209,Banks—Regional,Financial Services,SNV
2016Q3,2016,Q3,2016-11-04,2016-09-30,65245000.0,294162000.0,0.0,0.51,0.0,0.0,29727096000.0,2906659000.0,25674112000.0,0.0,26820437000.0,0.0,300702000.0,3998717720.0,4788209720.0,23.645984510754612,0.0,0.07269411717848255,0.7434601031631162,0.0,23.645984510754612,0.022446733517760425,13.593590334577545,15.321931642271439,1.3757092662056334,0.264863207908652,0.0,0.0043216353866559,0.009895416625963062,0.0,0.002194798980700974,33.33820549589809,0.0,0.10869565217391301,0.9711271395656864,-0.25996992821833564,-0.06247740654786733,0.0,0.07919678449145674,0.0,0.5875446461410524,0.224293482609215,0.1022719247993118,Banks—Regional,Financial Services,SNV
2016Q2,2016,Q2,2016-08-03,2016-06-30,60457000.0,289335000.0,0.0,0.46,0.0,0.0,29459691000.0,2951659000.0,25428933000.0,0.0,26508032000.0,0.0,252739000.0,3626649000.0,4456260000.0,23.59439648281375,0.0,0.07250218612272613,0.7236242397919271,0.0,23.59439648281375,0.02048237957026879,12.534428949141999,14.996811783581718,1.2286815651808016,0.28956117571166284,0.0,0.004827045572924207,0.009821386110261645,0.0,0.0020521939622516745,35.82300124459195,0.0,0.1794871794871795,2.390109712929554,-0.13256752068020722,-0.07157783085275772,0.0,0.15088233614437188,0.0,0.2903944425079679,0.055211845213106056,-0.19603389552583186,Banks—Regional,Financial Services,SNV
2016Q1,2016,Q1,2016-05-05,2016-03-31,52531000.0,281340000.0,0.0,0.39,0.0,0.0,29171257000.0,2953268000.0,25120659000.0,0.0,26217989000.0,0.0,209876000.0,3678132570.0,4756724570.0,23.212588522876434,0.0,0.08093120567276206,0.7994076392660605,0.0,23.212588522876434,0.017787413807348332,13.07362113457027,17.504580961717842,1.245444900361227,0.33557328053911023,0.0,0.004792649439495325,0.009644424989982433,0.0,0.0018007794453286671,44.49228332264815,0.0,-0.09302325581395345,1.5849013254226496,-0.17715230632765328,-0.09667498762097423,0.0,-0.10046576937566355,0.0,0.5697348350254702,-0.05940905275907636,-0.2705922829712727,Banks—Regional,Financial Services,SNV
2015Q4,2015,Q4,2016-02-29,2015-12-31,58398000.0,278422000.0,0.0,0.43,0.0,0.0,28792653000.0,3000196000.0,24702134000.0,0.0,25792457000.0,0.0,174973000.0,4220862520.0000005,5193389520.0,23.015757092225787,0.0,0.07595316068998574,0.7289167107748961,0.0,23.015757092225787,0.019464728304417443,15.159946124947025,18.069379602041167,1.4068622583324557,0.3112777834857358,0.0,0.004306702697343481,0.009669897386670134,0.0,0.0020282257421711017,33.105583033326276,0.0,0.023809523809523832,1.303532661583442,-0.25209022199817877,-0.13878593491645955,0.0,0.008113520232012153,0.0,-0.930472939911302,-0.15197156978119236,-0.2754497867703072,Banks—Regional,Financial Services,SNV
2015Q3,2015,Q3,2015-11-05,2015-09-30,57928000.0,274486000.0,0.0,0.42,0.0,0.0,28167827000.0,3017116000.0,24201142000.0,0.0,25150711000.0,0.0,134797000.0,3892873600.0,4743385600.0,22.94105660147815,0.0,0.07237757459955999,0.6757178046850039,0.0,22.94105660147815,0.01919979211936167,14.182412217745167,16.80048335865212,1.2902631519636634,0.26983496754591907,0.0,0.0040152857775808595,0.009744663654743406,0.0,0.002056530665287031,20.74583844046769,0.0,0.049999999999999906,1.272202455800575,-0.2770311423912476,-0.20014148720489164,0.0,0.03828505878979065,0.0,0.6108691550790902,-0.18148649911362072,-0.103578935266022,Banks—Regional,Financial Services,SNV
2015Q2,2015,Q2,2015-08-05,2015-06-30,55792000.0,272122000.0,0.0,0.4,0.0,0.0,28205870000.0,3006157000.0,24369214000.0,0.0,25199713000.0,0.0,92500000.0,4097426540.0,4567914540.0,22.61169488593199,0.0,0.07584304260070687,0.7116125338763079,0.0,22.61169488593199,0.018559243579094505,15.05731451334328,18.36027808646401,1.3630114927463868,0.28301548609119587,0.0,0.00385363833758933,0.009647708083459224,0.0,0.0019780279778641822,58.15912309089877,0.0,0.05263157894736847,1.1777955475843576,-0.3868747104728639,-0.3615311704372006,0.0,0.03389359375868651,0.0,0.19527153805979047,-0.18599725958509428,-0.10954013777270345,Banks—Regional,Financial Services,SNV
2015Q1,2015,Q1,2015-05-06,2015-03-31,53963000.0,268742000.0,0.0,0.38,0.0,0.0,27633784000.0,3030635000.0,24007467000.0,0.0,24603149000.0,0.0,52497000.0,3779473330.0,4269147330.0,22.460295109424678,0.0,0.07924245915796403,0.7225446152374008,0.0,22.460295109424678,0.017805839370296984,14.063575213401702,17.509559003391214,1.2470895802364852,0.2963697348183014,0.0,0.0042315419646048935,0.009725124868892368,0.0,0.001952790830238812,112.59826401716022,0.0,0.027027027027027053,1.1298177847538446,-0.5614735664175725,-0.3996513616007605,0.0,0.01487625065824118,0.0,0.24783889446775442,-0.26665376783551775,-0.10609044620310382,Banks—Regional,Financial Services,SNV
2014Q4,2014,Q4,2015-03-02,2014-12-31,53172000.0,272177000.0,0.0,0.37,0.0,0.0,27051231000.0,3041270000.0,23487933000.0,0.0,24009961000.0,0.0,14894000.0,3712169790.0,4633827790.0,22.194029088308486,0.0,0.07912094647374827,0.7037582983424687,0.0,22.194029088308486,0.017483485517563388,13.638807797866829,17.453593009478674,1.2205985624426636,0.30412623185135035,0.0,0.00435621238111525,0.010061538419453075,0.0,0.001965603709494773,43.88374401532078,0.0,0.15624999999999997,1.1010590515141219,-0.6334179656501714,-0.4555201264294505,0.0,0.13644524236983843,0.0,0.5929796549708245,-0.2584327674262842,-0.11846498938365796,Banks—Regional,Financial Services,SNV
2014Q3,2014,Q3,2014-11-05,2014-09-30,46788000.0,268445000.0,0.0,0.32,0.0,0.0,26519110000.0,3076545000.0,22973613000.0,0.0,23442565000.0,0.0,-24629000.0,3286976520.0,4267450520.0,22.126572355314543,0.0,0.08035465745268223,0.6926386579750987,0.0,22.126572355314543,0.015207968679151451,12.244506397958613,17.563138625288538,1.0683986484839325,0.26273830896811146,0.0,0.0037399111083397697,0.010122700196198138,0.0,0.0017643126032510141,24.640558033538984,0.0,0.0,1.0376902998164381,-0.7301847266574711,-0.6527068180587244,0.0,-0.0017921146953405018,0.0,0.24965300463537848,-0.4029569158217382,-0.12271948375311069,Banks—Regional,Financial Services,SNV
2014Q2,2014,Q2,2014-08-06,2014-06-30,46872000.0,268123000.0,0.0,0.32,0.0,0.0,26627290000.0,3053051000.0,23039068000.0,0.0,23574239000.0,0.0,-61683000.0,3388600580.0,4351648580.0,21.96581793065738,0.0,0.08474080539176161,0.7390698681417376,0.0,21.96581793065738,0.01535251130754121,12.638231632497025,18.07369314302782,1.1099063133894587,0.26224611708482676,0.0,0.0036274561459232234,0.010069481347895336,0.0,0.0017602993019567518,66.49269220203288,0.0,-0.08571428571428563,1.0270743791848547,-0.7449171122160309,-0.6570788995460987,0.0,-0.03189028420356907,0.0,1.9700332036905543,-0.27649854733663953,-0.1356612005257665,Banks—Regional,Financial Services,SNV
2014Q1,2014,Q1,2014-05-08,2014-03-31,48416000.0,262245000.0,0.0,0.35,0.0,0.0,26435426000.0,2998496000.0,22791527000.0,0.0,23436930000.0,0.0,-98824000.0,3296846274.75,4049326274.75,21.582538022764084,0.0,0.07970289565222062,0.7026789430434458,0.0,21.582538022764084,0.016146761576470336,12.571626817479837,17.023537026757683,1.0994999742370841,0.25377974223397226,0.0,0.003726895031201212,0.00992021085644695,0.0,0.0018314817396927895,44.26663634074949,0.0,0.2499999999999998,1.1201270506724992,-0.7321339974075654,-0.7205045489076287,0.0,0.25498328105964385,0.0,1.4936670842029236,-0.2976177672341071,-0.16010890352144713,Banks—Regional,Financial Services,SNV
2013Q4,2013,Q4,2014-02-28,2013-12-31,38579000.0,263871000.0,0.0,0.28,0.0,0.0,26201604000.0,2948985000.0,22470055000.0,0.0,23252619000.0,0.0,-137512000.0,3500200897.2,4394858897.2,21.231473330416012,0.0,0.07759605098985543,0.6894375522425512,0.0,21.231473330416012,0.013082128257688662,13.264818404447627,22.68203489722388,1.1869171586834115,0.3228181134814277,0.0,0.003558081483255041,0.010070795665792064,0.0,0.0014723907742442027,29.924687281027982,0.0,0.0,1.020593819731062,-0.7216898064869155,-0.7358813156111983,0.0,-0.15570972118877752,0.0,1.1881873184366785,-0.33477393643495645,-0.20555107610270337,Banks—Regional,Financial Services,SNV
2013Q3,2013,Q3,2013-11-06,2013-09-30,45694000.0,267140000.0,0.0,0.28,0.0,0.0,26218360000.0,2931860000.0,22545351000.0,0.0,23286500000.0,0.0,-166367000.0,3157087025.4,3546955025.4,21.452042802468895,0.0,0.07189835672406665,0.6429560074491961,0.0,21.452042802468895,0.015585328085242815,11.818099219136034,17.27298455705344,1.0768205253320418,0.4216308486891058,0.0,0.006102460858695846,0.010189043098042746,0.0,0.0017428244939805542,17.836347550041527,0.0,0.33333333333333354,1.3921823727635523,-0.7491778489076328,-0.7011531975500471,0.0,0.0034918194795212475,0.0,1.2066173085196963,-0.32291634274186387,-0.25205715889763297,Banks—Regional,Financial Services,SNV
2013Q2,2013,Q2,2013-08-07,2013-06-30,45535000.0,266491000.0,0.0,0.21,0.0,0.0,26563174000.0,3568204000.0,22955864000.0,0.0,22994970000.0,0.0,-201976000.0,2527743667.68,2503629667.68,29.34750153210203,0.0,0.07098884342661761,0.5284700650523344,0.0,29.34750153210203,0.012761321942355314,9.485287186734261,13.878026066102997,0.7084078342157567,0.4656637751180411,0.0,0.008388508799810917,0.010032347790968052,0.0,0.0017142153268280365,23.717311900016888,0.0,0.4999999999999998,0.45560336615107233,-0.7295611171270826,-0.5974858223599467,0.0,0.539697031176033,0.0,1.1586698064198777,-0.34344952164187287,-0.17133744072182405,Banks—Regional,Financial Services,SNV
2013Q1,2013,Q1,2013-05-09,2013-03-31,29574000.0,264333000.0,0.0,0.14,0.0,0.0,26212879000.0,3578106000.0,22648340000.0,0.0,22634773000.0,0.0,-238407000.0,2125013958.8999999,2011536958.8999999,31.82388666990511,0.0,0.06306937898732909,0.46204053205802176,0.0,31.82388666990511,0.008265266596350136,8.039155001078186,17.963531809190503,0.5938935176599016,0.675390545749645,0.0,0.009399467667656834,0.01008408881756178,0.0,0.001128224030637764,12.325423608396312,0.0,-0.9743589978397457,-0.8473787326348181,-0.7360722249447147,-0.5764178278519726,0.0,-0.959154133962397,0.0,1.085382009130095,-0.4823576379889671,-0.14936883341161808,Banks—Regional,Financial Services,SNV
2012Q4,2012,Q4,2013-03-01,2012-12-31,724039000.0,283016000.0,0.0,5.460005,0.0,0.0,26760012000.0,3569431000.0,23226796000.0,0.0,23190581000.0,0.0,-259968000.0,1927109262.05,1517102262.05,31.76557907509643,0.0,0.06451622667433782,0.48367793074022164,0.0,31.76557907509643,0.2028443749157779,6.809188392352375,0.6654024375931407,0.5398925660840621,0.027573100344042242,0.0,0.01035955791046477,0.010576078964389104,0.0,0.02705675169353437,6.058415476377606,0.0,38.00003571428571,2.6992282451653793,1.1229742329880337,-0.5662340440681779,0.0,22.565142392188772,0.0,2.678150066161267,-0.5351558653610246,-0.22070398259435706,Banks—Regional,Financial Services,SNV
2012Q3,2012,Q3,2012-11-09,2012-09-30,30725000.0,286522000.0,0.0,0.14,0.0,0.0,25764644000.0,2875700000.0,22023703000.0,0.0,22888944000.0,0.0,-976142000.0,1840585989.06,2198369989.06,25.591831231996025,0.0,0.0642036039776059,0.5752279445004694,0.0,25.591831231996025,0.010684355113537573,6.423890622919008,14.976289577379983,0.6400479845115971,0.6474206672091131,0.0,0.010807427698696644,0.011120743605073681,0.0,0.0011925256952900261,-10.681705215307117,0.0,-0.33333333333333326,-0.9052816675177466,-0.8607923538314545,-0.7049373690609344,0.0,-0.22120551556321605,0.0,1.0306262566572457,-0.6436505441838337,-0.5983169757366756,Banks—Regional,Financial Services,SNV
2012Q2,2012,Q2,2012-08-09,2012-06-30,39452000.0,282554000.0,0.0,0.21,0.0,0.0,26294110000.0,2853389000.0,22204365000.0,0.0,23440721000.0,0.0,-999001000.0,1557418913.82,1018485913.8199999,25.393278063509374,0.0,0.04950218889325404,0.4561649322962975,0.0,25.393278063509374,0.013826365770667792,5.511933696992433,9.869074532469837,0.5458137372156407,0.5079843860894251,0.0,0.012868085665432119,0.010745904691202707,0.0,0.0015004120694710717,-32.37809845574936,0.0,0.2499999999999999,-0.899406298126125,-0.8610669892242975,-0.6983465918692641,0.0,0.09610201983719056,0.0,1.0281876267253982,-0.6674988283561648,-0.6035708351421294,Banks—Regional,Financial Services,SNV
2012Q1,2012,Q1,2012-05-10,2012-03-31,35993000.0,305005000.0,0.0,0.168,0.0,0.0,27064792000.0,2821763000.0,22823395000.0,0.0,24243029000.0,0.0,-1030515000.0,1611575128.45,685359128.45,25.12591460067094,0.0,0.049947658936377565,0.47907035424307426,0.0,25.12591460067094,0.012755500727736525,5.283766261044901,11.193670494610062,0.5711234885601661,0.5545244908732253,0.0,0.012384777878271433,0.011269438168968747,0.0,0.0013298827495145723,4.68520639370761,0.0,-0.31030775639713404,-0.8983904926972279,-0.8421131234124266,-0.6952555349569197,0.0,0.31572598333089635,0.0,1.1104770982010115,-0.6145929604721062,-0.6746175622155333,Banks—Regional,Financial Services,SNV
2011Q4,2011,Q4,2012-02-29,2011-12-31,27356000.0,300802000.0,0.0,0.24358690641841793,0.0,0.0,27162845000.0,2827452000.0,22935975000.0,0.0,24335393000.0,0.0,-1058642000.0,1108449234.6899998,382157234.6899998,25.176571345466026,0.0,0.05024241753763275,0.4826702628373532,0.0,25.176571345466026,0.009675142142112403,3.684979603493327,10.129854827917093,0.3920311413562458,0.7293463956718819,0.0,0.01799992221166536,0.01107402409430971,0.0,0.0010071110003388821,10.586907685673351,0.0,0.7399064744172708,-0.9354401563086245,-0.860119400432256,-0.684148692599129,0.0,-0.09441207627118645,0.0,1.0180606057127535,-0.6076154077007947,-0.6868044531012771,Banks—Regional,Financial Services,SNV
2011Q3,2011,Q3,2011-11-09,2011-09-30,30208000.0,362766000.0,0.0,0.14,0.0,0.0,28253924000.0,2829448000.0,24117959000.0,0.0,25424476000.0,0.0,-1078145000.0,840248752.5600001,-861964247.44,25.22177564135889,0.0,0.05388044506667463,0.538032153268058,0.0,25.22177564135889,0.010676287388918262,2.316227961165049,6.953859512049788,0.2969656104512258,0.6604872881355932,0.0,0.023745349147156605,0.012839490896910461,0.0,0.0010691612251806156,7.888104247613147,0.0,1.4027057497435897,-0.9191880407262273,-0.8177838942434866,-0.672786697810041,0.0,1.7745641025641026,0.0,1.3158634538048395,-0.5850439913379513,-0.6486373315616014,Banks—Regional,Financial Services,SNV
2011Q2,2011,Q2,2011-08-09,2011-06-30,-39000000.0,299111000.0,0.0,-0.3476483762378377,0.0,0.0,28313910000.0,2850938000.0,24510008000.0,0.0,25462972000.0,0.0,-1187714000.0,1633374520.96,249563520.96000004,25.413435037301245,0.0,0.06692473769959713,0.6646587894931423,0.0,25.413435037301245,-0.01367970822234647,5.4607637999271175,-10.470349493333334,0.5729253042191728,-0.5116153846153846,0.0,0.012215814403834839,0.01056410082535404,0.0,-0.0013774148466248568,8.61043938997454,0.0,0.586133378129505,-1.1049149932232705,-0.8472616761941295,-0.6526237570099969,0.0,0.5075011365358387,0.0,-2.3511901087424607,-0.671017261380991,-0.6514433130241479,Banks—Regional,Financial Services,SNV
2011Q1,2011,Q1,2011-05-10,2011-03-31,-79188000.0,301466000.0,0.0,-0.840001,0.0,0.0,28678203000.0,2882605000.0,24782734000.0,0.0,25795504000.0,0.0,-1126356000.0,1884581311.2,826233311.2,25.6968291642263,0.0,0.06670410973797765,0.6636198854855244,0.0,25.6968291642263,-0.027470985445456453,6.251389248538807,-5.949706114562813,0.6537771603115932,-0.2519194827499116,0.0,0.010585375054630862,0.010512025457104128,0.0,-0.0027612608781659017,8.235186747361752,0.0,0.4308698125987727,-1.2351493045141662,-0.8403702331364121,-0.6404338468529372,0.0,0.5217162840421098,0.0,-1.4095988665707762,-0.698306165464819,-0.6579701647507089,Banks—Regional,Financial Services,SNV
2010Q4,2010,Q4,2011-03-01,2010-12-31,-165567000.0,320358000.0,0.0,-1.4759382274829385,0.0,0.0,30093148000.0,2997918000.0,26048750000.0,0.0,27068601000.0,0.0,-1024851000.0,2073039442.32,371837442.31999993,26.724780777927943,0.0,0.06008547194863097,0.6031389117380795,0.0,26.724780777927943,-0.055227327765469236,6.471008816136947,-3.1302123042635306,0.6914930436122669,-0.12051314573556325,0.0,0.00962499776544049,0.010645546288477364,0.0,-0.0055018172243063435,8.36972841220431,0.0,0.15660769102953115,-1.4817877650144304,-0.832033424637376,-0.5940032936339924,0.0,0.08750358237252265,0.0,-1.8473436207546932,1.139436130968661,-0.6350672514484575,Banks—Regional,Financial Services,SNV
2010Q3,2010,Q3,2010-11-05,2010-09-30,-181444000.0,323703000.0,0.0,-1.750002,0.0,0.0,30954761000.0,3216066000.0,27019754000.0,0.0,27713752000.0,0.0,-837004000.0,1930891428.8999999,152595428.89999986,28.68139331456328,0.0,0.05631111156051245,0.5419966505662508,0.0,28.68139331456328,-0.056417996396840114,5.965009372480329,-2.660450922736491,0.6003892422916693,-0.10991270033729415,0.0,0.010328390142247009,0.010457292821611513,0.0,-0.005861586203169199,29.42176249314317,0.0,0.3055555886242992,-1.537991186914479,-0.8285724947275769,-0.5555604257431246,0.0,0.20486954082929437,0.0,-1.5605343999099428,-0.8423952337415466,-0.6693160683314996,Banks—Regional,Financial Services,SNV
2010Q2,2010,Q2,2010-08-09,2010-06-30,-228194000.0,322751000.0,0.0,-2.520003,0.0,0.0,32382340000.0,3423932000.0,28428988000.0,0.0,28936106000.0,0.0,-633312000.0,1718950895.3400002,-661792104.6599998,35.41550321480168,0.0,0.05795044459418312,0.5480748449443505,0.0,35.41550321480168,-0.0666467675175792,5.325935149201707,-1.8832121959166326,0.5020400216301025,-0.07450239708318361,0.0,0.00989033488163563,0.009966883183858856,0.0,-0.007046865668138868,14.634102052919243,0.0,0.23404233977902147,-1.8167356150181067,-0.7948553957197821,-0.4365269579869276,0.0,-0.05903755923015877,0.0,-1.676264340651537,-0.8155485453996916,-0.579289951510359,Banks—Regional,Financial Services,SNV
2010Q1,2010,Q1,2010-05-10,2010-03-31,-215473000.0,317666000.0,0.0,-3.290003,0.0,0.0,32439438000.0,2616743000.0,28575512000.0,0.0,29800985000.0,0.0,-382914000.0,1610805414.6100001,60009414.61000013,37.41208636586978,0.0,0.057594801734851264,0.7139956044594368,0.0,37.41208636586978,-0.08234396729063573,5.070751715984714,-1.8689179324207674,0.6155764683845528,-0.07889155485838133,0.0,0.010553105822602235,0.009792586419037222,0.0,-0.006642316059852825,3.4192213053408707,0.0,0.14314498521227811,-2.171062529403289,-0.6541925900974404,-0.38487477298150946,0.0,0.1976667982335287,0.0,-1.976694337378526,-0.7359663245204306,-0.5462403487828434,Banks—Regional,Financial Services,SNV
2009Q4,2009,Q4,2010-03-01,2009-12-31,-268558000.0,378975000.0,0.0,-3.8396262415702482,0.0,0.0,32831418000.0,2851041000.0,29006858000.0,0.0,29959917000.0,0.0,-148428000.0,1003693343.4499999,276422343.4499998,40.76189068801779,0.0,0.053351091932733456,0.6143692777480225,0.0,40.76189068801779,-0.09419647069263473,2.6484420963124213,-0.9343357332959733,0.3520445140739821,-0.05733956910611488,0.0,0.015342335485726092,0.011543059151450602,0.0,-0.008179908647259768,-8.738482343133755,0.0,0.5680964730665348,-2.4351307956947115,-0.37196547323922385,-0.31518678232238345,0.0,0.3890118690378958,0.0,-2.01764776126052,-0.7170323163922052,-0.4886239158907406,Banks—Regional,Financial Services,SNV
2009Q3,2009,Q3,2009-11-09,2009-09-30,-439547000.0,352281000.0,0.0,-8.890009,0.0,0.0,34610480000.0,3136660000.0,30653028000.0,0.0,31436881000.0,0.0,139322000.0,1292346195.0,18356195.0,63.711508045257176,0.0,0.05672085449262767,0.6258682802726467,0.0,63.711508045257176,-0.14013217881440768,3.66850949951885,-0.7350443723879357,0.4120134777119611,-0.03506109699304056,0.0,0.011924823286224786,0.010178448839773386,0.0,-0.01269982386837744,3.5360630930621983,0.0,0.3021978078044348,-4.620650333128121,-0.4794987772639232,0.09305210372325816,0.0,0.25110830933842193,0.0,-3.679387221878703,-0.5967950056344228,-0.1734422971868311,Banks—Regional,Financial Services,SNV
2009Q2,2009,Q2,2009-08-10,2009-06-30,-586930000.0,356356000.0,0.0,-12.740013,0.0,0.0,34349670000.0,3018361000.0,30114425000.0,0.0,31294507000.0,0.0,596434000.0,986250504.33,1631550504.33,64.05501994943654,0.0,0.0543088477997023,0.6180476755431176,0.0,64.05501994943654,-0.19445321484076955,2.767598986210419,-0.420088641034706,0.3267503470691544,-0.026250149080810317,0.0,0.015621791758136135,0.010374364586326448,0.0,-0.017086918156710092,21.732195679564587,0.0,-2.95652209019681,-6.181727101912759,-0.4314023908292035,0.12697282292986814,0.0,-3.2944421681105127,0.0,-4.758942219752632,-0.5667823893992359,-0.12443193365929522,Banks—Regional,Financial Services,SNV
2009Q1,2009,Q1,2009-05-07,2009-03-31,-136672000.0,331987000.0,0.0,-3.220003,0.0,0.0,34547432000.0,3637979000.0,30090806000.0,0.0,30876034000.0,0.0,1200899000.0,1071800161.25,2046101161.25,77.21963967002529,0.0,0.05412512281665393,0.5139897728931365,0.0,77.21963967002529,-0.0375681113057552,3.228440153530108,-1.9605335424410266,0.29461416936436413,-0.20012145867478343,0.0,0.0255187496595462,0.009609599926269483,0.0,-0.003956068283165012,10.461383866260627,0.0,0.7612548004653924,-2.2081032232969346,-0.4728321011722597,0.42027389779160396,0.0,0.7849073826348342,0.0,-1.9663557946522479,-0.5814283597753123,0.0805056377230775,Banks—Regional,Financial Services,SNV
2008Q4,2008,Q4,2009-03-02,2008-12-31,-635410000.0,321590000.0,0.0,-13.4871947426664,0.0,0.0,35786269000.0,3787158000.0,31203802000.0,0.0,31966762000.0,0.0,1350501000.0,2737212719.5,3103085719.5,80.38610891746589,0.0,0.0588821651119875,0.5563995481572197,0.0,80.38610891746589,-0.1677801665523329,8.5114982415498,-1.0769474510552242,0.7227616908246236,-0.03117042539462709,0.0,0.007235827840087603,0.008986407607901231,0.0,-0.017755692832913093,12.53991533580722,0.0,-15.056165102977733,-6.700007626468672,-0.09686389796269049,0.5531855371803752,0.0,-14.837342040328007,0.0,-5.40259984489001,-0.5985208363066069,0.22120722820015995,Banks—Regional,Financial Services,SNV
2008Q3,2008,Q3,2008-11-10,2008-09-30,-40121000.0,366753000.0,0.0,-0.840001,0.0,0.0,34339141000.0,3378277000.0,29304650000.0,0.0,30930258000.0,0.0,2006039000.0,3409679863.8,5029961863.8,71.78274161411318,0.0,0.061753029873403066,0.6277004520351647,0.0,71.78274161411318,-0.011876172380180785,9.296937894986545,-21.246229305102066,1.009295526624963,-1.4000648039679968,0.0,0.016474273903649642,0.010680319580504359,0.0,-0.001168375178633618,15.77000394888374,0.0,-4.0000035714285715,-1.367022176983538,-0.3790439355762409,0.4203508784304626,0.0,-4.316059178444499,0.0,-1.2834352045562336,-0.5372387896404459,0.11232710252498856,Banks—Regional,Financial Services,SNV
2008Q2,2008,Q2,2008-08-08,2008-06-30,12099000.0,381119000.0,0.0,0.28,0.0,0.0,34227301000.0,3428591000.0,29294363000.0,0.0,30774618000.0,0.0,2066015000.0,2873677400.37,4303131400.37,72.91047908962332,0.0,0.06198633657967948,0.6188037593285405,0.0,72.91047908962332,0.003528854856120196,7.5401053224058625,59.37840731403422,0.8381511239952505,0.0,0.0,0.0,0.011134941665426673,0.0,0.000353489747847778,24.832164463464796,0.0,-0.8333335317457955,-0.8845169138765413,-0.2660012090533585,0.473711747649669,0.0,-0.8506185643380991,0.0,-0.9109707459156198,-0.5019658909918764,0.16003122130113193,Banks—Regional,Financial Services,SNV
2008Q1,2008,Q1,2008-05-12,2008-03-31,80994000.0,418624000.0,0.0,1.680002,0.0,0.0,33759890000.0,3530802000.0,28834102000.0,0.0,30206316000.0,0.0,2110871000.0,3638404539.14,5039074539.139999,75.13037318951127,0.0,0.059027147304093704,0.5643901867054567,0.0,75.13037318951127,0.022939264223822236,8.691342443672603,11.230475526397017,1.0304753818367614,0.0,0.0,0.0,0.012400040402975246,0.0,0.002399119191442863,21.207025512863854,0.0,-0.03550233265329409,-0.172918388388139,-0.2415936849189512,0.4869996546602425,0.0,-0.010566950488034303,0.0,-0.3448640985389015,-0.32176685676457456,0.2352849667946502,Banks—Regional,Financial Services,SNV
2007Q4,2007,Q4,2008-02-29,2007-12-31,81859000.0,-962526000.0,0.0,1.741841434019864,0.0,0.0,33018452000.0,3441590000.0,28181054000.0,0.0,29576862000.0,0.0,2087357000.0,7921589629.52,9118291629.52,73.23207052258668,0.0,0.05724783826934103,0.5492330579761099,0.0,73.23207052258668,0.023785227176973435,-8.230000674807746,24.19278768834215,2.301723804846016,0.8225363124396828,0.0,0.008499809148038372,-0.029151154633172992,0.0,0.0024791895150020962,46.8494708581432,0.0,-0.39308724275902707,-0.2802254934521654,-4.047078137862965,0.5484400402860037,0.0,-0.3933809089763826,0.0,-0.3489547872876706,-3.373978345072657,0.23032295620449966,Banks—Regional,Financial Services,SNV
2007Q3,2007,Q3,2007-11-13,2007-09-30,134943000.0,856224000.0,0.0,2.870003,0.0,0.0,33575663000.0,4054356000.0,28026804000.0,0.0,29246736000.0,0.0,2703213000.0,9315801683.369999,10127430683.369999,86.73355602689342,0.0,0.052423745139448176,0.43414095851474316,0.0,86.73355602689342,0.03328346104782116,10.880098763139085,17.258771635746204,2.2977266138863977,0.49736555434516794,0.0,0.007204532930301789,0.025501328149499236,0.0,0.004019071790183264,79.454499333629,0.0,-0.16326516332493005,0.3343957871305504,0.5799356128320492,0.8881451318288232,0.0,-0.17085714285714285,0.0,0.1707022649422133,0.3324004289899423,0.4880246722656626,Banks—Regional,Financial Services,SNV
2007Q2,2007,Q2,2007-08-09,2007-06-30,162750000.0,843954000.0,0.0,3.430003,0.0,0.0,33220806000.0,3925324000.0,28072940000.0,0.0,29033475000.0,0.0,2635602000.0,10020776899.7,10806399899.7,84.18031216973347,0.0,0.05036373891711116,0.4262384455397822,0.0,84.18031216973347,0.0414615455947076,11.873605551605895,15.39289846344086,2.552853445906631,0.41171121351766515,0.0,0.006686707095734864,0.025404380616171684,0.0,0.0048990382713772805,119.39445847372812,0.0,0.08888880423288494,0.71607670100914,0.609947711262764,0.959630400370611,0.0,0.10900628947960178,0.0,0.4519854287172788,0.36079517882468054,0.4810536959621472,Banks—Regional,Financial Services,SNV
2007Q1,2007,Q1,2007-05-10,2007-03-31,146753000.0,800321000.0,0.0,3.150003,0.0,0.0,32707684000.0,3836083000.0,27264902000.0,0.0,28622235000.0,0.0,2539973000.0,10532706875.46,11220060875.46,82.449125358582,0.0,0.0474462208941483,0.40454182039335435,0.0,82.449125358582,0.038255950144978616,13.160602902410407,17.94291577592962,2.745693165518056,0.4325363024946679,0.0,0.00602656095442016,0.02446889850103725,0.0,0.004486804996648494,136.9253263063063,0.0,-0.1651287653448877,0.6059151721718323,0.5689758509165803,1.0101778981885632,0.0,-0.16402444929278198,0.0,0.3135359276906246,0.28683411574518775,0.5164580039862219,Banks—Regional,Financial Services,SNV
