Quarters,Year,Quarter,FillingDate,Date,NetIncome,Revenue,OperatingIncome,EPSDiluted,GrossProfit,GrossProfitRatio,TotalAssets,CommonStockEquity,CurrentAssets,CurrentLiability,TotalLiability,Inventory,RetainedEarnings,MarketCap,EnterpriseValue,bookValuePerShare,currentRatio,debtToAssets,debtToEquity,roic,shareholdersEquityPerShare,roe,priceToSalesRatio,peRatio,pbRatio,payoutRatio,inventoryTurnover,dividendYield,assetTurnover,quickRatio,returnOnAssets,priceToFreeCashFlowsRatio,grossProfitMargin,epsdilutedGrowth,fiveYNetIncomeGrowthPerShare,fiveYRevenueGrowthPerShare,fiveYShareholdersEquityGrowthPerShare,grossProfitGrowth,netIncomeGrowth,operatingIncomeGrowth,threeYNetIncomeGrowthPerShare,threeYRevenueGrowthPerShare,threeYShareholdersEquityGrowthPerShare,Industry,Sector,Symbol
2023Q2,2023,Q2,2023-05-24,2023-04-30,105120000.0,687841000.0,157090000.0,0.76,266512000.0,0.3874616372,4870199000.0,2859667000.0,1366639000.0,466828000.0,1664699000.0,721569000.0,2435155000.0,23382514480.0,24009992480.0,20.886287942972334,2.9275000642634974,0.1549503418648807,0.2638905159237072,0.03423865487963247,20.886287942972334,0.03675952479781737,33.99406909445642,55.60910026636225,8.176656400902623,0.0,0.5839067365698914,0.0,0.14123468055412108,1.2674175499327376,0.021584333617579075,350.69388046494186,0.3874616372097621,0.13432835820895517,0.7005446571879003,0.640386795975456,1.2252553751372168,0.09316281034786852,0.12999451772066176,0.21366874237062905,0.36883525298078707,0.3348852000732708,0.5796769637985677,Aerospace & Defense,Industrials,HEI
2023Q1,2023,Q1,2023-03-01,2023-01-31,93027000.0,620915000.0,129434000.0,0.67,243799000.0,0.3926447259,4804620000.0,2744174000.0,1318799000.0,453496000.0,1720159000.0,697495000.0,2328523000.0,23361172250.0,24001342250.0,20.08103618601588,2.908071956533244,0.16292422709808477,0.2852548708646026,0.03035747483081511,20.08103618601588,0.03389981830598206,37.623784656514985,62.780623501779054,8.513006919386306,0.1469250862652778,0.5406719761431982,0.0005850733796117616,0.12923290499560838,1.2567321431721559,0.0193619890855052,354.81731849939246,0.3926447259286698,-0.04285714285714274,0.37878321318821045,0.42342230558561905,1.2822553006330653,0.014210655495604931,-0.042971482655034775,-0.11647940586219607,-0.24969544927614978,0.12719732229891675,0.6187690705292344,Aerospace & Defense,Industrials,HEI
2022Q4,2022,Q4,2022-12-21,2022-10-31,97204000.0,609638000.0,146498000.0,0.7,240383000.0,0.3943044889,4095496000.0,2648306000.0,1152730000.0,420859000.0,1119589000.0,582471000.0,2253932000.0,22206215040.0,22356985040.0,19.39639362512451,2.7389933445643315,0.07087639690039986,0.10960742451967409,0.0381722352928644,19.39639362512451,0.03670421771502236,36.42524750753726,57.11240031274433,8.385063901225914,0.1259104563598206,0.6339457243364905,0.0005511520075777849,0.1488557185747465,1.2553610591670845,0.023734365752035896,162.89650926856464,0.39430448889340886,0.16666666666666663,0.748002575540408,0.5030109913293793,1.298876997044631,0.08801604077180372,0.1776593166949358,0.13787505728288815,0.11312717683284748,0.12371548256807421,0.6080052363633458,Aerospace & Defense,Industrials,HEI
2022Q3,2022,Q3,2022-08-31,2022-07-31,82540000.0,569528000.0,128747000.0,0.6,220937000.0,0.3879300052,3787351000.0,2491984000.0,1081773000.0,346445000.0,998373000.0,545943000.0,2171333000.0,21318630840.0,21430782840.0,18.32637632558208,3.122495634227655,0.06488888935828763,0.09861901200007704,0.03433733866461724,18.32637632558208,0.03312220303180117,37.43210314506047,64.57060467652047,8.554882711927524,0.14827962200145384,0.6385117127612223,0.0005740987820397945,0.1503763448383844,1.4238623735369251,0.021793596632580396,151.18416889462523,0.38793000519728615,-0.03225806451612906,0.7479903878378568,0.4950797686408706,1.298358437770728,0.045959598350605264,-0.029055405246441596,0.04862474241918274,-0.002166286920998862,0.0828432539234526,0.5793951248458669,Aerospace & Defense,Industrials,HEI
2022Q2,2022,Q2,2022-05-25,2022-04-30,85010000.0,538813000.0,122777000.0,0.62,211229000.0,0.3920265472,3685333000.0,2420474000.0,1032725000.0,304192000.0,960932000.0,519498000.0,2100178000.0,19191885930.0,19340443930.0,17.811878638026066,3.394977514201557,0.07214436253114712,0.10984460068565083,0.034849915764257215,17.811878638026066,0.03512122005855051,35.61882495411209,56.4400833137278,7.928978344737435,0.14383013763086697,0.6305779810509377,0.0006370921567894084,0.14620469846279835,1.5344453503050706,0.02306711496627306,215.02790864172633,0.39202654724366337,-0.08823529411764713,0.8002450390258197,0.5178961117645401,1.3375860387095817,0.0329096963799334,-0.08939971721153434,0.06735692738352937,0.016844163975982002,0.1307281777292794,0.5896870914150626,Aerospace & Defense,Industrials,HEI
2022Q1,2022,Q1,2022-02-25,2022-01-31,93356000.0,509422000.0,115029000.0,0.68,204499000.0,0.4014333892,3498407000.0,2263071000.0,937385000.0,294880000.0,948881000.0,478050000.0,1949521000.0,18471434090.0,18613508090.0,16.71014021900451,3.178869370591427,0.07156743054767499,0.11063373619298732,0.03718868699938469,16.71014021900451,0.04125190946284937,36.25959242042943,49.465042659282744,8.162109845426855,0.13097176400017138,0.6378475054910574,0.0006619410242012238,0.14561541867484257,1.4693773738469886,0.026685288475583314,177.7432506110352,0.40143338921365784,0.11475409836065584,1.2124923050690106,0.36007525496065956,1.278507430860174,0.1070935539230282,0.11559098024688408,0.1407306769273488,0.1550706609163782,0.048527114510195535,0.5886482968600965,Aerospace & Defense,Industrials,HEI
2021Q4,2021,Q4,2021-12-21,2021-10-31,83683000.0,471707000.0,100838000.0,0.61,184717000.0,0.3915926624,3461635000.0,2186929000.0,1031015000.0,262217000.0,1241549000.0,457172000.0,1873239000.0,18653986000.0,18932561000.0,16.15519686784369,3.9319151694970196,0.11176019424347165,0.17690240515352806,0.032845560317662593,16.15519686784369,0.038265073991885425,39.54570527891254,55.72812279674486,8.529762968985276,0.1455970746746651,0.627750605898874,0.0006531579899330898,0.13626711077279957,1.4480334989722252,0.024174414691323608,179.49987490617963,0.3915926623942405,0.19607843137254896,0.8310684660931291,0.2829751289442827,1.277059959438013,0.027501348923364467,0.08836114398678614,0.042274775705957744,0.2183767283521097,-0.006642551956554819,0.6082169860404917,Aerospace & Defense,Industrials,HEI
2021Q3,2021,Q3,2021-08-26,2021-07-31,76889000.0,466651000.0,96748000.0,0.51,179773000.0,0.3852407902,3595168000.0,2127820000.0,1163421000.0,256758000.0,1435278000.0,462586000.0,1812798000.0,18298513500.0,18497532500.0,15.72737889337295,4.531196691047601,0.1625690371075844,0.27467689936178813,0.028721872667347034,15.72737889337295,0.03613510541305186,39.2124167739917,59.49652583594532,8.59965293116899,0.15846219875404804,0.6201614402511101,0.0006658464361053154,0.12979949754781975,2.5746461648712016,0.021386761341890003,158.01142869478866,0.385240790226529,0.0,0.7685654800057822,0.28572395808678797,1.3062982457270496,0.1346869990027393,0.0879543814469458,0.2050569844927446,0.12182150064378368,0.06073671883196202,0.6324299062137052,Aerospace & Defense,Industrials,HEI
2021Q2,2021,Q2,2021-05-27,2021-04-30,70673000.0,417902000.0,80285000.0,0.51,158434000.0,0.3791175922,3565584000.0,2048836000.0,1149099000.0,234675000.0,1485425000.0,462854000.0,1744247000.0,19037568000.0,19307849000.0,15.152991642629983,4.8965548098434,0.18781888184375967,0.3268607150596729,0.028667855342846636,15.152991642629983,0.034494220132797355,45.555101435264724,67.34385125861363,9.291894519619921,0.15307118701625796,0.5605828187722263,0.0005682448514432095,0.11720436259529995,2.8106828592734634,0.019820876467922226,207.62970880139602,0.37911759216275587,0.13333333333333333,0.7660801114301207,0.3183052750744273,1.3641720479403316,-0.020240311180097337,0.0010907133548642982,-0.09855944668380809,0.1577148553765087,0.009201866895840308,0.6144216815471659,Aerospace & Defense,Industrials,HEI
2021Q1,2021,Q1,2021-02-25,2021-01-31,70596000.0,426178000.0,89063000.0,0.45,161707000.0,0.3794353533,3547711000.0,1980177000.0,1165625000.0,241161000.0,1315896000.0,463205000.0,1688045000.0,16093030920.0,16440189920.0,14.66949905916169,4.83338931253395,0.21253450464257095,0.3807795969754219,0.02517799950363352,14.66949905916169,0.035651358439169833,37.761289695854785,56.98988228794833,8.127066883414967,0.15323814380418155,0.570958862706577,0.0006722164428675565,0.1201275977665599,2.810213923478506,0.01989902785204319,175.51566059548477,0.3794353533030799,0.12499999999999997,1.183313383243332,0.25402464446782136,1.3646681722575285,0.12701156234536495,0.1326712339756446,0.3014437268024666,0.05926314999891783,-0.010924507986941327,0.66722183433533,Aerospace & Defense,Industrials,HEI
2020Q4,2020,Q4,2020-12-23,2020-10-31,62327000.0,386410000.0,68434000.0,0.4,143483000.0,0.3713232059,3423250000.0,1921715000.0,1140744000.0,229642000.0,1471038000.0,473104000.0,1623285000.0,14164626850.0,14497863850.0,14.252134058159111,4.967488525618136,0.21619484408091727,0.3851190212908782,0.02214893775795901,14.252134058159111,0.03243300905701418,36.65698830258016,56.81577346093988,7.370825980959715,0.1731191939287949,0.5134748385133079,0.0007617567419363398,0.11287811290440371,2.817859973349823,0.018206967063463083,135.3058369791567,0.3713232059211718,-0.32203389830508466,0.5769819127107767,0.24501255459073698,1.3979019899151794,-0.1979260998378892,0.14748876942337433,-0.36729505089634895,0.13493829192333318,-0.03533487462630604,0.6891749970808302,Aerospace & Defense,Industrials,HEI
2020Q3,2020,Q3,2020-08-27,2020-07-31,54316000.0,468146000.0,108161000.0,0.59,178890000.0,0.38212438,3364835000.0,1858514000.0,1125513000.0,256353000.0,1475315000.0,457819000.0,1583646000.0,12944384280.0,13337811280.0,13.800607415218053,4.390481094428386,0.21998493239638794,0.3982821759749994,0.03222205069286867,13.800607415218053,0.029225499511975696,27.650314816317987,59.57905718388688,6.9649108266066335,0.19865233080491937,0.6318130090712705,0.0008335661060890568,0.1391289617470099,2.4719936961923596,0.016142247688222453,147.00840730477447,0.38212438000111076,-0.3723404255319149,0.5290466486807938,0.5542480262198297,1.402028668224049,-0.09672956419435791,-0.28013465336037,-0.025488782773222814,0.16145762416874818,0.2408852297857116,0.7307700079721159,Aerospace & Defense,Industrials,HEI
2020Q2,2020,Q2,2020-05-28,2020-04-30,75453000.0,506275000.0,110990000.0,0.94,198047000.0,0.3911846329,3097121000.0,1778646000.0,824710000.0,243531000.0,1287874000.0,441250000.0,1508784000.0,11784214800.0,12289039800.0,13.22187283958877,3.386468252501735,0.1836531410945843,0.3197915717911265,0.05740960179795252,13.22187283958877,0.04242159485361337,23.276311885832797,39.0448848952328,6.6253851525261345,0.14263183703762608,0.6985337110481586,0.000913255586617447,0.16346632889060517,1.4817169066771787,0.024362302925846294,98.89321841877796,0.39118463285763666,0.4029850746268655,1.2037282387828896,0.8252700005861383,1.4326465328306748,-0.05414905556749528,-0.380964491992649,-0.07932610553034765,0.6141068075071066,0.4407366894965763,0.7352052517039439,Aerospace & Defense,Industrials,HEI
2020Q1,2020,Q1,2020-02-27,2020-01-31,121888000.0,541529000.0,120553000.0,0.67,209385000.0,0.386655193,2969211000.0,1666542000.0,813731000.0,289138000.0,1086287000.0,420319000.0,1397327000.0,16447613490.0,16952567490.0,12.405127174471316,2.8143343317032006,0.1892607160622805,0.33719822242703756,0.0434056357044446,12.405127174471316,0.07313827074265156,30.372544203542194,33.73509592822919,9.869306318112596,0.08829417169860856,0.7902188575819794,0.0006543198505085979,0.18238144746196885,1.295087466884325,0.04105063601071126,221.40933002180762,0.38665519298135465,0.1355932203389832,3.2695247066279456,0.7941714546847861,1.306721146973756,-0.01619125033477266,0.4225292936837683,0.009538245096889811,1.9120815147267023,0.45750483645263973,0.6914983403701346,Aerospace & Defense,Industrials,HEI
2019Q4,2019,Q4,2019-12-19,2019-10-31,85684000.0,532324000.0,119414000.0,0.59,212831000.0,0.3998147745,2960288000.0,1615999000.0,802584000.0,269136000.0,1317913000.0,416314000.0,1322383000.0,16523859800.0,17107022800.0,12.062394565947601,2.982075976457999,0.21625058102454897,0.39614133424587517,0.04129071772016416,12.062394565947601,0.053022310038558194,31.04098218378281,48.21162585780309,10.225167094781618,0.10954203818682601,0.767432755083903,0.0005680270901354416,0.1798216930244625,1.3508412103917722,0.028944481077516782,131.06788872936679,0.3998147744606668,-0.016666666666666684,1.5873286177142985,0.7732208184522141,1.3303504867962948,0.016448012531819073,0.05654886680312708,0.0019381958836411234,0.8944447610012065,0.46297476439845947,0.7001832850290779,Aerospace & Defense,Industrials,HEI
2019Q3,2019,Q3,2019-08-29,2019-07-31,81098000.0,515648000.0,119183000.0,0.6,209387000.0,0.4060657658,2853640000.0,1546886000.0,802567000.0,250870000.0,1191476000.0,410328000.0,1251699000.0,18230552750.0,18722844750.0,11.60341452071441,3.199135010164627,0.19497308700466773,0.35967938167389196,0.04393592222079552,11.60341452071441,0.05242661708749061,35.35464648364776,56.19914409109966,11.785324031635168,0.1157365163135959,0.7463809440252676,0.0005148499954286905,0.1806983361601323,1.4849483796388567,0.028419141867930084,149.43320997065527,0.4060657657937197,0.03448275862068969,1.3657755942042087,0.7783393278254719,1.343773248743381,0.14898182037676214,-0.00836369861338681,0.21681113255127774,0.8930980608950748,0.4418328257147691,0.7015508264281518,Aerospace & Defense,Industrials,HEI
2019Q2,2019,Q2,2019-05-30,2019-04-30,81782000.0,466146000.0,97947000.0,0.58,182237000.0,0.390944039,2797014000.0,1489467000.0,779425000.0,224115000.0,1195259000.0,406348000.0,1174811000.0,14028419490.0,14579084490.0,11.20464444494595,3.4777904200968255,0.21756094177576515,0.4085495012645463,0.04460842515220072,11.20464444494595,0.05490688951148297,30.09447574365113,42.88357918001516,9.418415775576095,0.11377809297889512,0.6986843789067498,0.0006632963896348384,0.16665844361165158,1.5293443098409298,0.02923903848890281,114.98893006442728,0.39094403899207547,0.13725490196078421,1.8123142280337778,0.7041716715245692,1.3927019813436432,-0.022637805832948974,0.0308828719810417,-0.05545001301869871,1.0786942116313334,0.4956828331867281,0.7481503209786976,Aerospace & Defense,Industrials,HEI
2019Q1,2019,Q1,2019-02-28,2019-01-31,79332000.0,476884000.0,103697000.0,0.51,186458000.0,0.3909923587,2653396000.0,1398251000.0,733808000.0,282429000.0,1018342000.0,401553000.0,1091183000.0,11232838500.0,11705709500.0,10.518464188726652,2.598203442281069,0.20067490868306126,0.38081145659827886,0.04036084859156813,10.518464188726652,0.056736594502703734,23.554655849221195,35.39819524277719,8.033492198467943,0.1172918872586094,0.7232569548727067,0.0008283747692090473,0.179725905971065,1.1014024763745933,0.029898288834384314,257.2857486428915,0.39099235872874744,0.04081632653061228,1.8176232264308574,0.6178664314396094,1.2486433825962278,0.026700218601501027,0.17743443608353,0.022420949883162598,1.4913819173698972,0.42489780808348804,0.6955369360468062,Aerospace & Defense,Industrials,HEI
2018Q4,2018,Q4,2018-12-20,2018-10-31,67377000.0,465825000.0,101423000.0,0.49,181609000.0,0.3898652928,2654839000.0,1333970000.0,728158000.0,254757000.0,1224517000.0,391788000.0,1024739000.0,11132121020.0,11688958020.0,10.045408678102927,2.8582453082741592,0.23497394757271534,0.46764020180363874,0.03983735386121574,10.045408678102927,0.0505086321281588,23.89764615467182,41.305345370081774,8.345105976896031,0.11825994033572287,0.7254331424137543,0.0007157665628755444,0.17546261750712566,1.2416027822591724,0.025378940116519307,94.49135496685369,0.3898652927601567,0.1136363636363636,1.2068357288138953,0.7015263124268113,1.2532280868858652,0.08192687823564106,0.0043377157678204095,0.10766122426691421,0.7309829379014584,0.5239783411138793,0.6901262197252694,Aerospace & Defense,Industrials,HEI
2018Q3,2018,Q3,2018-08-31,2018-07-31,67086000.0,430602000.0,91565000.0,0.44,167857000.0,0.3898193692,2627881000.0,1275827000.0,694726000.0,230053000.0,1258374000.0,382669000.0,964571000.0,10113297250.0,10748912250.0,9.634336416839721,3.019851947160002,0.260225634265783,0.535999002999623,0.035693904554866575,9.634336416839721,0.05258236422336257,23.486414949303533,37.68780837283487,7.926856266562786,0.11877291834361864,0.6866116670020305,0.0007878736086789102,0.16385901796923072,1.2451913254771727,0.025528553233574884,97.93822751835138,0.38981936916224263,-0.0833333333333333,1.2660055998470616,0.7711889196270293,1.270847401700384,0.08441059234710029,0.12526418195846892,0.1508924082453494,0.920536242009143,0.4538269117466407,0.6768792543902913,Aerospace & Defense,Industrials,HEI
2018Q2,2018,Q2,2018-05-31,2018-04-30,59618000.0,404410000.0,79560000.0,0.48,154791000.0,0.3827575975,2570442000.0,1239412000.0,662432000.0,229056000.0,1240428000.0,367395000.0,904030000.0,9280386150.0,9883710150.0,9.386018421227009,2.8920089410449847,0.26027119071350374,0.5397817674832904,0.03974841452767255,9.386018421227009,0.048101841841131115,22.947964071115948,38.91604108658459,7.487733013719409,0.12403971954778759,0.6794294968630493,0.000796841842620956,0.157330918184499,1.2047970801899972,0.02319367641829693,330.08664947536903,0.3827575974876981,0.1999999999999999,1.4626856482563435,0.8287905476814909,1.3041625583919472,-0.03273156740340813,-0.0849398330058939,-0.11050489691874245,0.7738675009120743,0.48533621210434474,0.7269009804055022,Aerospace & Defense,Industrials,HEI
2018Q1,2018,Q1,2018-03-01,2018-01-31,65152000.0,421224000.0,89444000.0,0.4,160029000.0,0.3799142499,2512431000.0,1161080000.0,631892000.0,249437000.0,1133016000.0,343628000.0,844247000.0,8479181600.0,9101094600.0,8.798768560399743,2.533272930639801,0.26825771533626197,0.5804759361973335,0.033377034784033574,8.798768560399743,0.05611327384848589,20.12986344557765,32.53615238212181,7.302840114376271,0.11350380648330059,0.7601097698674147,0.0008721360561495699,0.1676559475663212,1.1005664757032838,0.0259318564370524,226.54647857219194,0.3799142499002906,0.1764705882352941,2.1889865104459907,0.6974864505933844,0.8392855492831458,0.07476309126443112,0.2138465551291128,0.17500853892435828,1.3233846961361095,0.4207907600786129,0.6361223242733028,Aerospace & Defense,Industrials,HEI
2017Q4,2017,Q4,2017-12-21,2017-10-31,53674000.0,391500000.0,76122000.0,0.34,148897000.0,0.3803243934,2223723000.0,1111922000.0,655929000.0,227102000.0,1027054000.0,340471000.0,797621000.0,7648223210.982401,8033496210.982401,8.437334250618866,2.88825725885285,0.1955108617395242,0.3910004478731422,0.03429315628928209,8.437334250618866,0.04827137155304059,19.535691471219415,35.623501187643924,6.87838104739577,0.1257219510377464,0.7125511423880448,0.0008822964254377758,0.17605610051251888,1.1267800371639176,0.024136999077672895,84.9528841926757,0.38032439335887613,0.0,1.2023769637605082,0.6913102997957388,0.8384110435244533,0.06065592454873132,0.17453717886997241,-0.005487183507094144,0.6476095859783096,0.3257359388598877,0.6300201316328038,Aerospace & Defense,Industrials,HEI
2017Q3,2017,Q3,2017-08-25,2017-07-31,45698000.0,368657000.0,76542000.0,0.34,140382000.0,0.3807929864,2177339000.0,1049299000.0,629835000.0,211978000.0,1038808000.0,325661000.0,756408000.0,6768841744.2816,7192981744.2816,7.973680703762456,2.9712281463170704,0.21166754464968476,0.4392189452196181,0.03447521667539182,7.973680703762456,0.04355098022584602,18.360811660382414,37.03029533175194,6.4508226390014665,0.14766510569390345,0.7009589726740384,0.0009969209290054378,0.16931538910569277,1.1786081574503013,0.020988004164716658,90.6343042497168,0.38079298643454484,0.13333333333333347,0.9299258603674778,0.6646363247173303,0.7825868217276234,0.11932194200148305,0.00026266252243575713,0.18577846630518977,0.35049406558603985,0.288000001547167,0.6106034559169667,Aerospace & Defense,Industrials,HEI
2017Q2,2017,Q2,2017-05-25,2017-04-30,45686000.0,343432000.0,64550000.0,0.3,125417000.0,0.365187286,2031422000.0,1001792000.0,575205000.0,196720000.0,942830000.0,301120000.0,717764000.0,6032175813.5296,6403599813.5296,7.619774563617244,2.923978243188288,0.20543688116009376,0.4165824841883345,0.033368830529828745,7.619774563617244,0.04560427713537341,17.56439648468867,33.008885728284376,6.021385490730211,0.13262268528652105,0.7240136822529224,0.0010044468509041525,0.1690598999124751,1.1281720211468076,0.022489664875146573,174.22955963057015,0.36518728598383376,-0.09090909090909098,1.3438623750345697,0.5777910933536948,0.7694352909302693,-0.07566846496270747,0.11628020622083221,-0.15150638834849361,0.5884978144921035,0.2694906546936003,0.6271689642041848,Aerospace & Defense,Industrials,HEI
2017Q1,2017,Q1,2017-03-02,2017-01-31,40927000.0,363299000.0,76076000.0,0.33,135684000.0,0.3734774937,2039475000.0,963379000.0,584221000.0,214421000.0,892258000.0,286302000.0,681704000.0,5175426145.0752,5590696145.0752,7.333809840899294,2.7246445077674295,0.22467791956263253,0.4756435421573441,0.035898682910560496,7.333809840899294,0.04248276119782557,14.245638289880237,31.61376441637061,5.3721600170599535,0.14804407848119824,0.7950171497230197,0.0011707248505063849,0.17813358830091078,1.143460761772401,0.02006741931134238,104.44223649577624,0.37347749374482175,0.03125000000000003,1.0722137613183713,0.689167471475576,0.7687630762115022,0.015728049227820905,-0.07534679860828702,0.08907149196896384,0.47098993967588704,0.24726688088252058,0.567826126710774,Aerospace & Defense,Industrials,HEI
2016Q4,2016,Q4,2016-12-15,2016-10-31,44262000.0,356084000.0,69854000.0,0.32,133583000.0,0.3751446288,2017320000.0,930162000.0,553668000.0,186257000.0,1005050000.0,286679000.0,649131000.0,4535029911.947599,5017743911.947599,7.094761295539557,2.972602371991388,0.2527635675054032,0.5481894551701747,0.033720354695205776,7.094761295539557,0.047585259341921086,12.735842980722525,25.61469156357372,4.875526964063894,0.12141340201527269,0.7761328873060113,0.0011849976966727654,0.17651339400789165,1.16402605002765,0.021940991017785974,65.70792998851893,0.37514462879545274,0.10344827586206906,0.6290217518007392,0.7533401259681988,0.7102196382241799,-0.0033276380484820447,0.05380696157325841,0.04581249812857442,0.4684089344947877,0.31742525428524854,0.5913852719309627,Aerospace & Defense,Industrials,HEI
2016Q3,2016,Q3,2016-08-26,2016-07-31,42002000.0,350648000.0,66794000.0,0.29,134029000.0,0.3822323242,2017112000.0,891346000.0,545998000.0,161828000.0,1038671000.0,282140000.0,613072000.0,4730122854.7888,5256263854.7888,6.819317025675909,3.3739402328398054,0.2790772153455039,0.6315504865675058,0.030885389710711975,6.819317025675909,0.04712199303076471,13.489661583094158,28.15415250933765,5.306719113328382,0.12794628827198704,0.7677713192032324,0.001136122710757784,0.17383665359186798,1.334725758212423,0.02082283978281821,76.11551967669928,0.3822323241541375,0.2083333333333333,1.0008770241350355,0.8472731652447997,0.7031470577580571,0.1945969553281757,0.08653025325296841,0.2693411375686513,0.43735351120804233,0.4612507694360657,0.6073373068082007,Aerospace & Defense,Industrials,HEI
2016Q2,2016,Q2,2016-05-27,2016-04-30,38657000.0,306227000.0,52621000.0,0.24,112196000.0,0.3663818017,1981500000.0,837169000.0,523429000.0,155450000.0,1059282000.0,273494000.0,574233000.0,4100103625.9238,4665138625.9237995,6.409428474476416,3.3671855902219363,0.30023769871309613,0.7106342924785796,0.02607456159593964,6.409428474476416,0.046175861743566714,13.38909902106542,26.515919664768347,4.897581761775459,0.1383966681325504,0.7094524925592518,0.0013048450693229942,0.15454302296240222,1.3110389192666452,0.019508957860206913,85.9884993482614,0.366381801735314,-0.27272727272727276,1.2196091829544369,0.6985582486211376,0.6546631429965935,-0.11514558818890186,0.2361932781171053,-0.23684592180067293,0.6143592471579151,0.3999935142316935,0.5734430137256373,Aerospace & Defense,Industrials,HEI
2016Q1,2016,Q1,2016-02-29,2016-01-31,31271000.0,328672000.0,68952000.0,0.33,126796000.0,0.3857827865,1736387000.0,809863000.0,503612000.0,168387000.0,751834000.0,243517000.0,548054000.0,3672858000.0,4006853000.0,6.203618432076601,2.9908009525675974,0.2117028058837114,0.4539014623461005,0.03835211459314902,6.203618432076601,0.038612703630120156,11.17484300457599,29.363131975312587,4.5351596504593985,0.17108503085926258,0.8290016713412205,0.0014566313208950632,0.18928499234329674,1.2779846425199095,0.018009234116588065,93.03792081465157,0.38578278648622333,0.2692307692307693,0.7707870065151399,0.8762299062673258,0.6691480122852044,0.1730377826296118,-0.18245751633986929,0.17846521962057768,0.5471786699447896,0.33884310305453047,0.2967980299809899,Aerospace & Defense,Industrials,HEI
2015Q4,2015,Q4,2015-12-17,2015-10-31,38250000.0,300370000.0,58510000.0,0.26,108092000.0,0.3598628358,1588414000.0,775603000.0,462862000.0,146830000.0,731832000.0,236235000.0,516007000.0,3370050313.7419996,3637822313.7419996,5.9435848996744225,3.1523666825580605,0.18853334206321526,0.38611119348429546,0.03702386363300235,5.9435848996744225,0.049316467316397695,11.21966346087159,22.026472638836598,4.345071271954852,0.12227450980392157,0.8139268101678413,0.0013878131079909024,0.18910057453535414,1.2437989511680174,0.02408062381721642,64.58880950882572,0.35986283583580253,0.040000000000000036,1.3530733438665303,0.8262248931818161,0.6502710848498425,0.02462699300434148,0.11292152812127208,0.04879185487918549,0.5850289272658735,0.31046715664212876,0.2950479136091091,Aerospace & Defense,Industrials,HEI
2015Q3,2015,Q3,2015-08-27,2015-07-31,34369000.0,291421000.0,55788000.0,0.25,105494000.0,0.3619986206,1580594000.0,748596000.0,452487000.0,140992000.0,752193000.0,231035000.0,486534000.0,3657769317.2330003,3963907317.2330003,5.745396629850215,3.2093097480708126,0.20676846805694568,0.4365732651523652,0.03631425052906242,5.745396629850215,0.04591127924808575,12.551495318570042,26.606602732353284,4.886172671551812,0.13608193430125987,0.8047568550219664,0.0012786481580358434,0.18437435546383196,1.2294456423059463,0.021744356868367207,70.10309748036492,0.3619986205523967,0.19047619047619052,1.2091540239299297,0.8178429736550502,0.6322156755448628,0.12470548098553258,0.038181543573478326,0.20217213291384734,0.46596384520913514,0.32901737268434483,0.2844342153225004,Aerospace & Defense,Industrials,HEI
2015Q2,2015,Q2,2015-05-21,2015-04-30,33105000.0,268185000.0,46406000.0,0.21,93797000.0,0.3497473759,1575260000.0,706945000.0,443435000.0,145155000.0,791323000.0,227970000.0,451205000.0,3718667390.6459,4055210390.6459,5.435180434620537,3.05490682374014,0.2253056638269238,0.5020404699092574,0.030829369370466823,5.435180434620537,0.04682825396600867,13.866052876357365,28.08236966202915,5.260193354003352,0.14094547651412173,0.7649603017940957,0.001254750562456073,0.17024808603024263,1.1796906754848266,0.021015578380711754,123.3634351992403,0.3497473758785913,-0.16000000000000003,1.5239040825037056,0.8967111304919476,0.5981346142265525,-0.0888718357196977,0.1977206946454414,-0.13613432863605057,0.7167471691030944,0.2453946626118943,0.2621370872980052,Aerospace & Defense,Industrials,HEI
2015Q1,2015,Q1,2015-02-26,2015-01-31,27640000.0,292223000.0,53719000.0,0.25,102946000.0,0.3522857544,1489214000.0,699484000.0,431293000.0,152220000.0,714595000.0,218042000.0,437757000.0,4040989791.0838003,4349869791.0838,5.377818290150028,2.833353041650243,0.22099510211426968,0.47050254187372403,0.0359045538128268,5.377818290150028,0.039514842369518105,13.828445369063353,36.55019709735709,5.7771011075075345,0.16881331403762662,0.8680758752900817,0.001154667604034845,0.19622633147418705,1.1161345421101039,0.018560126348530163,160.35037463131624,0.35228575437251686,0.0,1.2466318403433903,0.9505494039307684,0.4644342925723834,-0.0036873227713956663,-0.13907491045008566,0.07195737632949534,0.4133787256295114,0.37220428561921703,0.297018415877803,Aerospace & Defense,Industrials,HEI
2014Q4,2014,Q4,2014-12-18,2014-10-31,32105000.0,291030000.0,50113000.0,0.25,103327000.0,0.3550389994,1507123000.0,672271000.0,433286000.0,135707000.0,761829000.0,221129000.0,408148000.0,3606799874.0677,3972188874.0677,5.176214751511764,3.1928050874310094,0.25633806928830627,0.5746685488441418,0.0362692266806942,5.176214751511764,0.04775603885932905,12.39322363353503,28.08596693714141,5.365098113807824,0.12427970721071484,0.8488393652573837,0.0011062438004080697,0.19310301813455172,1.2534651860257762,0.02130217639834307,60.81575318373379,0.3550389994158678,0.13636363636363635,1.6421840577113958,1.0784923488646285,0.44588442630143754,0.03407657973219111,-0.03779296289636157,0.0191576335644994,0.19277145629156203,0.44657243531444385,0.24774657679696907,Aerospace & Defense,Industrials,HEI
2014Q3,2014,Q3,2014-08-28,2014-07-31,33366000.0,282232000.0,49171000.0,0.22,99922000.0,0.3540420647,1547442000.0,642407000.0,462711000.0,136871000.0,830225000.0,225021000.0,378875000.0,3266040309.0734997,3681231309.0734997,4.95074108680761,3.380635781136983,0.28213852280085455,0.679620552079912,0.031069344188477965,4.95074108680761,0.05193903553354805,11.572182846287804,24.471320424035696,5.084067124227319,0.11958280884732962,0.810191048835442,0.0012216628156472053,0.1823861572840856,1.362268121077511,0.021562035927679357,48.41734329153077,0.35404206468437316,0.047619047619047665,1.8884445094416586,1.0894971108683709,0.43064658477668327,0.0847292030786934,0.17622589628794022,-0.024094472561278158,0.6011055417763278,0.4977226483366452,0.23646401596684372,Aerospace & Defense,Industrials,HEI
2014Q2,2014,Q2,2014-05-22,2014-04-30,28367000.0,266826000.0,50385000.0,0.21,92117000.0,0.3452324736,1523566000.0,607242000.0,434597000.0,144603000.0,795825000.0,224109000.0,349741000.0,3672855569.5063996,4036901569.5063996,4.68284162938415,3.005449402847797,0.2489455658632445,0.6246027119336278,0.033759135686140744,4.68284162938415,0.04671448944572345,13.764983807823825,32.36908705103113,6.048421501652388,0.9597419536785702,0.779571547773628,0.007412488589541463,0.17513255087078602,1.1441878799195038,0.018618819270054595,204.53614576523916,0.3452324735970258,-0.0869565217391305,1.6135388003875575,0.9866652746743232,0.373665758559816,-0.1358954635848561,0.03321799307958478,-0.09309357956693126,0.6406021470498798,0.49075615800935657,0.20892611244328474,Aerospace & Defense,Industrials,HEI
2014Q1,2014,Q1,2014-02-27,2014-01-31,27455000.0,287426000.0,55557000.0,0.23,106604000.0,0.3708919861,1533015000.0,606346000.0,441472000.0,161286000.0,809780000.0,218893000.0,349649000.0,3532099775.0,3894115775.0,4.677693346190935,2.7371997569534865,0.24625655978578162,0.6226065645687445,0.03687667468402397,4.677693346190935,0.0452794279173937,12.288727446368805,32.16262770897833,5.825221531930614,0.9916226552540521,0.826074840218737,0.007707879656372391,0.18749066382259796,1.0696588668576317,0.01790915287847803,119.49320934402381,0.37089198611120777,0.0454545454545455,0.44041716150347276,0.7818602166477561,0.41011515842661067,0.09292597908550339,-0.07841294350642812,0.14772962029500475,0.5657546708733631,0.652445361958666,0.2585820092517769,Aerospace & Defense,Industrials,HEI
2013Q4,2013,Q4,2013-12-19,2013-10-31,29791000.0,267133000.0,48406000.0,0.22,97540000.0,0.3651364676,1386665000.0,577676000.0,408113000.0,141890000.0,695813000.0,216256000.0,326000000.0,3554636324.435,3861404324.435,4.458229833263998,2.87626330255832,0.230437055813769,0.5531457079747125,0.03960019565620821,4.458229833263998,0.05157043048352364,13.306616271426593,29.82978352887617,6.153339111257868,0.12473565842032829,0.784223327907665,0.0010453952699621524,0.19264422192815137,1.0724645852420889,0.021483920052788524,102.4036737852904,0.3651364676022805,0.22222222222222227,1.1186976617694215,0.7604618177561975,0.36983720030885253,0.09046596905464628,0.029156734722078283,0.08319906910132474,0.845687812954195,0.6356650866260452,0.23785356945999492,Aerospace & Defense,Industrials,HEI
2013Q3,2013,Q3,2013-08-29,2013-07-31,28947000.0,237708000.0,44688000.0,0.18,89448000.0,0.3762936039,1209215000.0,549334000.0,380113000.0,118424000.0,550533000.0,199501000.0,301088000.0,3012390578.694,3224058578.694,4.242617275659141,3.2097632236708775,0.18900360977989852,0.41604197082285094,0.0378842044231207,4.242617275659141,0.05269471760349805,12.672651230476045,26.016431570577264,5.4837140586492,0.12837254292327357,0.743154169653285,0.0012335717772730004,0.19658042614423407,1.2137235695467135,0.02393867095595076,69.20422198290794,0.3762936039174113,0.2,1.183794303349728,0.5969707540963554,0.33566175550152066,0.15284383095541892,0.22139240506329114,0.2790291651163456,0.8723521104379081,0.49212148243665,0.20528953330917807,Aerospace & Defense,Industrials,HEI
2013Q2,2013,Q2,2013-05-24,2013-04-30,23700000.0,216490000.0,34939000.0,0.15,77589000.0,0.3583953069,1192521000.0,526602000.0,359695000.0,102574000.0,559977000.0,195089000.0,277593000.0,2330374020.903,2566166020.903,4.0735053119591615,3.506687854622029,0.21373292378079714,0.4840106949840677,0.03229815277018777,4.0735053119591615,0.045005525994963935,10.764349489135757,24.58200443990506,4.425304159313865,4.9217299578059075,0.7119878619501868,0.050054196860125084,0.18153978001225973,1.26101156238423,0.019873863856485548,88.10487791693761,0.358395306942584,-0.3478260869565218,0.9158233530402694,0.5570630525030076,0.3201971948715846,-0.13538300385566873,0.1874937368473795,-0.23389466298294084,0.8179630155162244,0.5405010320032138,0.197754135044124,Aerospace & Defense,Industrials,HEI
2013Q1,2013,Q1,2013-02-22,2013-01-31,19958000.0,242409000.0,45606000.0,0.23,89738000.0,0.3701925259,1192846000.0,616673000.0,367911000.0,131514000.0,405921000.0,189704000.0,375085000.0,2395046133.5654,2505415133.5654,4.783796928013178,2.7975044481956295,0.11050881672906646,0.21375996678953027,0.039590665244979305,4.783796928013178,0.032363991937380106,9.880186517684574,30.001078935331694,3.8838187071031163,5.844523499348632,0.8047853498081221,0.0487026109289827,0.2032190240819016,1.0923932052861292,0.016731413778476013,271.639575089645,0.3701925258550631,0.2777777777777779,0.2840165100972407,0.6786436605321948,0.6073572353888063,0.06511418126572663,-0.16111134462611912,0.07421976210104816,0.6368178474909669,0.6326036471236163,0.3026762698390617,Aerospace & Defense,Industrials,HEI
2012Q4,2012,Q4,2012-12-20,2012-10-31,23791000.0,225969000.0,42455000.0,0.18,84252000.0,0.372847603,1159199000.0,590435000.0,355155000.0,114406000.0,409524000.0,192887000.0,355163000.0,2035614534.3558002,2174568534.3558,4.58947104367013,3.1043389332727305,0.1319178156640922,0.2589937927121529,0.03920178849070539,4.58947104367013,0.040294020510301724,9.008379620017791,21.39059449325165,3.447652212954517,0.13294943466016562,0.7347151440999135,0.0015538305246975345,0.19493546837083192,1.1163050888939392,0.020523654696044422,35.46305002274873,0.37284760298979064,0.2,0.48673663588871735,0.6231029424527684,0.5980205128246524,0.12040213835474348,0.028666551366309235,0.12909231137469748,0.9766315453877722,0.6292291283674735,0.2819879053638536,Aerospace & Defense,Industrials,HEI
2012Q3,2012,Q3,2012-08-24,2012-07-31,23128000.0,216314000.0,37601000.0,0.15,75198000.0,0.3476335327,1171515000.0,574950000.0,357210000.0,125347000.0,440510000.0,187395000.0,334582000.0,1879004031.5016,2031460031.5016,4.473095282974566,2.84976904114179,0.1491385086832008,0.3038838159839986,0.03272815443744465,4.473095282974566,0.04022610661796678,8.686465191811903,20.310922166871325,3.268117282375163,0.136760636457973,0.7530403692734599,0.0016833385916007314,0.18464466950913988,1.0904848141559031,0.01974195806285024,65.41582062044283,0.34763353273482067,0.0,1.0105016420317834,0.6930842329287987,0.5947899253848314,-0.03897863204171353,0.21451451977104447,-0.0008237670068027211,1.0212316176916671,0.616732881572955,0.29261829244534315,Aerospace & Defense,Industrials,HEI
2012Q2,2012,Q2,2012-05-31,2012-04-30,19043000.0,212655000.0,37632000.0,0.15,78248000.0,0.3679574898,1132499000.0,553130000.0,348481000.0,99720000.0,485386000.0,183786000.0,315085000.0,2121281742.915,2288970742.915,4.306331292630202,3.4945948656237467,0.16845930989784538,0.3449098765208902,0.03330075286394131,4.306331292630202,0.034427711387919654,9.975226272201454,27.84857615547708,3.835050969781064,0.13264716693798245,0.7313233869826864,0.0011907894877409581,0.1877750002428258,1.31471119133574,0.01681502588523257,49.06285833368027,0.36795748983094684,0.07142857142857129,0.9150443571940596,0.7695827122191962,0.5760524395805634,0.052866696268787254,-0.007401615845712796,0.005128205128205128,0.7712646940052171,0.5984708056898487,0.26322013637661573,Aerospace & Defense,Industrials,HEI
2012Q1,2012,Q1,2012-03-01,2012-01-31,19185000.0,208919000.0,37440000.0,0.14,74319000.0,0.3557311685,941069000.0,529071000.0,316638000.0,123390000.0,255485000.0,164967000.0,299497000.0,2324762072.4300003,2347420072.4300003,4.146292931785706,2.5661560904449305,0.04267274769437735,0.07590285613840109,0.043033201296230165,4.146292931785706,0.03626167376401277,11.127576105715614,30.29400667748241,4.394045548574766,0.0053166536356528534,0.8159207599095577,4.3875457712273596e-05,0.22200178732909065,1.0042466974633277,0.020386390370950483,-385.02187353925143,0.35573116853900316,-0.3,0.49210332206812885,0.8114950062532592,0.5880412885837235,0.06436090225563909,-0.273075174295241,0.04856326667786927,0.022500281129332365,0.31571041481486045,0.24992172031738036,Aerospace & Defense,Industrials,HEI
2011Q4,2011,Q4,2011-12-22,2011-10-31,26392000.0,197267000.0,35706000.0,0.2,69825000.0,0.3539618892,854742000.0,528293000.0,309887000.0,93938000.0,178527000.0,155569000.0,292242000.0,2379390860.001,2351902860.001,4.1484503726705295,3.2988460473929613,0.00011699436789112972,0.000189288898395398,0.050037359280182436,4.1484503726705295,0.04995712606451344,12.061778503251938,22.53894039861511,4.50392274741668,0.09487723552591694,0.8191991977836202,0.0010523701851989748,0.23079127970779487,1.3627073175924547,0.030877153573826956,64.68548444978795,0.3539618892161385,0.5384615384615385,1.68143113077477,0.8284344603956417,0.6292481940526283,0.05204080095222311,0.2935986667973728,0.08486008568043023,0.9098054231604784,0.3227763532966651,0.27465425889870415,Aerospace & Defense,Industrials,HEI
2011Q3,2011,Q3,2011-09-01,2011-07-31,20402000.0,184486000.0,32913000.0,0.13,66371000.0,0.3597617163,834907000.0,508648000.0,288226000.0,90350000.0,181470000.0,153676000.0,273364000.0,2176694651.0944,2176039651.0944,4.003950800732697,3.1901051466519093,0.008509929848474141,0.01396840251018386,0.04275359495455433,4.003950800732697,0.040110253063021975,11.798698281140032,26.6725645904127,4.279373262245009,0.004999509851975297,0.7685975689112158,4.6860040726758055e-05,0.22096592794167494,1.1989928057553956,0.024436254576857063,67.91135189986272,0.35976171633619897,-0.23529411764705885,1.3158225327489155,0.881891253795978,0.6257804732501872,0.03824734849669931,0.21224004753416517,0.016711973310268132,0.5687542871520398,0.2632537445434872,0.2605247204669173,Aerospace & Defense,Industrials,HEI
2011Q2,2011,Q2,2011-05-31,2011-04-30,16830000.0,174219000.0,32372000.0,0.17,63926000.0,0.3669289802,825500000.0,488918000.0,280361000.0,81189000.0,187154000.0,149445000.0,256123000.0,1991869282.479,2002169282.479,3.8735548692218686,3.4531894714801266,0.029273167777104786,0.04942546602906827,0.04389602513803925,3.8735548692218686,0.03442295026977939,11.433134632152637,29.588076091488414,4.074035487503017,0.11824123588829472,0.7380173307905918,0.000999061543598547,0.2110466384009691,1.3045116949340427,0.02038764385221078,78.64918591483061,0.3669289801915979,0.4166666666666668,1.0800806153061877,0.8433052392632984,0.6124167395445768,0.047143231555497316,-0.014290734450040999,0.09073755854307759,0.3934106822287057,0.2833696910445101,0.25539452655540007,Aerospace & Defense,Industrials,HEI
2011Q1,2011,Q1,2011-03-02,2011-01-31,17074000.0,169370000.0,29679000.0,0.12,61048000.0,0.3604416367,781643000.0,469112000.0,259249000.0,81832000.0,171769000.0,138215000.0,240913000.0,1730153234.2424998,1737831234.2424998,3.7166377016399665,3.168063838107342,0.018193727827153828,0.030314722283804295,0.04127620789648921,3.7166377016399665,0.03639642558706663,10.215228400794118,25.333156176679452,3.6881453346802044,0.003982663699191754,0.7837210143616828,3.930287714068976e-05,0.21668459897932943,1.2019503372763711,0.02184373172919095,78.96637308272477,0.36044163665348056,0.0,1.358188014763789,1.063105340804442,0.5988106293100298,0.0607266345802999,0.0915483953458637,0.023660883661573484,0.12187572473155836,0.19784919741574764,0.2487914079435955,Aerospace & Defense,Industrials,HEI
2010Q4,2010,Q4,2010-12-22,2010-10-31,15642000.0,158270000.0,28993000.0,0.12,57553000.0,0.3636380868,778039000.0,452252000.0,259725000.0,67977000.0,242085000.0,140712000.0,225206000.0,1636006656.7546,1672261656.7546,3.6015809488749704,3.8207776159583386,0.060783585398675385,0.10457001848526927,0.03931409757084015,3.6015809488749704,0.03458691172178343,10.336808344945979,26.14765785632592,3.617466936032566,0.12632655670630355,0.7157669566206152,0.0012078190463600286,0.20342167937596958,1.3992232666931461,0.02010439065393894,51.67098277918641,0.3636380868136728,-0.07692307692307698,1.196654986174206,1.128837721486831,0.5786585970103268,0.07322940364748443,0.04768921634293369,0.11696266902954887,0.001464990988072057,0.16471038472575955,0.2540443506749249,Aerospace & Defense,Industrials,HEI
2010Q3,2010,Q3,2010-09-01,2010-07-31,14930000.0,153845000.0,25957000.0,0.13,53626000.0,0.3485716143,779898000.0,440138000.0,257252000.0,65531000.0,258188000.0,144557000.0,212524000.0,1295731835.676,1349557835.676,3.519998438890313,3.925653507500267,0.08251207209147864,0.14620641707828,0.03338519792558226,3.519998438890313,0.03392117926650278,8.422320099294746,21.696782245077028,2.94392176016613,0.004554588077695914,0.6932836182267202,5.2479994801180075e-05,0.19726297541473373,1.369687628755856,0.019143529025590526,50.78314072804233,0.34857161428710715,0.08333333333333341,1.3021884859674857,1.1415728162176135,0.5763000319526412,0.06995211492418196,0.1874652032132347,0.05757007822685789,0.3341408910498297,0.23780678066823088,0.2549828905007308,Aerospace & Defense,Industrials,HEI
2010Q2,2010,Q2,2010-06-03,2010-04-30,12573000.0,135535000.0,24544000.0,0.12,50120000.0,0.3697937802,737832000.0,424024000.0,245799000.0,65402000.0,234108000.0,141640000.0,199406000.0,1407676970.2905,1443551970.2905,3.400952827275439,3.7582795633161066,0.05881962289518481,0.10235033866007584,0.034244190756371376,3.400952827275439,0.02965162349300983,10.386077177780647,27.990077354062276,3.3198049409715016,0.12487075479201463,0.6030429257271958,0.0011153126982506518,0.1836935779418621,1.2540136387266445,0.017040464495982826,77.6906545775429,0.36979378020437526,0.2861736334405145,1.047704912642591,1.2131664301642413,0.5517514423007653,0.02751240313255976,0.06614093106079878,0.02007397863762936,0.3026037723503425,0.16192119581038267,0.24469754788700065,Aerospace & Defense,Industrials,HEI
2010Q1,2010,Q1,2010-03-05,2010-01-31,11793000.0,143607000.0,24061000.0,0.0933,48778000.0,0.3396631083,732910000.0,457853000.0,243577000.0,65513000.0,185315000.0,137585000.0,234348000.0,1108113137.2878,1156377137.2878,3.6722837736225817,3.7179949017752203,0.07563138720988935,0.12106724210609082,0.02990831297296077,3.6722837736225817,0.025757175337935975,7.716289159217866,23.49090853234546,2.420237799660153,0.13312982277622318,0.6892393792928008,0.001416822838002541,0.19594083857499556,1.2979256025521653,0.016090652331118418,61.15752178860865,0.33966310834430075,-0.22250000000000003,0.7624137113242418,1.1911942036718695,0.7219301832601869,0.06476610421077907,0.013492609144035751,0.12319111194099523,-0.06130276711030993,0.2743800315691774,0.4064945125324557,Aerospace & Defense,Industrials,HEI
2009Q4,2009,Q4,2009-12-23,2009-10-31,11636000.0,134086000.0,21422000.0,0.12,45811000.0,0.3416538639,713450000.0,445251000.0,250357000.0,60012000.0,178506000.0,145496000.0,222712000.0,991937060.8875,1041477060.8875,3.5799643853641094,4.171782310204626,0.07917583572780153,0.12686776672034425,0.02972287759996529,3.5799643853641094,0.026133574096408544,7.3977675587868985,21.31181378668572,2.227815458892849,0.1344963905122035,0.606717710452521,0.0015777210689151713,0.18794029013946317,1.3182196893954543,0.01630948209405004,33.47858722493166,0.3416538639380696,0.09090909090909087,0.06507150150049419,1.225537865379236,0.7047881005149926,0.07744955077849382,0.04527488321954725,0.0048313710774426566,0.2104889155867826,0.2725391515788736,0.4059829540331427,Aerospace & Defense,Industrials,HEI
2009Q3,2009,Q3,2009-09-01,2009-07-31,11132000.0,130166000.0,21319000.0,0.11,42518000.0,0.3266444386,674492000.0,432724000.0,243230000.0,61546000.0,156696000.0,142508000.0,213145000.0,968463680.3183999,996511680.3183999,3.460492017726653,3.952003379586001,0.055591467356173235,0.0866510755123358,0.030492900071422937,3.460492017726653,0.02572540464591749,7.440220029181199,21.749543665073663,2.2380632465922847,0.14058569888609415,0.6150391556965223,0.0016159614777556531,0.19298375666427475,1.3231079192798882,0.016504272845341384,65.72093378925081,0.3266444386398906,-0.0833333333333333,0.9729886678128489,1.2609920480535177,0.6925457469228727,-0.031568877551020405,0.05606678683236885,-0.006246212650911295,0.2836931015411887,0.34891363948597404,0.4051122579299955,Aerospace & Defense,Industrials,HEI
2009Q2,2009,Q2,2009-06-03,2009-04-30,10541000.0,130437000.0,21453000.0,0.12,43904000.0,0.3365916113,672378000.0,429317000.0,241048000.0,59964000.0,159404000.0,140428000.0,202604000.0,758260294.74,794423294.74,3.409010962240009,4.019878593822961,0.060302389429755285,0.09444303393529722,0.03304397715401781,3.409010962240009,0.02455295271326316,5.8132301014282755,17.98359488521013,1.7662014193241822,0.15036524048951713,0.6162090181445296,0.0020903112176584174,0.1939935571955061,1.3170235474618104,0.015677193483427478,40.746966238916656,0.3365916112759416,-0.2,1.3070043599533212,1.5410705490880208,0.6890974580828981,-0.2359073426269166,-0.4307700615617237,-0.25276907001044935,0.3057333309924919,0.3831814908896229,0.419044398849824,Aerospace & Defense,Industrials,HEI
2009Q1,2009,Q1,2009-03-04,2009-01-31,18518000.0,156716000.0,28710000.0,0.15,57459000.0,0.3666441206,676542000.0,417760000.0,251510000.0,81228000.0,174804000.0,132910000.0,192872000.0,1044021536.1940001,1069060536.1940001,3.3172420835545435,3.0963460875560154,0.0555782198296632,0.0900062236690923,0.041805325025627046,3.3172420835545435,0.044326886250478745,6.661869472127926,14.094685389809914,2.499094064041555,0.08559239658710444,0.746798585508991,0.0015181679161314495,0.23164267702522534,1.2429827153198405,0.02737154529947882,403.09711822162166,0.3666441205747977,0.15384615384615377,4.137029806216338,1.9562292708131135,0.6955666648754998,0.06699968431412602,0.3566300366300366,0.04441776710684274,1.5633851064784638,0.9132639136296451,0.42699997388535393,Aerospace & Defense,Industrials,HEI
2008Q4,2008,Q4,2008-12-24,2008-10-31,13650000.0,147305000.0,27489000.0,0.13,53851000.0,0.3655748277,665669000.0,409385000.0,234093000.0,72423000.0,175623000.0,129952000.0,179222000.0,1014818016.2321,1051015016.2321,3.254569106649181,3.2323018930450274,0.06423913386382722,0.10445424233911843,0.03932647950064018,3.254569106649181,0.0333426969722877,6.889229939459625,18.586410553701466,2.4788842195783922,0.09663003663003664,0.7191424525978823,0.0012997404252806744,0.22128865847741144,1.145423415213399,0.020505686760236695,76.86850600152249,0.36557482773836597,0.0,2.3962361598976174,1.8570336237301264,0.6735543065983178,0.028554511421804568,0.06416153426366258,0.042869608103494064,0.91359976008131,0.9779273262322885,0.4265550525473725,Aerospace & Defense,Industrials,HEI
2008Q3,2008,Q3,2008-09-03,2008-07-31,12827000.0,144039000.0,26359000.0,0.13,52356000.0,0.3634848895,664428000.0,397991000.0,232689000.0,74114000.0,188768000.0,123532000.0,167715000.0,914933669.0618,965335669.0618,3.176415928796361,3.139609250613919,0.08402565816010162,0.1402770414406356,0.03787675355056917,3.176415928796361,0.032229372020975346,6.351985705689431,17.83218346187339,2.2988802989560067,0.1028299680361737,0.7421801638441862,0.0014416345628121233,0.216786468962777,1.2014599131068353,0.019305327289036583,50.19936733577307,0.3634848895090913,0.18181818181818185,2.483411035226407,2.0472309721882587,0.64832634069126,0.11802515535245255,0.07356879812520924,0.1346965131295738,0.973861486732141,1.0009676426972645,0.42243941779560706,Aerospace & Defense,Industrials,HEI
2008Q2,2008,Q2,2008-06-03,2008-04-30,11948000.0,134287000.0,23230000.0,0.11,46829000.0,0.3487232569,648347000.0,385253000.0,226100000.0,64945000.0,187065000.0,117866000.0,155766000.0,1348766599.3200002,1403030599.3200002,3.0855279255122117,3.4814073446762643,0.10312224780865802,0.17354569594526195,0.03387844299679941,3.0855279255122117,0.031013386008674818,10.043910425581032,28.221597742718448,3.5009892183058926,0.10980917308336123,0.7420121154531417,0.0009727405769548738,0.20712211207887135,1.3413349757487105,0.018428403308722027,63.480331308890676,0.34872325690498707,-0.0833333333333333,3.0392008605586005,1.8332846518500088,0.6183345744604816,-0.03640067492489403,-0.20637661906343407,-0.025873275464419004,0.9431080595022187,1.1896256315261173,0.40783264333265945,Aerospace & Defense,Industrials,HEI
2008Q1,2008,Q1,2008-03-11,2008-01-31,15055000.0,139870000.0,23847000.0,0.12,48598000.0,0.3474512047,631302000.0,371601000.0,217808000.0,87338000.0,186763000.0,115770000.0,147632000.0,1165474981.92,1216479981.92,2.9761877588189147,2.493851473585381,0.08862953071588558,0.15057010072631666,0.0367339242284937,2.9761877588189147,0.04051388451591895,8.332558675341389,19.353619759548323,3.136361263613392,0.0871471272002657,0.7883907748121275,0.0011257212899058674,0.22155798651041816,1.000091598158877,0.02384754047983374,165.73876307167237,0.34745120469006935,0.0,1.248618606491972,1.7096080723067673,0.582268193495224,0.0187192118226601,-0.01633453119895459,-0.0040511192783160704,1.246661312119612,1.1310965111777587,0.3955314591345842,Aerospace & Defense,Industrials,HEI
2007Q4,2007,Q4,2007-12-28,2007-10-31,15305000.0,133155000.0,23944000.0,0.12,47705000.0,0.3582666817,571320000.0,353382000.0,206287000.0,66533000.0,146892000.0,111355000.0,136869000.0,1404793008.5112,1440107008.5112,2.8719725478102944,3.100521545699127,0.07180214240705735,0.11608401107017335,0.04016235985175856,2.8719725478102944,0.04331007238625623,10.550058266765799,22.94663522559948,3.9752817305669224,0.06755962103887618,0.7673656324368012,0.00073605149921399,0.2330655324511657,1.2109629807764568,0.02678883987957712,83.79320062697286,0.358266681686756,0.1999999999999999,3.523320899994169,1.7916130622450142,0.566784794743446,0.0924725765452172,0.40232728605460877,0.1357017502253,0.4160234416372959,1.2339378616868797,0.3676405956800447,Aerospace & Defense,Industrials,HEI
2007Q3,2007,Q3,2007-08-31,2007-07-31,10914000.0,121215000.0,21083000.0,0.1,43667000.0,0.3602441942,559296000.0,342040000.0,195168000.0,60418000.0,149182000.0,106906000.0,126989000.0,1027064651.1264,1072197651.1264,2.8048178708522906,3.230295607269357,0.09122539764275088,0.14916968775581804,0.03542728882628927,2.8048178708522906,0.031908548707753476,8.473082136092067,23.52631141484332,3.002761814777219,0.09474070001832509,0.7253849175911549,0.0010067525923183062,0.21672781496738758,1.2232778311099342,0.019513817370408512,88.70829600331663,0.3602441942003877,0.1135857461024499,1.2498953183623085,1.5324646913607445,0.5446620299604176,0.16482607767819035,0.16019985117465718,0.23004667444574095,0.9835184380653439,1.1590303175523262,0.3718519025288801,Aerospace & Defense,Industrials,HEI
2007Q2,2007,Q2,2007-06-01,2007-04-30,9407000.0,113684000.0,17140000.0,0.0898,37488000.0,0.3297561662,546960000.0,332010000.0,188765000.0,52191000.0,149276000.0,99228000.0,117581000.0,921196638.3356,975375638.3356,2.732352797712905,3.6168113276235365,0.109737457949393,0.18078371133399596,0.030483897818133578,2.732352797712905,0.028333483931206892,8.10313358375497,24.48167955606463,2.774605097242854,0.10864250026575954,0.7678880961019067,0.0011094265409462734,0.20784700892204183,1.3834377574677625,0.017198698259470527,58.35529192547828,0.3297561662151226,-0.10200000000000001,1.131669365261988,1.4937195146439233,0.5404125272194503,-0.04707676664972039,-0.23170532505717087,-0.0246400728390144,1.1337967219144354,1.295358707941729,0.35382673048665686,Aerospace & Defense,Industrials,HEI
2007Q1,2007,Q1,2007-03-02,2007-01-31,12244000.0,109825000.0,17573000.0,0.1,39340000.0,0.3582062372,534815000.0,317258000.0,180021000.0,65503000.0,154256000.0,97283000.0,110682000.0,933687934.492,983749934.492,2.6109478145140232,2.748286338030319,0.102953357703131,0.1735527551708704,0.03409248880753844,2.6109478145140232,0.038593195443456116,8.5015974003369,19.064193370058806,2.9429925628100793,0.08346945442665796,0.7245356331527605,0.0010945841348544883,0.20535138318857923,1.068821275361434,0.022893897889924554,2146.409044809195,0.35820623719553835,0.149425287356322,10.933856918037348,1.1468165294354375,0.5119628263302776,0.04669415990421711,0.313592962128527,0.010639521509086727,2.520275267362573,1.1471445556088768,0.33455321212969474,Aerospace & Defense,Industrials,HEI
