Quarters,Year,Quarter,FillingDate,Date,NetIncome,Revenue,OperatingIncome,EPSDiluted,GrossProfit,GrossProfitRatio,TotalAssets,CommonStockEquity,CurrentAssets,CurrentLiability,TotalLiability,Inventory,RetainedEarnings,MarketCap,EnterpriseValue,bookValuePerShare,currentRatio,debtToAssets,debtToEquity,roic,shareholdersEquityPerShare,roe,priceToSalesRatio,peRatio,pbRatio,payoutRatio,inventoryTurnover,dividendYield,assetTurnover,quickRatio,returnOnAssets,priceToFreeCashFlowsRatio,grossProfitMargin,epsdilutedGrowth,fiveYNetIncomeGrowthPerShare,fiveYRevenueGrowthPerShare,fiveYShareholdersEquityGrowthPerShare,grossProfitGrowth,netIncomeGrowth,operatingIncomeGrowth,threeYNetIncomeGrowthPerShare,threeYRevenueGrowthPerShare,threeYShareholdersEquityGrowthPerShare,Industry,Sector,Symbol
2023Q1,2023,Q1,2023-03-31,2023-03-31,2029000000.0,7237000000.0,-15000000.0,0.45,7219000000.0,0.9975127815,1539050000000.0,69699000000.0,265874000000.0,0.0,126719000000.0,0.0,53564000000.0,22960127637.2675,-116194872362.73248,17.678883956880153,0.0,0.0823358565348754,1.818089212183819,-5.987725145814188e-05,17.678883956880153,0.02911089111751962,3.172602962175971,2.8289955196238914,0.32941832217488776,,0.0,,0.004702251388843767,0.0,0.0013183457327572204,0.0,0.9975127815393119,0.40625,4.696483600150135,0.45920830726690576,0.2651218349324046,0.2463743093922652,0.5359576078728236,-1.0116459627329193,1.69131031581404,0.2619823741551395,0.11693807503025958,Banks—Diversified,Financial Services,BCS
2022Q4,2022,Q4,2022-12-31,2022-12-31,1321000000.0,5792000000.0,1288000000.0,0.32,5792000000.0,1.0,1513699000000.0,68292000000.0,256351000000.0,0.0,1444439000000.0,0.0,52827000000.0,26886437286.539997,-46098562713.45999,16.375014986212683,0.0,0.12113768985775904,2.6850289931470743,0.005246985200258755,16.375014986212683,0.019343407719791483,4.641995387869475,5.088273521298259,0.3936981972491653,,0.0,,0.0038263882053169093,0.0,0.0008726966193410976,0.0,1.0,-0.21951219512195116,2.2121396563140348,0.17857266473242703,0.0913900724517076,-0.026718198622080323,-0.23108265424912688,-0.34519572953736655,0.5799024712506988,0.13315669493397406,0.09782671208532931,Banks—Diversified,Financial Services,BCS
2022Q3,2022,Q3,2022-09-30,2022-09-30,1718000000.0,5951000000.0,1967000000.0,0.41,5951000000.0,1.0,1726899000000.0,67034000000.0,257070000000.0,0.0,1658896000000.0,0.0,52329000000.0,23934001709.120003,-101092998290.88,16.073372497302483,0.0,0.07646249143696301,1.9697914491153743,0.008631097114503902,16.073372497302483,0.025628785392487394,4.021845355254579,3.4828291194877767,0.35704272024823225,0.0,0.0,0.0,0.003446061408339457,0.0,0.000994846832385681,13.931316477951107,1.0,0.36666666666666664,1.371026709481331,0.17487720691898703,0.058957011077288124,-0.11285032796660703,0.352755905511811,0.3299526707234618,66.57490664144542,0.10682786887498275,0.0436025045456149,Banks—Diversified,Financial Services,BCS
2022Q2,2022,Q2,2022-06-30,2022-06-30,1270000000.0,6708000000.0,1479000000.0,0.3,6708000000.0,1.0,1589230000000.0,69627000000.0,283136000000.0,0.0,1518634000000.0,0.0,52980000000.0,26199206281.82,-129159793718.18,16.695120489149982,0.0,0.08040182981695539,1.8351645195111093,0.00644763290350646,16.695120489149982,0.01824005055510075,3.905665814224806,5.1573240712244095,0.376279407152685,,0.0,,0.0042209120139941984,0.0,0.0007991291380102314,0.0,1.0,-0.23076923076923084,2.0468330395116396,0.35443832954820353,0.11340450229248836,0.03263546798029557,-0.21604938271604937,-0.33766233766233766,0.07457720655419371,0.24728179652184787,0.060986074059645366,Banks—Diversified,Financial Services,BCS
2022Q1,2022,Q1,2022-03-31,2022-03-31,1620000000.0,6496000000.0,2233000000.0,0.39,6496000000.0,1.0,1496095000000.0,68465000000.0,264916000000.0,0.0,1426661000000.0,0.0,52478000000.0,25112003849.945004,-117515996150.055,16.416496822922912,0.0,0.08173812491853792,1.7861389030891697,0.008488856496780385,16.416496822922912,0.023661724968962242,3.865764139461977,3.8753092361026233,0.3667860052573578,,0.0,,0.004341970262583593,0.0,0.0010828189386369181,0.0,1.0,0.21875000000000003,3.995443098124802,0.13175944076838286,0.05984799282511659,0.2555083107846927,0.1894273127753304,0.5431928127159641,0.3642532613837635,0.2686697164731828,0.08605912813378214,Banks—Diversified,Financial Services,BCS
2021Q4,2021,Q4,2021-12-31,2021-12-31,1362000000.0,5174000000.0,1447000000.0,0.32,5174000000.0,1.0,1383296000000.0,69222000000.0,238574000000.0,0.0,1314074000000.0,0.0,50657000000.0,32706107277.749996,-39277892722.25,16.22834368772711,0.0,0.12042975617655223,2.4066048366126376,0.0056699894847587005,16.22834368772711,0.01967582560457658,6.321242226082334,6.003323655974669,0.47248139721114674,,0.0,,0.003740341908022578,0.0,0.0009846048857222172,0.0,1.0,-0.058823529411764754,4.6764031131148975,0.03241841008643717,0.0584083076591711,0.0,-0.17102860620815583,0.0,7.869555189857617,0.023645512349226728,0.1097384297297565,Banks—Diversified,Financial Services,BCS
2021Q3,2021,Q3,2021-09-30,2021-09-30,1643000000.0,5465000000.0,0.0,0.34,0.0,0.0,1406513000000.0,68697000000.0,0.0,0.0,1336752000000.0,0.0,49216000000.0,32487056227.704,-86425943772.29599,16.105263157894736,0.0,0.07730323146675502,1.5827183137546035,0.0,16.105263157894736,0.0239166193574683,5.944566555847026,4.943252621379184,0.47290356533333333,,0.0,,0.0038854955482103613,0.0,0.0011681370879615047,0.0,0.0,-0.3061224489795918,2.110135822563601,0.021443049774001768,0.06589135480067934,0.0,-0.28627280625543006,0.0,0.39874235759366783,-0.20753400536498093,0.09063448010391507,Banks—Diversified,Financial Services,BCS
2021Q2,2021,Q2,2021-06-30,2021-06-30,2302000000.0,5415000000.0,0.0,0.49,0.0,0.0,1376333000000.0,67052000000.0,0.0,0.0,1308217000000.0,0.0,48461000000.0,29915361247.75,-83475638752.25,15.719610831086625,0.0,0.07525213738245032,1.5446519119489353,0.0,15.719610831086625,0.03433156356260812,5.524535779824562,3.2488446185653785,0.44615166210925855,,0.0,,0.00393436762760175,0.0,0.0016725603469509196,0.0,0.0,0.2373737373737373,1.9236633556520761,-0.12105994557260824,0.05816134894083923,0.0,0.21221695629278567,0.0,0.6408038845243279,0.43324128396524697,0.10137687712195251,Banks—Diversified,Financial Services,BCS
2021Q1,2021,Q1,2021-03-31,2021-03-31,1899000000.0,5900000000.0,0.0,0.396,0.0,0.0,1379656000000.0,65105000000.0,0.0,0.0,1313487000000.0,0.0,46659000000.0,31817655999.775932,-74468344000.22406,15.130035211374155,0.0,0.07482662344816389,1.5856693034329161,0.0,15.130035211374155,0.02916826664618693,5.39282305080948,4.188738283277506,0.4887129406309183,,0.0,,0.004276428327061239,0.0,0.0013764300666253037,0.0,0.0,6.764705882352942,2.4600642163277735,0.1451669199965533,0.024695665616060777,0.0,3.257847533632287,0.0,4.169779110180744,0.08995364967724977,0.08272320559897457,Banks—Diversified,Financial Services,BCS
2020Q4,2020,Q4,2020-12-31,2020-12-31,446000000.0,4790000000.0,0.0,0.051,0.0,0.0,1349514000000.0,65797000000.0,0.0,0.0,1282632000000.0,0.0,45527000000.0,25223432460.42843,-21885567539.571564,15.290852112783739,0.0,0.10671841863070705,2.188823198626077,0.0,15.290852112783739,0.006778424548231682,5.2658522881896515,14.13869532535226,0.3833523178933451,0.0,0.0,0.0,0.0035494259414870833,0.0,0.000330489346535123,0.0,0.0,-0.6357142857142858,1.1795037805322834,-0.15521802449713407,0.02499565977558804,0.0,-0.452760736196319,0.0,1.396641746709448,-0.05533669590101107,0.019130926553073198,Banks—Diversified,Financial Services,BCS
2020Q3,2020,Q3,2020-09-30,2020-09-30,815000000.0,5204000000.0,0.0,0.14,0.0,0.0,1421669000000.0,67816000000.0,0.0,0.0,1352612000000.0,0.0,45825000000.0,16843383477.9,-105182616522.1,15.681812926349867,0.0,0.08366715459083654,1.7539666155479532,0.0,15.681812926349867,0.012017812905509025,3.2366224976748654,5.166682048435582,0.2483688728014038,0.0,0.0,0.0,0.00366048637200361,0.0,0.0005732698680213186,0.0,0.0,6.0,0.5233656958687186,-0.202801252067926,0.014972212008622041,0.0,1.7533783783783783,0.0,0.0847336670697752,-0.009186215225819309,0.033160013404007344,Banks—Diversified,Financial Services,BCS
2020Q2,2020,Q2,2020-06-30,2020-06-30,296000000.0,5338000000.0,0.0,0.02,0.0,0.0,1385117000000.0,68304000000.0,0.0,0.0,1315576000000.0,0.0,45817000000.0,19596629518.1,-50999370481.899994,15.798311553139817,0.0,0.08941916098062475,1.8133052237057858,0.0,15.798311553139817,0.004333567580229562,3.6711557733420754,16.551207363260136,0.2869031025723237,,0.0,,0.0038538260666788437,0.0,0.00021370035888665002,0.0,0.0,-0.8571428571428571,-0.7759296977998268,-0.34704876094840464,0.06846252375959379,0.0,-0.6416464891041163,0.0,1.2353520976497887,0.03967455028321173,0.05359594279758815,Banks—Diversified,Financial Services,BCS
2020Q1,2020,Q1,2020-03-31,2020-03-31,826000000.0,6283000000.0,0.0,0.14,0.0,0.0,1444296000000.0,68369000000.0,0.0,0.0,1374696000000.0,0.0,46725000000.0,15797296565.55,-28451703434.449997,15.827989350619285,0.0,0.07446949932700776,1.5731691263584373,0.0,15.827989350619285,0.012081498924951367,2.5142919887872033,4.781264093689468,0.23105934803127148,,0.0,,0.0043502162991519745,0.0,0.0005719049280756853,0.0,0.0,-0.12499999999999993,-0.9999985933497655,-0.9999991108025157,-0.9999989545020133,0.0,-0.046189376443418015,0.0,1.459199129134824,0.05689006778008107,0.021853987769625764,Banks—Diversified,Financial Services,BCS
2019Q4,2019,Q4,2019-12-31,2019-12-31,866000000.0,5294000000.0,0.0,0.16,0.0,0.0,1140229000000.0,64429000000.0,0.0,0.0,1074569000000.0,0.0,44204000000.0,31132782427.600002,26521782427.600006,14.91584674152101,0.0,0.12773486729420142,2.260581415201229,0.0,14.91584674152101,0.013441152276148938,5.8807673644881,8.987523795496536,0.4832107036831241,,0.0,,0.0046429269909816365,0.0,0.0007594965572705132,0.0,0.0,3.3529411764705883,1.5026097552346536,-0.031160555972307564,0.0037767867599543562,0.0,33.074074074074076,0.0,2.5641049335580974,0.043157105982612146,-0.02719239801804461,Banks—Diversified,Financial Services,BCS
2019Q3,2019,Q3,2019-09-30,2019-09-30,-27000000.0,5541000000.0,0.0,-0.068,0.0,0.0,1290351000000.0,66197000000.0,0.0,0.0,1222933000000.0,0.0,43867000000.0,25685827944.0,-24959172056.0,15.40181479758027,0.0,0.08216601529351317,1.6016284725893923,0.0,15.40181479758027,-0.0004078734685861897,4.635594286951814,-237.8317402222222,0.38802102729730953,,0.0,,0.004294180420676235,0.0,-2.092453913702551e-05,0.0,0.0,-1.2833333333333334,-1.0548630100183396,-0.22204862942984596,0.03641089558893471,0.0,-1.0221857025472474,0.0,-1.0507234858038002,0.027816716255684076,0.019335175093652703,Banks—Diversified,Financial Services,BCS
2019Q2,2019,Q2,2019-06-30,2019-06-30,1217000000.0,5538000000.0,0.0,0.24,0.0,0.0,1232822000000.0,67576000000.0,0.0,0.0,1164025000000.0,0.0,44556000000.0,26192134886.399998,-22259865113.600006,15.735475608336245,0.0,0.08891632368663116,1.622143956434237,0.0,15.735475608336245,0.018009352432816386,4.729529593066088,5.380471422843057,0.3875952244347105,,0.0,,0.004492132684199341,0.0,0.0009871660304569517,0.0,0.0,-0.016393442622950834,4.623692496077759,-0.24590189591745384,0.08627046033214515,0.0,-0.0008210180623973727,0.0,0.5352176778534434,-0.10716524823996264,0.05922928212795765,Banks—Diversified,Financial Services,BCS
2019Q1,2019,Q1,2019-03-31,2019-03-31,1218000000.0,5252000000.0,0.0,0.244,0.0,0.0,1193543000000.0,64661000000.0,0.0,0.0,1127659000000.0,0.0,43814000000.0,27053883407.625004,-31435116592.375,15.115656595172696,0.0,0.09009394718078863,1.6629962419387265,0.0,15.115656595172696,0.018836702185243036,5.151158303051219,5.552931733913178,0.418395685306831,,0.0,,0.004400344185337269,0.0,0.0010204910924868228,0.0,0.0,14.731007315700618,0.14046087519741443,-0.2633329229130463,0.08864999665373198,0.0,6.909090909090909,0.0,1.2323664511933092,0.025416979633233854,0.023721860499724023,Banks—Diversified,Financial Services,BCS
2018Q4,2018,Q4,2018-12-31,2018-12-31,154000000.0,5069000000.0,0.0,-0.01777,0.0,0.0,1133283000000.0,62556000000.0,0.0,0.0,1069504000000.0,0.0,43460000000.0,25327638033.75,-2225361966.25,14.623575477762843,0.0,0.13193174167440966,2.390114457446128,0.0,14.623575477762843,0.0024617942323677984,4.996574873495758,41.11629550933442,0.40487943656483794,,0.0,,0.004472845705794581,0.0,0.0001358883879842899,0.0,0.0,-1.0772608695652175,1.090250958052687,-0.06328334009770059,-0.01589189950917846,0.0,-0.8692699490662139,0.0,1.062347417088347,-0.10072934570058996,-0.019734068150710063,Banks—Diversified,Financial Services,BCS
2018Q3,2018,Q3,2018-09-30,2018-09-30,1178000000.0,6916000000.0,0.0,0.23,0.0,0.0,1170775000000.0,63169000000.0,0.0,0.0,1105493000000.0,0.0,43807000000.0,29692549756.649998,-39012450243.350006,14.766875109578633,0.0,0.08556896073113963,1.585936139562127,0.0,14.766875109578633,0.01864838765850338,4.293312573257663,6.301474905910442,0.4700493874629961,,0.0,,0.005907198223399031,0.0,0.001006171125963571,0.0,0.0,-0.20689655172413784,-0.5718967469239971,-0.08160086354700873,0.012326042478280619,0.0,-0.16275764036958068,0.0,1.2259343673952425,0.07103781854840507,-0.04424520526959759,Banks—Diversified,Financial Services,BCS
2018Q2,2018,Q2,2018-06-30,2018-06-30,1407000000.0,3789000000.0,0.0,0.29,0.0,0.0,1149572000000.0,61055000000.0,0.0,0.0,1086404000000.0,0.0,25441000000.0,32814809754.324997,-29437190245.675003,14.272690082403132,0.0,0.08568319339719478,1.6132831053967733,0.0,14.272690082403132,0.02304479567602981,8.660546253450777,5.830634284705934,0.5374631030108099,,0.0,,0.0032960092973732835,0.0,0.0012239337770926918,0.0,0.0,2.726190476190476,7.635055299690259,-0.6220325038540405,-0.05309900668513741,0.0,3.372681281618887,0.0,0.07648194369069197,-0.5315676827492235,-0.03471744971049358,Banks—Diversified,Financial Services,BCS
2018Q1,2018,Q1,2018-03-31,2018-03-31,-593000000.0,5358000000.0,0.0,-0.168,0.0,0.0,1142200000000.0,59519000000.0,0.0,0.0,1080570000000.0,0.0,24316000000.0,35884938544.65,-21408061455.350006,13.974056465340142,0.0,0.0875844860794957,1.6807910079134394,0.0,13.974056465340142,-0.009963205026966179,6.69745026962486,-15.128557565198147,0.6029156831373175,,0.0,,0.004690947294694449,0.0,-0.0005191735247767466,0.0,0.0,0.44702281030907476,-1.0000005623816859,-0.9999994302748376,-0.9999990917131307,0.0,0.46720575022461813,0.0,-1.0000010241442128,-0.9999992309860445,-0.999999076961225,Banks—Diversified,Financial Services,BCS
2017Q4,2017,Q4,2017-12-31,2017-12-31,-1113000000.0,5019000000.0,0.0,-0.30381,0.0,0.0,1133248000000.0,63905000000.0,0.0,0.0,1067232000000.0,0.0,27536000000.0,34137837639.000004,625837639.0,15.003815225685273,0.0,0.12329428333427458,2.1864173382364447,0.0,15.003815225685273,-0.017416477583913622,6.801720988045428,-7.667977906334232,0.5341966612784603,,0.0,,0.004428862879087367,0.0,-0.000982132772349918,0.0,0.0,-3.1700714285714287,0.34489859296855385,-0.0684945144512285,0.009696713660567112,0.0,-2.504054054054054,0.0,0.34489859296855385,-0.0684945144512285,0.009696713660567112,Banks—Diversified,Financial Services,BCS
2017Q3,2017,Q3,2017-09-30,2017-09-30,740000000.0,5173000000.0,0.0,0.14,0.0,0.0,1149255000000.0,64649000000.0,0.0,0.0,1082210000000.0,0.0,28618000000.0,32823937810.125,-42078062189.875,15.178493866291014,0.0,0.08949014796542108,1.5908521400176336,0.0,15.178493866291014,0.01144642608547696,6.345242182510149,11.089168179096283,0.507725375645795,,0.0,,0.004501176849350232,0.0,0.0006438953931024882,0.0,0.0,1.4256224728665674,-0.10425084610240822,0.44710469302145206,-0.07468055427161155,0.0,1.5972558514931396,0.0,0.5173328691891019,-0.26710787092841326,0.021383299851475513,Banks—Diversified,Financial Services,BCS
2017Q2,2017,Q2,2017-06-30,2017-06-30,-1239000000.0,5058000000.0,0.0,-0.32893,0.0,0.0,1135316000000.0,63866000000.0,0.0,0.0,1069053000000.0,0.0,28026000000.0,34666701470.775,-12079298529.225006,14.994658684040617,0.0,0.08855948476019011,1.5742805248489025,0.0,14.994658684040617,-0.019399993736886605,6.853835798887901,-6.994895373441283,0.542803705739752,,0.0,,0.004455147289389033,0.0,-0.001091326115372284,0.0,0.0,-7.325576923076923,-3.365737816182989,-0.48294031806960463,-0.08436985400437404,0.0,-4.76595744680851,0.0,-6.772736955048912,-0.3055624479207244,0.03512948681431063,Banks—Diversified,Financial Services,BCS
2017Q1,2017,Q1,2017-03-31,2017-03-31,329000000.0,5823000000.0,0.0,0.052,0.0,0.0,1203791000000.0,65536000000.0,0.0,0.0,1132425000000.0,0.0,30372000000.0,38110779887.2,9267779887.199997,15.489482391869535,0.0,0.08539771438729812,1.5686187744140625,0.0,15.489482391869535,0.0050201416015625,6.544870322376781,28.959559184802433,0.5815243513061523,,0.0,,0.004837218420805605,0.0,0.00027330325613000926,0.0,0.0,1.2608695652173911,1.763740495751648,-0.1744470841607394,0.0,0.0,0.38235294117647056,0.0,-0.6885406483655669,-0.17421743688878205,0.1155734352593073,Banks—Diversified,Financial Services,BCS
2016Q4,2016,Q4,2016-12-31,2016-12-31,238000000.0,4971000000.0,0.0,0.023,0.0,0.0,1213126000000.0,64873000000.0,0.0,0.0,1141761000000.0,0.0,30531000000.0,37875065800.0,68370065800.0,15.332781848262822,0.0,0.11071809523495499,2.0704299169145868,0.0,15.332781848262822,0.0036687065497202228,7.61920454636894,39.78473298319328,0.5838340418972454,,0.0,,0.004097678229631547,0.0,0.00019618737047924124,0.0,0.0,-0.7653061224489797,1.2039322924267062,-0.47610515600425946,-0.08703328942688011,0.0,-0.5458015267175572,0.0,1.1410199095156526,-0.07124301941548436,0.03183485070933215,Banks—Diversified,Financial Services,BCS
2016Q3,2016,Q3,2016-09-30,2016-09-30,524000000.0,5307000000.0,0.0,0.098,0.0,0.0,1324036000000.0,63929000000.0,0.0,0.0,1253916000000.0,0.0,29334000000.0,28362364646.0,29154364646.0,15.109666745450248,0.0,0.07092103235863677,1.4688482535312612,0.0,15.109666745450248,0.008196593095465282,5.344331005464481,13.531662521946563,0.4436541263902141,,0.0,,0.004008199172832159,0.0,0.00039575963191333164,0.0,0.0,-0.3875,-0.8312573914832931,-0.4879125658435074,0.0,0.0,-0.3290653008962868,0.0,-0.8074662369544146,-0.28747854782291493,0.0358257265726814,Banks—Diversified,Financial Services,BCS
2016Q2,2016,Q2,2016-06-30,2016-06-30,781000000.0,6111000000.0,0.0,0.16,0.0,0.0,1351282000000.0,62854000000.0,0.0,0.0,1281862000000.0,0.0,30082000000.0,24215417692.0,35070417692.0,14.85558969510754,0.0,0.06573165334844984,1.4131479301237788,0.0,14.85558969510754,0.012425621281064054,3.9625949422353135,7.751414113956466,0.3852645446908709,,0.0,,0.004522372088135563,0.0,0.0005779696614030232,0.0,0.0,0.4814814814814815,0.25337888709534656,-0.4276796644531205,-0.04942462964963901,0.0,0.4543761638733706,0.0,4.7236929103752345,-0.3836682982592241,-0.014427374421983894,Banks—Diversified,Financial Services,BCS
2016Q1,2016,Q1,2016-03-31,2016-03-31,537000000.0,5041000000.0,0.0,0.108,0.0,0.0,1248876000000.0,62166000000.0,0.0,0.0,1180508000000.0,0.0,31274000000.0,25493201846.199997,58879201846.2,14.765393978979871,0.0,0.06820773239296776,1.3702506193095905,0.0,14.765393978979871,0.008638162339542515,5.057171562428089,11.868343503817503,0.41008271154972165,,0.0,,0.004036429557458066,0.0,0.0004299866439902761,0.0,0.0,1.1787783479556364,-0.5938977006766143,-0.4785828093484228,0.0,0.0,1.2319654427645788,0.0,-0.9999994847998164,-0.9999994577436624,-0.99999904027771,Banks—Diversified,Financial Services,BCS
2015Q4,2015,Q4,2015-12-31,2015-12-31,-2315000000.0,5283000000.0,0.0,-0.6041,0.0,0.0,1120012000000.0,59810000000.0,0.0,0.0,1054148000000.0,0.0,31021000000.0,35254859997.72024,108326859997.72025,14.917967668401161,0.0,0.11052917290171892,2.0697876609262664,0.0,14.917967668401161,-0.038705902023073065,6.6732651898012945,-3.807220302129615,0.5894475839779342,,0.0,,0.004716913747352707,0.0,-0.002066942139905644,0.0,0.0,-7.0409999999999995,-2.7163550496552733,-0.5450210548240418,-0.05485172968744508,0.0,-5.667338709677419,0.0,-0.4475492693594723,0.041640417624949876,0.003919516650224982,Banks—Diversified,Financial Services,BCS
2015Q3,2015,Q3,2015-09-30,2015-09-30,496000000.0,6052000000.0,0.0,0.1,0.0,0.0,1236529000000.0,61945000000.0,0.0,0.0,1168454000000.0,0.0,33010000000.0,39127891843.766075,95935891843.76608,15.450484989451763,0.0,0.07502371557804144,1.4976027120832998,0.0,15.450484989451763,0.008007103075308742,6.4652828558767474,19.72171967931758,0.6316553691785629,,0.0,,0.00489434538130525,0.0,0.0004011228204110053,0.0,0.0,-0.6551724137931034,7.135252095189781,-0.1722435926059467,0.0,0.0,-0.5951020408163266,0.0,-0.362169394310873,0.7985618787991786,-0.058099286225966794,Banks—Diversified,Financial Services,BCS
2015Q2,2015,Q2,2015-06-30,2015-06-30,1225000000.0,7581000000.0,0.0,0.29,0.0,0.0,1196719000000.0,59281000000.0,0.0,0.0,1131144000000.0,0.0,32099000000.0,42209527986.15941,102830527986.15941,14.786023095644362,0.0,0.0795416467859205,1.605725274539903,0.0,14.786023095644362,0.020664293787216816,5.567804773269939,8.614189384930492,0.7120245607557127,,0.0,,0.00633482045492718,0.0,0.001023632114138741,0.0,0.0,1.4999999999999998,-0.12175457718165208,-0.317799825420506,-0.03927725190069594,0.0,1.2477064220183487,0.0,1.4848511920633563,-0.1767014745827201,-0.0971099262053152,Banks—Diversified,Financial Services,BCS
2015Q1,2015,Q1,2015-03-31,2015-03-31,545000000.0,6558000000.0,0.0,0.116,0.0,0.0,1416409000000.0,60693000000.0,0.0,0.0,1349321000000.0,0.0,31310000000.0,39367.3492861,76015039367.34929,15139186.829633325,0.0,0.07807631835154959,1.8220882144563624,0.0,15139186.829633325,0.008979618736921886,6.002950485834095e-06,1.8058417103715593e-05,6.486308023347008e-07,,0.0,,0.004630018589263412,0.0,0.0003847758662928575,0.0,0.0,1.2769487883490511,395607.3690560743,773226.5232527804,0.0,0.0,1.340838023764853,0.0,1335222.7316897516,981241.8539904461,0.0,Banks—Diversified,Financial Services,BCS
2014Q4,2014,Q4,2014-12-31,2014-12-31,-1599000000.0,5071000000.0,0.0,-0.41885,0.0,0.0,1357906000000.0,59567000000.0,0.0,0.0,1291948000000.0,0.0,31712000000.0,38703964335.22593,147481964335.22592,14.85972472990454,0.0,0.11023075234957354,2.5128510752597917,0.0,14.85972472990454,-0.026843722195175182,7.632412608011424,-6.051276475176036,0.6497551385032976,,0.0,,0.003734426388866387,0.0,-0.0011775483722731913,0.0,0.0,-5.408947368421053,0.0,0.0,0.0,0.0,-4.483660130718954,0.0,-0.44612411912000727,-0.4359182703897138,-0.11520074172189153,Banks—Diversified,Financial Services,BCS
2014Q3,2014,Q3,2014-09-30,2014-09-30,459000000.0,6643000000.0,0.0,0.095,0.0,0.0,1365730000000.0,59571000000.0,0.0,0.0,1299202000000.0,0.0,33697000000.0,36561581059.179565,90932581059.17957,14.86072257936682,0.0,0.07919134821670462,1.8155478336774604,0.0,14.86072257936682,0.007705091403535277,5.5037755621224695,19.91371517384508,0.6137479823937748,,0.0,,0.004864065371632753,0.0,0.0003360839990334839,0.0,0.0,1.375,6.529587795900022,-0.09126540564549399,0.0,0.0,1.2722772277227723,0.0,-0.8439893599579715,-0.3234383986947915,0.0,Banks—Diversified,Financial Services,BCS
2014Q2,2014,Q2,2014-06-30,2014-06-30,202000000.0,6855000000.0,0.0,0.04,0.0,0.0,1314899000000.0,58068000000.0,0.0,0.0,1249874000000.0,0.0,33241000000.0,34143362188.28189,91483362188.28189,14.485780643915202,0.0,0.07843416110286798,1.77607288007164,0.0,14.485780643915202,0.003478680168078804,4.980796818130108,42.256636371636,0.5879892916629106,,0.0,,0.005213328171973665,0.0,0.00015362396655560617,0.0,0.0,-0.8305084745762712,0.0,0.0,-0.3376606692548379,0.0,-0.8007889546351085,0.0,-0.657838790819539,-0.32238593102299457,-0.07308786907741098,Banks—Diversified,Financial Services,BCS
2014Q1,2014,Q1,2014-03-31,2014-03-31,1014000000.0,6769000000.0,0.0,0.236,0.0,0.0,1361948000000.0,56393000000.0,0.0,0.0,1297063000000.0,0.0,33314000000.0,38344138181.5,92024138181.5,13.884771636095039,0.0,0.08098693929577341,1.9559165144610147,0.0,13.884771636095039,0.017980955083077687,5.664668072314965,9.453682983604535,0.679944996391396,,0.0,,0.004970086963672622,0.0,0.0007445218172793675,0.0,0.0,0.0,-0.2734650316216417,-0.2122108321993552,0.0,0.0,0.0,0.0,-0.205085269930841,-0.2742039689338856,0.0,Banks—Diversified,Financial Services,BCS
2013Q3,2013,Q3,2013-09-30,2013-09-30,2180000000.0,5966000000.0,0.0,0.34,0.0,0.0,1404835000000.0,49436000000.0,0.0,0.0,1346621000000.0,0.0,33555000000.0,35702185090.70048,85708185090.70047,14.587074213192984,0.0,0.08134905522712632,2.3117161582652317,0.0,14.587074213192984,0.04409741888502306,5.984275073868669,4.094287281043633,0.7221900050712128,,0.0,,0.004246762075261507,0.0,0.001551783661426431,0.0,0.0,7.8589872907000204,-0.16444954677355844,0.0,0.0,0.0,13.976190476190476,0.0,41.299461861113684,-0.03466980566986775,0.0,Banks—Diversified,Financial Services,BCS
2013Q2,2013,Q2,2013-06-30,2013-06-30,-168000000.0,7942000000.0,0.0,-0.04957,0.0,0.0,1532733000000.0,51083000000.0,0.0,0.0,1472596000000.0,0.0,0.0,35585678265.66446,85874678265.66446,15.073054293076648,0.0,0.08193664519521665,2.4584891255407864,0.0,15.073054293076648,-0.0032887653426776032,4.480694820657827,-52.954878371524494,0.6966246748559102,,0.0,,0.0051815939240559186,0.0,-0.00010960813135751628,0.0,0.0,-1.2002310513644956,-1.0991113049017704,0.0,0.1656794761315985,0.0,-1.200238379022646,0.0,-1.142487936737631,-0.1545182803662287,-0.02062738242574482,Banks—Diversified,Financial Services,BCS
2013Q1,2013,Q1,2013-03-31,2013-03-31,839000000.0,7483000000.0,0.0,0.247564,0.0,0.0,1596122000000.0,52140000000.0,0.0,0.0,1534691000000.0,0.0,36391000000.0,36348.16238229,64301036348.162384,15385069.341988787,0.0,0.08568517945370091,2.6230149597238204,0.0,15385069.341988787,0.016091292673571154,4.857431829786182e-06,1.0830799279585817e-05,6.97126244386076e-07,,0.0,,0.004688238117136409,0.0,0.0005256490418652208,0.0,0.0,0.0,512382.5636931713,0.0,0.0,0.0,0.0,0.0,720435.016874306,1043700.0605419563,0.0,Banks—Diversified,Financial Services,BCS
2012Q3,2012,Q3,2012-09-30,2012-09-30,642000000.0,2778000000.0,0.0,0.092,0.0,0.0,1599138000000.0,54295000000.0,0.0,0.0,1535430000000.0,0.0,38239000000.0,26744569112.900124,69709569112.90012,16.40351765691348,0.0,0.0916662601976815,2.699825029929091,0.0,16.40351765691348,0.011824293213003038,9.62727469866815,10.41455183524148,0.49257885832765674,,0.0,,0.0017371859089084245,0.0,0.000401466289963718,0.0,0.0,-0.2333333333333333,-0.6952793608320332,0.0,0.0,0.0,0.5773955773955773,0.0,11.75456527583882,-0.5397676237046066,0.0,Banks—Diversified,Financial Services,BCS
2012Q2,2012,Q2,2012-06-30,2012-06-30,407000000.0,7602000000.0,0.0,0.12,0.0,0.0,1631265000000.0,54205000000.0,0.0,0.0,1567575000000.0,0.0,38476000000.0,20248200589.086117,-83724799410.91388,16.3763270023574,0.0,0.01354102491011577,0.40750853242320817,0.0,16.3763270023574,0.007508532423208191,2.6635359890931487,12.437469649315798,0.37354857649822193,,0.0,,0.004660187032762917,0.0,0.00024949962145941955,0.0,0.0,1.7217003259679806,-0.8625373449836794,0.0,0.3545715422797982,0.0,2.207715133531157,0.0,0.0,0.0,-0.2512184373465912,Banks—Diversified,Financial Services,BCS
2012Q1,2012,Q1,2012-03-31,2012-03-31,-337000000.0,5518000000.0,0.0,-0.166274,0.0,0.0,,,,,,,,28959768503.403133,,,0.0,0.0,0.0,0.0,,0.0,5.248236408735616,-21.483507791842086,0.0,,0.0,,0.0,0.0,0.0,0.0,0.0,0.39718667295073057,-1.1665098086086414,0.0,0.0,0.0,0.6308871851040526,0.0,-1.296286646380016,-0.21199168981636324,0.0,Banks—Diversified,Financial Services,BCS
2011Q4,2011,Q4,2011-12-31,2011-12-31,-913000000.0,7423000000.0,0.0,-0.27583,0.0,0.0,1563527000000.0,55589000000.0,0.0,0.0,1498331000000.0,0.0,39372000000.0,21748030139.562504,134277030139.5625,16.794458845753077,0.0,0.14149739659116856,3.9798341398478114,0.0,16.794458845753077,-0.016424112684164133,2.9298168044675337,-5.9551013525636645,0.39122902264049547,,0.0,,0.004747599497802085,0.0,-0.0005839361904207603,0.0,0.0,-1.7695870406486374,-1.430693446929808,0.0,0.5012991191504399,0.0,-1.3769611890999174,0.0,-1.3538478963573617,0.0,-0.20943084668980733,Banks—Diversified,Financial Services,BCS
2011Q3,2011,Q3,2011-09-30,2011-09-30,2422000000.0,8083000000.0,0.0,0.358413,0.0,0.0,,,,,,,,19068233335.531727,,,0.0,0.0,0.0,0.0,,0.0,2.3590539818794665,1.9682321774908886,0.0,,0.0,,0.0,0.0,0.0,0.0,0.0,1.3894199999999999,0.1151764443861496,0.0,0.0,0.0,3.983539094650206,0.0,-0.0466446240920616,0.0,0.0,Banks—Diversified,Financial Services,BCS
2011Q2,2011,Q2,2011-06-30,2011-06-30,486000000.0,8328000000.0,0.0,0.15,0.0,0.0,1492922000000.0,51572000000.0,0.0,0.0,1430933000000.0,0.0,37920000000.0,31077082931.686344,-29052917068.31366,15.627997693262449,0.0,0.017941995630046313,0.5193903668657411,0.0,15.627997693262449,0.009423718296750174,3.7316382002505217,15.986153771443593,0.6025960391624592,,0.0,,0.005578322243225031,0.0,0.0003255360963265328,0.0,0.0,-0.5224040270892436,-0.7804773463398019,-0.2555520613677349,0.4941806519258275,0.0,-0.5197628458498024,0.0,-0.705547885638921,0.0,0.20859620153000696,Banks—Diversified,Financial Services,BCS
2011Q1,2011,Q1,2011-03-31,2011-03-31,1012000000.0,7399000000.0,0.0,0.314073,0.0,0.0,,,,,,,,33437900822.732933,,,0.0,0.0,0.0,0.0,,0.0,4.51924595522813,8.260350993758136,0.0,,0.0,,0.0,0.0,0.0,0.0,0.0,-0.07625588235294127,-0.5212580718565217,0.0,0.0,0.0,-0.06642066420664207,0.0,-0.34996648242417444,0.0,0.0,Banks—Diversified,Financial Services,BCS
2010Q4,2010,Q4,2010-12-31,2010-12-31,1084000000.0,9332000000.0,0.0,0.34,0.0,0.0,1489645000000.0,50858000000.0,0.0,0.0,1427383000000.0,0.0,36765000000.0,31780733757.372227,194882733757.37222,15.783732708380112,0.0,0.17595870156983712,5.153879428998388,0.0,15.783732708380112,0.02131424751268237,3.405565126165048,7.329505017844148,0.6248915363831103,,0.0,,0.006264579815996429,0.0,0.0007276901543656375,0.0,0.0,21.666666666666668,-0.4893504200676732,0.0,0.5914294020587378,0.0,21.122448979591837,0.0,992.7771835421341,0.0,0.20441124687126674,Banks—Diversified,Financial Services,BCS
2010Q3,2010,Q3,2010-09-30,2010-09-30,49000000.0,5876000000.0,0.0,0.015,0.0,0.0,,,,,,,,35379277290.23931,,,0.0,0.0,0.0,0.0,,0.0,6.020979797522006,180.5065167869353,0.0,,0.0,,0.0,0.0,0.0,0.0,0.0,-0.9571428571428571,-0.9700548849772634,0.0,0.0,0.0,-0.9562890276538805,0.0,-0.9761088964948728,0.0,0.0,Banks—Diversified,Financial Services,BCS
2010Q2,2010,Q2,2010-06-30,2010-06-30,1121000000.0,8931000000.0,0.0,0.35,0.0,0.0,1587146000000.0,49591000000.0,0.0,0.0,1526073000000.0,0.0,36053000000.0,31097844048.879303,-46901155951.1207,15.390520444006413,0.0,0.016336871340128758,0.5228569700147204,0.0,15.390520444006413,0.022604908148656008,3.48201142636651,6.935290822676027,0.6270864481232341,,0.0,,0.005627081566535152,0.0,0.0007062992314506668,0.0,0.0,0.08877226928137913,-0.35075530236128205,0.11250252605169715,0.6392966348312368,0.0,-0.14427480916030536,0.0,-0.6110719927405214,0.0,0.2730303328289359,Banks—Diversified,Financial Services,BCS
2010Q1,2010,Q1,2010-03-31,2010-03-31,1310000000.0,8065000000.0,0.0,0.321463,0.0,0.0,,,,,,,,50093215332.84371,,,0.0,0.0,0.0,0.0,,0.0,6.211186030110814,9.559773918481623,0.0,,0.0,,0.0,0.0,0.0,0.0,0.0,0.0,-0.26195517288655007,0.0,0.0,0.0,0.0,0.0,-0.43801109282840756,0.0,0.0,Banks—Diversified,Financial Services,BCS
2009Q2,2009,Q2,2009-06-30,2009-06-30,0.0,0.0,0.0,0.0,0.0,0.0,1545338000000.0,37699000000.0,0.0,0.0,1496651000000.0,0.0,26121000000.0,17790528085.49803,165780528085.49805,21.87063333173652,0.0,0.109628443744993,4.493832727658559,,21.87063333173652,0.0,0.0,0.0,0.4719098141992635,0.0,0.0,,0.0,0.0,0.0,0.0,0.0,0.0,-1.0,0.0,1.5035836457815077,0.0,0.0,0.0,-1.0,-1.0,1.0910341689987104,Banks—Diversified,Financial Services,BCS
2008Q4,2008,Q4,2008-12-31,2008-12-31,1343692160.0,0.0,0.0,0.76,0.0,0.0,2052980000000.0,36618000000.0,0.0,0.0,2005569000000.0,0.0,24208000000.0,10623033743.807905,219711033743.80792,21.243503842052256,0.0,0.11729388498670226,6.576055491834617,,21.243503842052256,0.03669485389699055,0.0,1.9764634452819732,0.29010414942945834,,0.0,,0.0,0.0,0.0006545081588714941,0.0,0.0,0.016791781111487176,1.0068864507359134,0.0,1.207549249420152,0.0,0.012564341201916742,0.0,0.18324470318878977,0.0,1.141922778446455,Banks—Diversified,Financial Services,BCS
2008Q3,2008,Q3,2008-09-30,2008-09-30,1327019040.0,0.0,0.0,0.747449,0.0,0.0,,,,,,,,22019494932.461685,,,0.0,0.0,0.0,0.0,,0.0,0.0,4.148300489430371,0.0,,0.0,,0.0,0.0,0.0,0.0,0.0,0.5254061224489797,0.9832814691218644,0.0,0.0,0.0,0.5392094705747504,0.0,0.515961419133638,0.0,0.0,Banks—Diversified,Financial Services,BCS
2008Q2,2008,Q2,2008-06-30,2008-06-30,862143240.0,0.0,0.0,0.49,0.0,0.0,1365654000000.0,22289000000.0,0.0,0.0,1332832000000.0,0.0,20965000000.0,18453793309.91192,146865793309.91193,12.930702308577823,0.0,0.10055402027160613,6.160976266319709,,12.930702308577823,0.03868021176365023,0.0,5.3511390142988065,0.8279327609992335,,0.0,,0.0,0.0,0.0006313042981604418,0.0,0.0,0.014146306127306364,0.2671097182243211,0.0,0.0,0.0,0.003993740591742702,0.0,-0.06660963150394862,-1.0,0.37729304590937707,Banks—Diversified,Financial Services,BCS
2008Q1,2008,Q1,2008-03-31,2008-03-31,858713760.0,0.0,0.0,0.483165,0.0,0.0,,,,,,,,29884496037.303024,,,0.0,0.0,0.0,0.0,,0.0,0.0,8.700366009420597,0.0,,0.0,,0.0,0.0,0.0,0.0,0.0,1420.0735294117646,0.2299835599680132,0.0,0.0,0.0,1426.264622288706,0.0,0.037726643079253795,0.0,0.0,Banks—Diversified,Financial Services,BCS
2007Q4,2007,Q4,2007-12-31,2007-12-31,601650.0,0.0,0.0,0.00034,0.0,0.0,1227361000000.0,23291000000.0,0.0,0.0,1194885000000.0,0.0,20970000000.0,33286633325.608067,216430633325.60806,13.10493633248773,0.0,0.15544000501889826,8.191189729938603,,13.10493633248773,2.5831866386157743e-05,0.0,13831.394218236543,1.4291629095190446,,0.0,,0.0,0.0,4.901980753828743e-07,0.0,0.0,-0.9994510568769657,-0.9986554580331958,0.0,0.5138696475092134,0.0,-0.9994551366351863,0.0,-0.9992454790798518,0.0,0.2935688438927666,Banks—Diversified,Financial Services,BCS
2007Q3,2007,Q3,2007-09-30,2007-09-30,1104221790.0,0.0,0.0,0.619372,0.0,0.0,,,,,,,,38769105235.42868,,,0.0,0.0,0.0,0.0,,0.0,0.0,8.777472421421034,0.0,,0.0,,0.0,0.0,0.0,0.0,0.0,-0.2880781609195402,1.0470232436738702,0.0,0.0,0.0,-0.2884204211704989,0.0,0.4103438211464485,0.0,0.0,Banks—Diversified,Financial Services,BCS
2007Q2,2007,Q2,2007-06-30,2007-06-30,1551789600.0,0.0,0.0,0.87,0.0,0.0,1158262000000.0,20973000000.0,0.0,0.0,1129541000000.0,0.0,13461000000.0,44416189799.059006,170910189799.05902,12.089673000803918,0.0,0.11552826562556658,6.380203118294951,,12.089673000803918,0.07398987269346302,0.0,7.155639817256638,2.1177795164763746,,0.0,,0.0,0.0,0.0013397569807176615,0.0,0.0,0.4228263873783852,1.5815457803772341,0.0,0.0,0.0,0.4339074915561706,0.0,0.6291211007608397,0.0,0.3839337502740578,Banks—Diversified,Financial Services,BCS
2007Q1,2007,Q1,2007-03-31,2007-03-31,1082210400.0,0.0,0.0,0.611459,0.0,0.0,,,,,,,,47570548752.619705,,,0.0,0.0,0.0,0.0,,0.0,0.0,10.989209850649122,0.0,,0.0,,0.0,0.0,0.0,0.0,0.0,-0.04459531250000006,0.790020228158726,0.0,0.0,0.0,-0.045254619641371015,0.0,0.24136887178597083,0.0,0.0,Banks—Diversified,Financial Services,BCS
2009Q4,2009,Q4,2009-12-31,2009-12-31,,,,,,,1378929000000.0,47277000000.0,0.0,0.0,1320451000000.0,0.0,33845000000.0,0.0,150955000000.0,0.0,0.0,0.16971939817060921,4.950208346553293,,0.0,,0.0,0.0,0.0,0.0,0.0,,,0.0,,0.0,0.0,0.0,-1.0,0.0,-1.0,0.0,0.0,0.0,-1.0,0.0,-1.0,Banks—Diversified,Financial Services,BCS
