Quarters,Year,Quarter,FillingDate,Date,NetIncome,Revenue,OperatingIncome,EPSDiluted,GrossProfit,GrossProfitRatio,TotalAssets,CommonStockEquity,CurrentAssets,CurrentLiability,TotalLiability,Inventory,RetainedEarnings,MarketCap,EnterpriseValue,bookValuePerShare,currentRatio,debtToAssets,debtToEquity,roic,shareholdersEquityPerShare,roe,priceToSalesRatio,peRatio,pbRatio,payoutRatio,inventoryTurnover,dividendYield,assetTurnover,quickRatio,returnOnAssets,priceToFreeCashFlowsRatio,grossProfitMargin,epsdilutedGrowth,fiveYNetIncomeGrowthPerShare,fiveYRevenueGrowthPerShare,fiveYShareholdersEquityGrowthPerShare,grossProfitGrowth,netIncomeGrowth,operatingIncomeGrowth,threeYNetIncomeGrowthPerShare,threeYRevenueGrowthPerShare,threeYShareholdersEquityGrowthPerShare,Industry,Sector,Symbol
2023Q1,2023,Q1,2023-05-10,2023-03-31,-72149000.0,1356800000.0,35784000.0,-0.7,268251000.0,0.197708579,8098776000.0,3454471000.0,1946278000.0,1687900000.0,4644305000.0,0.0,95545000.0,3680472119.9999995,6449433120.0,33.432737161992144,1.1530766040642217,0.35561126767797996,0.8337068106809986,0.0052021712024347124,33.432737161992144,-0.020885686983622094,2.712612116745283,-12.753025405757528,1.0654227868753274,0.0,0.0,0.0,0.16753148870891107,1.0438758220273714,-0.008908630143616763,1262.597639794168,0.19770857900943395,-2.2962962962962963,-1.9705585028684311,0.29734353778929107,0.20113686597338507,-0.15687821375139865,-2.2993264659270998,-0.622750513942333,-3.168483692044006,0.17688087295200575,0.17056939039877833,Diagnostics & Research,Healthcare,SYNH
2022Q4,2022,Q4,2023-02-16,2022-12-31,55528000.0,1359867000.0,94855000.0,0.54,318164000.0,0.2339669982,8199218000.0,3495001000.0,1943936000.0,1724691000.0,4704217000.0,0.0,167694000.0,3774518720.0,6561367720.0,33.96370403482858,1.1271213220223217,0.35355237536067463,0.8294283749847282,0.01936682964497158,33.96370403482858,0.015887835225225973,2.7756528542864856,16.993763146520674,1.0799764349137524,0.0,0.0,0.0,0.165853255761708,1.0188294598858578,0.006772353168314344,37.67323132816321,0.23396699824321054,-0.3571428571428571,4.742661674133169,0.28093484080318687,0.17270318092293038,-0.00086358768869391,-0.36210639984376614,-0.19507310574238607,-0.3847500796528345,0.1310233960386511,0.16378768234513225,Diagnostics & Research,Healthcare,SYNH
2022Q3,2022,Q3,2022-11-04,2022-09-30,87049000.0,1336223000.0,117843000.0,0.84,318439000.0,0.2383127667,8197783000.0,3354061000.0,1963206000.0,1723340000.0,4843722000.0,105000.0,112166000.0,4843766650.0,7723049650.0,32.64896671890666,1.139186695602725,0.3719637370249981,0.9091301559512484,0.01312103865020693,32.64896671890666,0.025953314504417183,3.624968773924712,13.911034733311123,1.4441498380619793,0.0,9693.180952380952,0.0,0.16299809350894015,1.0546125546903107,0.010618602614877706,43.85324795842613,0.23831276665646378,0.11999999999999995,1.4989807393581736,0.378509321212937,-0.05977124362180036,-0.0227196002970765,0.11968769294093434,0.010677713168321926,0.489821149049466,0.14478844039199767,0.17950067524589788,Diagnostics & Research,Healthcare,SYNH
2022Q2,2022,Q2,2022-08-02,2022-06-30,77744000.0,1360739000.0,116598000.0,0.75,325842000.0,0.2394595878,8216672000.0,3329065000.0,1881871000.0,1707459000.0,4887607000.0,108000.0,25117000.0,7354081280.000001,10355501280.0,32.448292331085035,1.1021471086567818,0.3781701399301323,0.9333851997482777,0.012987119635018227,32.448292331085035,0.02335310364922283,5.404476008992173,23.648388557316323,2.2090530764644125,0.0,9582.37962962963,0.0,0.16560707303394853,1.0031461956041112,0.009461738280413287,97.45151701473551,0.23945958776811718,0.7045454545454546,11.101710104362914,0.8352683912724749,3.9689023982574465,0.11658174017634097,0.6836451836451837,0.577866190321533,5.95889288633148,0.1787250189758038,0.19156367364455573,Diagnostics & Research,Healthcare,SYNH
2022Q1,2022,Q1,2022-04-29,2022-03-31,46176000.0,1336253000.0,73896000.0,0.44,291821000.0,0.2183875359,8303961000.0,3301559000.0,1876258000.0,1722381000.0,5002402000.0,111000.0,-52627000.0,8391681750.0,11479862750.0,31.848348044180774,1.089339698940014,0.3862278495768465,0.9714262262161603,0.009367386668347298,31.848348044180774,0.013986119890633485,6.280009661344072,45.43313490774429,2.5417330873081476,0.0,9409.297297297297,0.0,0.1609175428449146,0.9959207631760917,0.005560719757715625,176.99115748845253,0.2183875358932777,-0.38888888888888884,0.13560964184149926,0.8230592947840466,4.128362000460355,-0.16292044587485444,-0.3920931028581208,-0.44565388625912394,2.534541046386503,0.19068706310118116,0.15982218512270985,Diagnostics & Research,Healthcare,SYNH
2021Q4,2021,Q4,2022-02-17,2021-12-31,75959000.0,1373384000.0,133303000.0,0.72,348618000.0,0.2538386933,8237093000.0,3412555000.0,1766456000.0,1654116000.0,4824538000.0,0.0,-12953000.0,10649661560.0,13622571560.0,32.902561778686234,1.0679154303567586,0.3738436606215324,0.9023693391022269,0.01276781323242186,32.902561778686234,0.0222586888709486,7.754321850261835,35.050690372437764,3.120729646848183,0.0,0.0,0.0,0.16673163699863533,0.9862458255648334,0.009221578535048711,66.9558426959228,0.25383869332976067,-0.040000000000000036,0.04869002094703168,0.7505919613199515,4.859035888875593,0.10202533326168114,-0.02919110974783687,0.1759677476269452,0.6564952453666814,0.19412412482425392,0.18998510810895067,Diagnostics & Research,Healthcare,SYNH
2021Q3,2021,Q3,2021-11-03,2021-09-30,78243000.0,1348230000.0,113356000.0,0.75,316343000.0,0.2346357817286368,8216959000.0,3320111000.0,1764199000.0,1688271000.0,4896848000.0,0.0,-88912000.0,9059603760.0,12141348760.0,32.05916262721848,1.0449738223306566,0.3899459641942962,0.9650791795816465,0.012924994872350319,32.05916262721848,0.02356638076257089,6.71962777864311,28.947010467390058,2.7287050824505568,0.0,0.0,0.0,0.16407894940208415,0.9770096151624946,0.009522135865592125,221.37630143680968,0.2346357817286368,0.8749999999999999,0.4978786664349025,0.8005127240655825,5.633867403893885,0.09072509740371686,0.8671518911824365,0.35457196118732376,8.487729927037597,0.2028416277846068,0.16570625512879847,Diagnostics & Research,Healthcare,SYNH
2021Q2,2021,Q2,2021-08-09,2021-06-30,41905000.0,1282611000.0,83684000.0,0.4,290030000.0,0.22612467848786577,8019674000.0,3238614000.0,1748296000.0,1596348000.0,4781060000.0,0.0,-167155000.0,9301322130.0,12207993130.0,31.159394633287473,1.0951847592129034,0.39497104246382087,0.9780538835440099,0.010239504444256845,31.159394633287473,0.012939177067720945,7.251865242072616,55.490526965755876,2.872007015964236,0.0,0.0,0.0,0.15993305962312185,1.0215748696399531,0.005225274743088061,119.95050655765188,0.22612467848786577,0.08108108108108115,-0.2799493258697043,0.6766100257640563,4.861662953114962,0.10070399817833356,0.08214543952071067,0.37153159059247726,2.059476574659774,0.18393126175921032,0.13589908723742883,Diagnostics & Research,Healthcare,SYNH
2021Q1,2021,Q1,2021-04-29,2021-03-31,38724000.0,1208745000.0,61015000.0,0.37,263495000.0,0.21799056045733384,7954649000.0,3236877000.0,1674378000.0,1532285000.0,4717772000.0,0.0,-165831000.0,7909182899.999999,10806119900.0,31.04203348869325,1.0927327488032579,0.3974563805392293,0.9767519742022944,0.0075041420928556955,31.04203348869325,0.011963383224015,6.54330144075053,51.061246901146575,2.443461058297859,0.0,0.0,0.0,0.15195453627180786,1.0206045220047184,0.004868096631290708,68.23260923952895,0.21799056045733384,-0.5747126436781609,0.15122933388040807,0.5140800117369692,5.644818104168677,-0.09765385550544328,-0.5785647432688331,-0.4475830911444894,2.5798708600101268,0.1452688066632774,0.11524613247754027,Diagnostics & Research,Healthcare,SYNH
2020Q4,2020,Q4,2021-02-18,2020-12-31,91886000.0,1140019000.0,110451000.0,0.87,292011000.0,0.25614573090448495,8063306000.0,3242112000.0,1738012000.0,1577331000.0,4821194000.0,0.0,-179873000.0,7080887160.0,10023587160.0,31.194550282877266,1.1018689165431985,0.39870407993941936,0.9915983778475266,0.017258302591852043,31.194550282877266,0.028341402147735797,6.211201006299018,19.265413555927996,2.184035332523984,0.0,0.0,0.0,0.141383571453198,1.0251202822996568,0.01139557397424828,68.8741954498147,0.25614573090448495,0.45000000000000007,0.6071848290308572,0.5172703000103995,6.9952587576665435,0.047475392429764396,0.4489403305159581,0.11844583510541346,7.131981792461901,0.0632261880506038,0.07708948077856789,Diagnostics & Research,Healthcare,SYNH
2020Q3,2020,Q3,2020-10-29,2020-09-30,63416000.0,1099004000.0,98754000.0,0.6,278776000.0,0.2536624070522036,7384731000.0,3096478000.0,1595713000.0,1511253000.0,4288253000.0,0.0,-268622000.0,5543365320.0,8111068320.0,29.694736135485293,1.0558873993963949,0.3814084764902066,0.9096137611828665,0.014975255923938464,29.694736135485293,0.020480042164032815,5.043990121964979,21.853181058407973,1.790216277977754,0.0,0.0,0.0,0.14882112835254258,1.0014193520211374,0.00858744888608671,37.559983738405144,0.2536624070522036,13.999999999999998,-0.09414455851034619,0.6953681349828771,4.262042556877579,0.3434534738587132,15.214778828944004,1.8238826456206572,1.358122682071442,0.1169738987423417,-0.14484752096371709,Diagnostics & Research,Healthcare,SYNH
2020Q2,2020,Q2,2020-08-06,2020-06-30,3911000.0,1013399000.0,34971000.0,0.04,207507000.0,0.2047633755312567,7407131000.0,2999684000.0,1597399000.0,1426721000.0,4407447000.0,0.0,-318838000.0,6069533500.0,8759320500.0,28.788306877291312,1.1196295561640994,0.40944557346157373,1.0110454967923288,0.0028275050429157193,28.788306877291312,0.0013038040006880724,5.989283095799384,387.9783623114293,2.023390963848192,0.0,0.0,0.0,0.1368139702132985,1.0633130093409995,0.0005280047024954736,34.57162914948395,0.2047633755312567,-0.8750000000000001,-0.9062793024760686,0.6790719094897992,4.979184135748553,-0.13300688139516423,-0.8835110502174301,-0.28582514754834887,-0.40056965394169125,0.34578681716982246,3.4084380658549387,Diagnostics & Research,Healthcare,SYNH
2020Q1,2020,Q1,2020-04-30,2020-03-31,33574000.0,1163355000.0,48967000.0,0.32,239341000.0,0.2057334175724521,7590292000.0,2977922000.0,1774537000.0,1441009000.0,4612370000.0,0.0,-322749000.0,4110126300.0,6988014300.0,28.56108953148228,1.2314544877929283,0.42341559455156663,1.07922504350349,0.006057837714785652,28.56108953148228,0.01127430469972014,3.5329940559846307,30.604979299457916,1.3801994478028639,0.0,0.0,0.0,0.15326880704984736,1.1634958560286577,0.004423281739358644,-81.42572458743587,0.2057334175724521,-0.627906976744186,-0.21915736657044277,1.2120526133933385,3.2772423482007778,-0.1603661060711304,-0.6312575507962658,-0.4125910197814326,-0.17906371374802474,0.5780398501213247,3.5990330814587606,Diagnostics & Research,Healthcare,SYNH
2019Q4,2019,Q4,2020-02-20,2019-12-31,91050000.0,1212954000.0,83361000.0,0.86,285054000.0,0.23500808769335027,7453795000.0,3029654000.0,1562164000.0,1516461000.0,4424141000.0,0.0,-341263000.0,6174278175.0,8930198175.0,29.183763112519628,1.030137932990034,0.3916942980052443,0.9636773704191964,0.06832318591281371,29.183763112519628,0.030052936737990543,5.090282215978512,16.952987850082373,2.0379482855137914,0.0,0.0,0.0,0.16272972358375834,0.9676015406924412,0.012215254108813028,41.93912630756691,0.23500808769335027,0.5357142857142856,2.0131444548107074,1.0505664396900516,3.278798074552926,0.08239859656583913,0.5453156822810591,0.20042336880607117,0.2558739488324202,0.5446691829536286,4.196820739941898,Diagnostics & Research,Healthcare,SYNH
2019Q3,2019,Q3,2019-10-31,2019-09-30,58920000.0,1177028000.0,69443000.0,0.56,263354000.0,0.22374488967127376,7377313000.0,2867516000.0,1492512000.0,1451734000.0,4509797000.0,0.0,-432313000.0,5512236740.0,8399103740.0,27.680328976581656,1.0280891678503086,0.4088305593106867,1.0518061625462596,0.009444995210979941,27.680328976581656,0.020547400607354938,4.68318233720863,23.38864876103191,1.9223037430305532,0.0,0.0,0.0,0.15954697868993764,0.9810977768654588,0.007986647713063007,106.33172723765432,0.22374488967127376,4.090909090909092,1.3513680566555093,0.97486166106237,3.8954215352228054,0.0563823215589375,4.217853347502657,0.19453331957202324,0.12761204468653894,0.5713930537608545,4.727773811874399,Diagnostics & Research,Healthcare,SYNH
2019Q2,2019,Q2,2019-08-06,2019-06-30,11292000.0,1166827000.0,58134000.0,0.11,249298000.0,0.21365463774835516,7396981000.0,2823899000.0,1466750000.0,1654502000.0,4573082000.0,0.0,-488837000.0,5336350540.0,8266369540.0,27.231689794501392,0.886520536088805,0.4106100853848347,1.075560776075915,0.0031717160540160787,27.231689794501392,0.0039987265833516,4.5733862346346115,118.14449477506199,1.8897101277347386,0.0,0.0,0.0,0.15774367948221038,0.843011975809035,0.001526568744735183,66.53886632002893,0.21365463774835516,1.379310344827586,-0.6308041245200428,1.043651899563521,3.889751604365797,0.07361630290606536,1.3763498200239968,1.1678848448687351,-0.8055250382360372,0.5287595307236691,4.122788459074328,Diagnostics & Research,Healthcare,SYNH
2019Q1,2019,Q1,2019-05-09,2019-03-31,-30004000.0,1119006000.0,26816000.0,-0.29,232204000.0,0.20750916438339026,7387530000.0,2838370000.0,1407760000.0,1383712000.0,4549160000.0,0.0,-493814000.0,5315028300.0,8297414300.0,27.459681710443572,1.0173793390532133,0.4183139696217816,1.0887611551700447,0.006589663189301472,27.459681710443572,-0.010570855808087035,4.749776408705583,-44.28599770030663,1.8725635840288617,0.0,0.0,0.0,0.15147227828516432,0.9608798651742559,-0.004061438667592551,-214.7399418205325,0.20750916438339026,-1.659090909090909,-8.706355293846599,1.1059728846723844,0.0,-0.14525295953825312,-1.656973943507773,-0.6625559973825943,-1.8998359025180163,0.4139989120153792,4.8779844506876735,Diagnostics & Research,Healthcare,SYNH
2018Q4,2018,Q4,2019-03-18,2018-12-31,45670000.0,1145472000.0,79468000.0,0.44,271664000.0,0.2371633702089619,7254909000.0,2856144000.0,1491962000.0,1503198000.0,4398765000.0,0.0,-459333000.0,4064776300.0,6738597300.0,27.64955759066003,0.9925252694588471,0.38976147047468135,0.9900355164165392,0.010640195814208653,27.64955759066003,0.015990090135511375,3.5485601568611016,22.250800853952267,1.4231692449680409,0.0,0.0,0.0,0.15788923058855736,0.9383953411327051,0.006295047946156182,40.31876190287256,0.2371633702089619,5.4,2.7678284530151975,1.2653364554699746,4.195122101476369,0.11932230206341882,5.393881085241485,0.9958309264886858,-0.19627984127827508,0.5338847037733992,6.086666275604979,Diagnostics & Research,Healthcare,SYNH
2018Q3,2018,Q3,2018-11-06,2018-09-30,-10394000.0,1114918000.0,39817000.0,-0.1,242704000.0,0.21768775820284542,7209693000.0,2833028000.0,1356422000.0,1397109000.0,4376665000.0,0.0,-505003000.0,5253612000.0,7997062000.0,27.50192210616239,0.9708777196339011,0.39888688741670414,1.015115981910521,-0.04531920672397291,27.50192210616239,-0.0036688659624966643,4.712106181799917,-126.36165095247257,1.8544158405776434,0.0,0.0,0.0,0.1546415360543091,0.91174131724869,-0.0014416702625201932,45.50591170127069,0.21768775820284542,-1.7692307692307692,-3.475600203909528,1.171432138601536,0.0,0.07837291449136916,-1.766519174041298,0.2960419243538832,-1.1502946335447564,0.7410385172972123,3.873465918615198,Diagnostics & Research,Healthcare,SYNH
2018Q2,2018,Q2,2018-08-02,2018-06-30,13560000.0,1072530000.0,30722000.0,0.13,225065000.0,0.20984494606211482,7173200000.0,2822672000.0,1417073000.0,1361089000.0,4350528000.0,0.0,-494609000.0,4825963100.0,7555698100.0,27.43148135550394,1.0411317702222265,0.40445867952935927,1.0278427674203734,0.0024460618234931272,27.43148135550394,0.004803958802156255,4.499606631049947,88.9742459439528,1.70971444787067,0.0,0.0,0.0,0.14951904310489042,0.9785678967356286,0.0018903697094741537,47.848611427834896,0.20984494606211482,1.5416666666666667,-0.553204207337701,0.8930989571526058,3.925626392648242,0.04017137073479593,1.552297165200391,2.019361179361179,-0.6709547584422577,0.7994778379164064,4.697378412701699,Diagnostics & Research,Healthcare,SYNH
2018Q1,2018,Q1,2018-05-09,2018-03-31,-24552000.0,1057196000.0,10175000.0,-0.24,216373000.0,0.2046668735031158,7241904000.0,2907259000.0,1388512000.0,1278360000.0,4334645000.0,0.0,-504187000.0,3707939500.0,6492332500.0,27.8342444638053,1.0861666510216215,0.4102666922952859,1.0219632994514765,0.001260920640821677,27.8342444638053,-0.008445068017675755,3.5073340232085632,-37.755982201042684,1.2754073510478428,0.0,0.0,0.0,0.145983155810958,1.0106581870521605,-0.003390268636535364,-54.312072475868234,0.2046668735031158,-0.7142857142857141,-6.860191473113747,0.9689971786078845,0.0,-0.10252560236591163,-0.6316873795440952,-0.3225699067909454,-1.5700088097944072,1.0066561668794765,3.1683917211747334,Diagnostics & Research,Healthcare,SYNH
2017Q4,2017,Q4,2018-02-28,2017-12-31,-15047000.0,1076683000.0,15020000.0,-0.14,241091000.0,0.22392013248096237,7285867000.0,3022579000.0,1422179000.0,1159562000.0,4263288000.0,0.0,-370469000.0,4550270400.0,7236732400.0,28.961892989919896,1.2264794810454291,0.41281620979356337,0.995085322831926,0.0019950250943769274,28.961892989919896,-0.004978199080983492,4.226193224932501,-75.60095700139563,1.5054264586632806,0.0,0.0,0.0,0.14777692208765272,1.153237170586825,-0.0020652312209377415,62.5303412167269,0.22392013248096237,0.9176470588235295,0.4234987864769088,1.1075471000339694,4.441699017395912,0.2933442054836408,0.8983297071582048,1.1689766897668976,0.8334508701573112,0.8105828216577291,3.246268429567791,Diagnostics & Research,Healthcare,SYNH
2017Q3,2017,Q3,2017-11-09,2017-09-30,-147998000.0,822328000.0,-88888000.0,-1.7,186409000.0,0.22668448599585567,7296954000.0,3026309000.0,1362802000.0,1073610000.0,4270645000.0,0.0,-353699000.0,4558049600.0,7311302600.0,34.724492840095465,1.2693641080094262,0.4190214163334454,1.010333049268928,-0.017620393479705752,34.724492840095465,-0.048903796671126445,5.542860756291893,-7.6995121555696695,1.5061415076913824,0.0,0.0,0.0,0.1126946942518755,1.1779948025819431,-0.02028216157043062,-5318.610968494749,0.22668448599585567,-29.333333333333336,-74.32426111997665,0.8930360026338579,0.0,0.9402042112055955,-44.670109176748305,-9.672,-8.020547255011673,0.6400315661038009,5.1412214498213045,Diagnostics & Research,Healthcare,SYNH
2017Q2,2017,Q2,2017-07-27,2017-06-30,3389000.0,391135000.0,10250000.0,0.06,96077000.0,0.2456364170938423,1336259000.0,353438000.0,582727000.0,507223000.0,982821000.0,0.0,-207424000.0,3166195500.0,3469549500.0,6.530273635977311,1.148857603066107,0.3539792809627475,1.3383054453680703,0.11611073699146272,6.530273635977311,0.009588669016913857,8.094891789279917,233.5641413396282,8.958276982101529,0.0,0.0,0.0,0.2927089733352591,1.0728752442219693,0.002536184976116157,182.77408647462912,0.2456364170938423,-0.8421052631578947,-0.787699876349364,0.3125620402707128,0.17258298069021402,-0.01199058029883899,-0.8400434228536366,-0.7050529465930019,-0.787699876349364,0.3125620402707128,0.17258298069021402,Diagnostics & Research,Healthcare,SYNH
2017Q1,2017,Q1,2017-05-10,2017-03-31,21187000.0,381918000.0,34752000.0,0.38,97243000.0,0.2546174833341188,1291598000.0,335446000.0,539146000.0,458247000.0,956152000.0,0.0,-210813000.0,2476587750.0,2800048750.0,6.210237896880496,1.1765401628379455,0.37772278990831515,1.4543801386810395,0.03159300817296977,6.210237896880496,0.06316068756223059,6.484605988720092,29.222963963751358,7.382969986227291,0.0,0.0,0.0,0.2956941710965796,1.115640691592089,0.01640371075210708,38.027050992675846,0.2546174833341188,-0.44117647058823534,14.116127285662346,0.375465228254312,0.0,-0.09576723512674118,-0.4348777039822891,-0.20657534246575343,14.116127285662346,0.375465228254312,0.0,Diagnostics & Research,Healthcare,SYNH
2016Q4,2016,Q4,2017-02-28,2016-12-31,37491000.0,406071000.0,43800000.0,0.68,107542000.0,0.26483545980875267,1288507000.0,301473000.0,522629000.0,466727000.0,987034000.0,0.0,-229991000.0,2823778400.0,3219031400.0,5.615695551747262,1.1197745148662923,0.3862796244025062,1.650973719039516,0.04785370775216459,5.615695551747262,0.1243593953687395,6.953903135166017,18.82970846336454,9.366604637894605,0.0,0.0,0.0,0.3151484625229044,1.045193442847746,0.02909646590976999,-8851.969905956114,0.26483545980875267,0.3877551020408164,3.7924356755098,0.5452446784234705,0.05514252734010226,0.07632411225429361,0.3717390508945886,0.1117879987816022,3.7924356755098,0.5452446784234705,0.05514252734010226,Diagnostics & Research,Healthcare,SYNH
2016Q3,2016,Q3,2016-10-31,2016-09-30,27331000.0,391791000.0,39396000.0,0.49,99916000.0,0.2550237243836637,1244154000.0,261862000.0,487041000.0,482721000.0,982292000.0,0.0,-267482000.0,2415611880.0,2810242880.0,4.832650500129184,1.008949268832307,0.3999336095049327,1.9001573347793876,0.04243753352455668,4.832650500129184,0.10437176833599376,6.165562455492852,22.09589733269913,9.224751510337507,0.0,0.0,0.0,0.31490555027753797,0.9330420677782819,0.021967537780692745,53.193250242226725,0.2550237243836637,-0.09259259259259267,23.373030833018657,0.4506362178444373,0.0,0.006132498212613411,-0.10104266026378976,-0.0065313327449249775,23.373030833018657,0.4506362178444373,0.0,Diagnostics & Research,Healthcare,SYNH
2016Q2,2016,Q2,2016-07-28,2016-06-30,30403000.0,399647000.0,39655000.0,0.54,99307000.0,0.24848678959181478,1252104000.0,288637000.0,484429000.0,474467000.0,963467000.0,0.0,-246110000.0,2070382740.0000002,2450895740.0,5.315794320232789,1.0209961915159538,0.3773081149808642,1.6367582811628447,0.04749886287408289,5.315794320232789,0.10533299611622904,5.18052866654823,17.02449379995395,7.1729637572452605,0.0,0.0,0.0,0.3191803556254113,0.9442026526607752,0.024281529329832026,54.04852346890827,0.24848678959181478,0.7419354838709679,0.8984236949127453,0.33680402868600073,-0.04549023575153432,0.024427732904197485,0.7467968974432634,0.2198535745047373,0.8984236949127453,0.33680402868600073,-0.04549023575153432,Diagnostics & Research,Healthcare,SYNH
2016Q1,2016,Q1,2016-05-02,2016-03-31,17405000.0,413087000.0,32508000.0,0.31,96939000.0,0.23466969427747666,1228342000.0,252057000.0,450078000.0,472884000.0,976285000.0,0.0,-276513000.0,2223485550.0,2642535550.0,4.671615234917987,0.9517725277235008,0.38444586279716886,1.873508769841742,0.03198818103462459,4.671615234917987,0.06905184144856123,5.382608385158575,31.937454036196495,8.82136004951261,0.0,0.0,0.0,0.33629640604978095,0.879357305385676,0.014169506538081415,-410.2371863468635,0.23466969427747666,-0.41509433962264153,11.786805979496087,0.4893737659746367,0.0,-0.010220543189707984,-0.4322481732776618,-0.18101428463457034,11.786805979496087,0.4893737659746367,0.0,Diagnostics & Research,Healthcare,SYNH
2015Q4,2015,Q4,2016-02-25,2015-12-31,30656000.0,402885000.0,39693000.0,0.53,97940000.0,0.24309666530151283,1211219000.0,217434000.0,422046000.0,474592000.0,993785000.0,0.0,-301472000.0,2703413790.0,3120241790.0,3.9016311076818173,0.8892817409480143,0.41432556787831104,2.3080061076004674,0.04635687863241773,3.9016311076818173,0.14098990958175814,6.710137607505864,22.046367676800624,12.433261541433263,0.0,0.0,0.0,0.33262770811884557,0.8070574303823074,0.025310038894700296,49.99655625832224,0.24309666530151283,-0.17187499999999997,3.1995571889435213,0.476862276478267,-0.26691593770120503,-0.010347196960510893,-0.18929497011688792,-0.10482397780834893,3.1995571889435213,0.476862276478267,-0.26691593770120503,Diagnostics & Research,Healthcare,SYNH
2015Q3,2015,Q3,2015-10-29,2015-09-30,37814000.0,350145000.0,44341000.0,0.64,98964000.0,0.28263719316283253,1303041000.0,317853000.0,521302000.0,462185000.0,985188000.0,0.0,-228240000.0,2253000000.0,2591962000.0,5.643195739014647,1.1279076560251846,0.3645725652531271,1.494568243810818,0.05246764216660316,5.643195739014647,0.11896694383881858,6.43447714518271,14.895276881578251,7.08818227293749,0.0,0.0,0.0,0.2687137242803565,1.0100673972543461,0.029019808279248313,53.705513575361735,0.28263719316283253,0.641025641025641,30.77884238678913,0.24720511179296983,0.0,0.1074010249983215,0.6214570558723896,0.23378502462505912,30.77884238678913,0.24720511179296983,0.0,Diagnostics & Research,Healthcare,SYNH
2015Q2,2015,Q2,2015-07-30,2015-06-30,23321000.0,337292000.0,35939000.0,0.39,89366000.0,0.26495143673730776,1215744000.0,280368000.0,426687000.0,412231000.0,935376000.0,0.0,-266054000.0,2336227720.0,2712827720.0,4.814755027390909,1.0350677168868911,0.39079855627500526,1.6945978143012042,0.04694019138285828,4.814755027390909,0.08317996347657365,6.926424937442928,25.04424896016466,8.332718855218854,0.0,0.0,0.0,0.2774366971994104,0.9091456004036572,0.019182492366814068,47.82941386016993,0.26495143673730776,-0.025000000000000022,0.3578552011483601,0.052026825373188375,-0.13545739183005948,0.038342667255362166,-0.07661545771301868,0.10967363448297156,0.3578552011483601,0.052026825373188375,-0.13545739183005948,Diagnostics & Research,Healthcare,SYNH
2015Q1,2015,Q1,2015-04-27,2015-03-31,25256000.0,308917000.0,32387000.0,0.4,86066000.0,0.27860558013964914,1276503000.0,408954000.0,477322000.0,398050000.0,867549000.0,0.0,-191893000.0,2004516119.9999998,2267121120.0,6.677454117954412,1.1991508604446677,0.32820447738861563,1.024452627923923,0.03233234536038859,6.677454117954412,0.06175755708465989,6.488850144213494,19.841979331643966,4.901568684986575,0.0,0.0,0.0,0.24200256481966748,1.0772390403215677,0.01978530406900728,51.71476793684373,0.27860558013964914,1.434782608695652,14.789596472989233,-0.018767035874489087,0.0,0.07895396650285828,1.5073523503415027,0.7551075705847288,14.789596472989233,-0.018767035874489087,0.0,Diagnostics & Research,Healthcare,SYNH
2014Q4,2014,Q4,2014-12-31,2014-12-31,-49780000.0,327655000.0,18453000.0,-0.92,79768000.0,0.24345119103935542,1245087000.0,392209000.0,426899000.0,379796000.0,852878000.0,0.0,-217149000.0,1477277760.0,1770803760.0,6.820551613800779,1.1240218433053535,0.33730895913297626,1.070804086596687,0.029789905213790255,6.820551613800779,-0.12692212570338773,4.5086379270879435,-7.419032543190037,3.766557524177161,0.0,0.0,0.0,0.26315831745090906,0.9869087615456719,-0.03998114188004533,234.22827968923417,0.24345119103935542,-4.833333333333334,-2.4614483670230873,0.16401584883277887,0.28152496895958107,0.019972892105465052,-4.964954201513342,-0.18848674084172568,-2.4614483670230873,0.16401584883277887,0.28152496895958107,Diagnostics & Research,Healthcare,SYNH
2014Q3,2014,Q3,2014-09-30,2014-09-30,12555000.0,298624000.0,22739000.0,0.24,78206000.0,0.2618878589798543,1316041000.0,293488000.0,478619000.0,381215000.0,1022553000.0,0.0,-162896000.0,1063533449.9999999,1466135450.0,5.654330026009055,1.255509358236166,0.4471023319182305,2.0048690236057354,0.021605240213766082,5.654330026009055,0.042778580384887965,3.561446668720531,21.177488052568698,3.623771500027258,0.009956192751891677,0.0,0.00011753273956733568,0.22691086371929142,1.1112128326534896,0.009539976338123205,33.098887401966884,0.2618878589798543,-0.17241379310344826,11.729115321630493,0.15426802859113012,0.0,0.07486359075853159,-0.17978702554386883,1.8885924796747968,11.729115321630493,0.15426802859113012,0.0,Diagnostics & Research,Healthcare,SYNH
2014Q2,2014,Q2,2014-06-30,2014-06-30,15307000.0,285743000.0,7872000.0,0.29,72759000.0,0.25463090959358586,1320521000.0,289027000.0,471730000.0,392491000.0,1031494000.0,0.0,-175326000.0,1063390019.9999999,1496839020.0,5.569135612162318,1.2018874318137232,0.4460345575723521,2.0378649745525506,-0.02590759732877204,5.569135612162318,0.05296045006175894,3.7214910601484545,17.367707911413078,3.6792065101184317,0.008166198471287646,0.0,0.0001175485923781756,0.21638656257643762,1.0674512281810284,0.011591636937239165,26.018204105600546,0.25463090959358586,10.666666666666666,0.0,0.0,0.0,0.13799737237237236,10.862757731958762,-0.460082304526749,0.0,0.0,0.0,Diagnostics & Research,Healthcare,SYNH
2014Q1,2014,Q1,2014-03-31,2014-03-31,-1552000.0,266777000.0,14580000.0,-0.03,63936000.0,0.23966084032731458,,,,,,,,1063369529.9999999,,,0.0,0.0,0.0,0.0,,0.0,3.985986535570907,-171.2901949097938,0.0,-0.08054123711340207,0.0,0.00011755085741454337,0.0,0.0,0.0,39.99734935680433,0.23966084032731458,0.8800431844535967,0.0,0.0,0.0,0.026490704171081784,0.8804222205100547,0.29243861359808526,0.0,0.0,0.0,Diagnostics & Research,Healthcare,SYNH
2013Q4,2013,Q4,2013-12-31,2013-12-31,-12979000.0,254040000.0,11281000.0,-0.25009,62286000.0,0.2451818611242324,1233111000.0,276207000.0,376182000.0,318008000.0,956904000.0,0.0,-188831000.0,1063369529.9999999,1560876530.0,5.3222151569454885,1.1829325048426456,0.48209690773985475,2.152295198890687,0.033116338260449116,5.3222151569454885,-0.046990119729043794,4.18583502598016,-20.48250115571307,3.849900726628941,-0.00963094229139379,0.0,0.00011755085741454337,0.20601551685128103,1.024524540263138,-0.010525410932186964,53.95623756850009,0.2451818611242324,-10.095385980479147,0.0,0.0,0.0,0.034805867986908344,-10.093162393162393,-0.24898475467678582,0.0,0.0,0.0,Diagnostics & Research,Healthcare,SYNH
2013Q3,2013,Q3,2013-09-30,2013-09-30,-1170000.0,258673000.0,15021000.0,-0.02254,60191000.0,0.23269146760581894,,,,,,,,1063369529.9999999,,,0.0,0.0,0.0,0.0,,0.0,4.110864025236495,-227.21571153846153,0.0,-0.10683760683760683,0.0,0.00011755085741454337,0.0,0.0,0.0,100.6502158069096,0.23269146760581894,0.0,0.0,0.0,0.0,0.0,0.0,0.0,0.0,0.0,0.0,Diagnostics & Research,Healthcare,SYNH
