Quarters,Year,Quarter,FillingDate,Date,NetIncome,Revenue,OperatingIncome,EPSDiluted,GrossProfit,GrossProfitRatio,TotalAssets,CommonStockEquity,CurrentAssets,CurrentLiability,TotalLiability,Inventory,RetainedEarnings,MarketCap,EnterpriseValue,bookValuePerShare,currentRatio,debtToAssets,debtToEquity,roic,shareholdersEquityPerShare,roe,priceToSalesRatio,peRatio,pbRatio,payoutRatio,inventoryTurnover,dividendYield,assetTurnover,quickRatio,returnOnAssets,priceToFreeCashFlowsRatio,grossProfitMargin,epsdilutedGrowth,fiveYNetIncomeGrowthPerShare,fiveYRevenueGrowthPerShare,fiveYShareholdersEquityGrowthPerShare,grossProfitGrowth,netIncomeGrowth,operatingIncomeGrowth,threeYNetIncomeGrowthPerShare,threeYRevenueGrowthPerShare,threeYShareholdersEquityGrowthPerShare,Industry,Sector,Symbol
2023Q1,2023,Q1,2023-05-12,2023-03-31,59800000.0,851700000.0,106700000.0,1.09,199700000.0,0.234472232,3640300000.0,119900000.0,993600000.0,935100000.0,2385400000.0,283100000.0,113500000.0,1264400.0,1293164400.0,2.2,1.0625601539942253,0.37409004752355574,11.357798165137615,0.06014151588071344,2.2,0.4987489574645538,0.0014845602911823413,0.005285953177257525,0.010545454545454544,0.0,2.3030731190392086,0.0,0.23396423371700134,0.7137204577050583,0.01642721753701618,0.008412508316699933,0.23447223200657508,-0.582375478927203,0.0,0.0,0.0,-0.14621633176571183,-0.4844827586206897,-0.1477635782747604,0.0,0.0,0.0,Oil & Gas Equipment & Services,Energy,ACDCW
2022Q4,2022,Q4,2023-03-30,2022-12-31,116000000.0,794100000.0,125200000.0,2.61,233900000.0,0.2945472862,2933600000.0,-1184300000.0,865400000.0,668100000.0,1582900000.0,249500000.0,-1185900000.0,1337860.0,1008637860.0,-26.733634311512414,1.295315072593923,0.35533133351513496,-0.8801823862197078,-5.1753420068918095,-26.733634311512414,-0.09794815502828676,0.001684750031482181,0.0028833189655172414,-0.0011296630921219287,0.0,2.2452905811623247,0.0,0.2706913007908372,0.8572070049393803,0.03954185983092446,0.031929832935560856,0.2945472862359904,-0.2300884955752213,0.0,0.0,0.0,-0.025026677337601708,-0.19085950251810102,-0.25895235276709083,0.0,0.0,0.0,Oil & Gas Equipment & Services,Energy,ACDCW
2022Q3,2022,Q3,2022-09-30,2022-09-30,143362000.0,696730000.0,168950000.0,3.39,239904000.0,0.344328506,1979284000.0,-866977000.0,836189000.0,545288000.0,1120016000.0,238794000.0,-868409000.0,468547.65,563271547.65,-20.538881584402354,1.5334813896509734,0.3170242370473363,-0.7237573776466966,-1.0195849387248197,-20.538881584402354,-0.16535848125152108,0.0006724952994703831,0.0008170708590839972,-0.0005404383853320216,0.0,1.9130547668701894,0.0,0.3520111312979845,1.0462819647599066,0.07243124281305766,0.009603157344592241,0.34432850602098375,0.9371428571428572,0.0,0.0,0.0,0.295517874500486,1.0453112293666986,0.7693137429442135,0.0,0.0,0.0,Oil & Gas Equipment & Services,Energy,ACDCW
2022Q2,2022,Q2,2022-08-15,2022-06-30,70093000.0,589844000.0,95489000.0,1.75,185180000.0,0.3139474166,1663625000.0,-1409393000.0,735800000.0,452110000.0,955468000.0,192377000.0,-1410780000.0,445365.30000000005,490639365.3,-35.12681005906836,1.6274800380438388,0.33892674130287775,-0.40006371537250435,-0.11852676876985653,-35.12681005906836,-0.049732757293388004,0.0007550560826252366,0.001588479948068994,-0.0003159979508909155,0.0,2.1034947005099363,0.0,0.3545534600646179,1.1552210745172635,0.04213269216319784,-0.012693171260010832,0.3139474166050685,0.0,0.0,0.0,0.0,1.716643438714883,1.9052888999419713,1.7927292934019654,0.0,0.0,0.0,Oil & Gas Equipment & Services,Energy,ACDCW
2022Q1,2022,Q1,2022-06-24,2022-03-31,24126000.0,344980000.0,34192000.0,0.0,68165000.0,0.1975911647,1313888000.0,244946000.0,488789000.0,417800000.0,1067521000.0,139143000.0,0.0,0.0,676156000.0,0.0,1.1699114408808042,0.5364308068876494,2.877409714794281,0.03222578237600498,0.0,0.0984951785291452,0.0,0.0,0.0,0.0,1.9894281422709013,,0.2625642368299277,0.7920536141694591,0.01836229572079203,0.0,0.1975911647052003,0.0,0.0,0.0,0.0,0.0,0.0,0.0,0.0,0.0,0.0,Oil & Gas Equipment & Services,Energy,ACDCW
2021Q2,2021,Q2,2021-06-30,2021-06-30,0.0,174819000.0,-2755000.0,0.0,13207000.0,0.0755467083097375,,,,,,,,0.0,,0.0,0.0,0.0,0.0,0.0,0.0,0.0,0.0,0.0,0.0,0.0,0.0,,0.0,0.0,0.0,0.0,0.0755467083097375,0.0,0.0,0.0,0.0,4.158813680937575,1.0,0.8633839135178022,0.0,0.0,0.0,Oil & Gas Equipment & Services,Energy,ACDCW
2021Q1,2021,Q1,2021-03-31,2021-03-31,-25998000.0,149586000.0,-20166000.0,0.0,-4181000.0,-0.027950476648884254,,,,,,,,0.0,,0.0,0.0,0.0,0.0,0.0,0.0,0.0,0.0,0.0,0.0,0.0,0.0,,0.0,0.0,0.0,0.0,-0.027950476648884254,0.0,0.0,0.0,0.0,0.0,0.0,0.0,0.0,0.0,0.0,Oil & Gas Equipment & Services,Energy,ACDCW
