Quarters,Year,Quarter,FillingDate,Date,NetIncome,Revenue,OperatingIncome,EPSDiluted,GrossProfit,GrossProfitRatio,TotalAssets,CommonStockEquity,CurrentAssets,CurrentLiability,TotalLiability,Inventory,RetainedEarnings,MarketCap,EnterpriseValue,bookValuePerShare,currentRatio,debtToAssets,debtToEquity,roic,shareholdersEquityPerShare,roe,priceToSalesRatio,peRatio,pbRatio,payoutRatio,inventoryTurnover,dividendYield,assetTurnover,quickRatio,returnOnAssets,priceToFreeCashFlowsRatio,grossProfitMargin,epsdilutedGrowth,fiveYNetIncomeGrowthPerShare,fiveYRevenueGrowthPerShare,fiveYShareholdersEquityGrowthPerShare,grossProfitGrowth,netIncomeGrowth,operatingIncomeGrowth,threeYNetIncomeGrowthPerShare,threeYRevenueGrowthPerShare,threeYShareholdersEquityGrowthPerShare,Industry,Sector,Symbol
2023Q2,2023,Q2,2023-05-15,2023-03-31,-27143.0,0.0,-818698.0,-0.002,-790735.0,0.0,36964740.0,29784667.0,239685.0,7180073.0,7180073.0,0.0,-6833303.0,57551760.0,59517565.0,5.216685699273142,0.03338197257883033,0.05956362739194162,0.07392239772229113,0.004461690311703841,5.216685699273142,-0.0009113078215714146,0.0,-530.0792101094204,1.9322613209004484,0.0,0.0,0.0,0.0,0.03286164360724466,-0.0007342943572712807,-61.79258511654874,0.0,-1.0666666666666667,0.0,0.0,0.0,-1.005150221122246,-1.0447146502544369,-0.9385955980725288,0.0,0.0,0.0,Shell Companies,Financial Services,AACI
2023Q1,2023,Q1,2023-02-14,2022-12-31,607027.0,0.0,-422315.0,0.03,-394352.0,0.0,154004109.0,148034525.0,369511.0,5969584.0,5969584.0,0.0,-5964009.0,57780139.99999999,59618646.99999999,25.92775637096068,0.061898953092878836,0.014296722433555328,0.014873246629460256,-0.0019673032463048174,25.92775637096068,0.004100577213322365,0.0,23.796363258965417,0.39031529975862045,0.0,0.0,0.0,0.0,0.06084963374332282,0.003941628596416217,-218.5901010475502,0.0,-0.9999983234341434,0.0,0.0,134863.01276517435,0.0,1.2616011912424723,0.20232739113846107,0.0,0.0,134863.01276517435,Shell Companies,Financial Services,AACI
2022Q4,2022,Q4,2022-12-22,2022-09-30,268405.854379,0.0,-529434.0,17893.72,0.0,0.0,151084445.0,147399535.0,239520.0,3684910.0,3684910.0,0.0,-4091693.0,148.8,74324.79999999999,9826635.666666666,0.06500023067049128,0.0016663131667856343,0.001707970109946412,-0.0035857032901410045,9826635.666666666,0.0018209409845085333,0.0,0.00013859608273473825,1.0095011493760819e-06,0.0,0.0,0.0,0.0,0.0481905935287429,0.001776528711337557,-0.001598727893933859,0.0,329535.43830570905,790299.2719465389,0.0,223514390081.15842,0.0,1.2387816480013594,0.6584503907504964,790299.2719465389,0.0,223514390081.15842,Shell Companies,Financial Services,AACI
2022Q3,2022,Q3,2022-08-15,2022-06-30,-1124064.0,0.0,-1550094.0,-0.0543,0.0,0.0,150711970.0,147248787.0,602816.0,3463183.0,3463183.0,0.0,-4214478.0,204402764.99999997,204445935.99999997,7.1102048335305055,0.17406414850153745,0.0032050141737248873,0.0032803937461298067,-0.008821002704771555,7.1102048335305055,-0.007633774259885754,0.0,-45.4606599357332,1.3881456626192783,0.0,0.0,0.0,0.0,0.12701119172737912,-0.00745835914692111,-403.3434529600154,0.0,-1.0000911089112234,-569.8806500761807,0.0,5969.675006082232,0.0,-1.0000910716935771,-3.030101734398602,-569.8806500761807,0.0,5969.675006082232,Shell Companies,Financial Services,AACI
2022Q2,2022,Q2,2022-05-13,2022-03-31,12342627614.0,0.0,-384629.0,595.99,0.0,0.0,150586642.0,148557903.0,570503.0,2028739.0,2028739.0,0.0,-2877399.0,56067290.0,55723690.0,26.019424292845258,0.2812106436559853,0.0,0.0,85.81447432194226,26.019424292845258,83.0829418344711,0.0,0.001135643311809958,0.3774103488792515,0.0,0.0,0.0,0.0,0.16936629108032134,81.96362871283098,-736.7580814717477,0.0,0.0,0.0,0.0,0.0,0.0,0.0,0.0,0.0,0.0,0.0,Shell Companies,Financial Services,AACI
2022Q1,2022,Q1,2022-02-10,2021-12-31,0.0,0.0,0.0,0.0,0.0,0.0,150763.884,-1097.674,759.988,1861.558,151861.558,0.0,-2505.013,55896004.99999999,55895585.29999999,-0.00019225396269375602,0.40825373155174327,0.0,0.0,,-0.00019225396269375602,0.0,0.0,0.0,-50922.22736440874,0.0,0.0,0.0,0.0,0.22545631132631913,0.0,-234.96576148640125,0.0,1.0,0.0,0.0,0.0,0.0,1.0,1.0,0.0,0.0,0.0,Shell Companies,Financial Services,AACI
2021Q4,2021,Q4,2021-12-29,2021-09-30,-468899.0,0.0,-469951.0,-0.023,0.0,0.0,151119.504,910.477,917.17,209.027,150209.027,0.0,-468.899,201917625.0,201916967.41,4.396421931963591e-05,4.387806359943931,0.0,0.0,-516.1591122016262,4.396421931963591e-05,-515.0036738984071,0.0,-107.65518000678185,221771.252870748,0.0,0.0,0.0,0.0,3.1459572208375,-3.102835753087173,-383.9986478493959,0.0,-241.1052631578947,0.0,0.0,0.0,0.0,-237.1406805485018,-237.67496190959878,0.0,0.0,0.0,Shell Companies,Financial Services,AACI
2021Q3,2021,Q3,2021-09-27,2021-06-30,-1969.0,0.0,-1969.0,-9.5e-05,0.0,0.0,219272.0,24662.0,50987.0,194610.0,194610.0,0.0,-4408.0,201917625.0,201903879.0,0.0011908544387841328,0.26199578644468424,0.0,0.0,-0.07983942908117753,0.0011908544387841328,-0.07983942908117753,0.0,-25637.07783138649,8187.398629470441,,0.0,,0.0,0.2200092492677663,-0.008979714692254368,0.0,0.0,0.0,0.0,0.0,0.0,0.0,0.0,0.0,0.0,0.0,0.0,Shell Companies,Financial Services,AACI
2021Q2,2021,Q2,2021-03-31,2021-03-31,,,,,,,135313.0,22561.0,66824.0,112752.0,112752.0,0.0,-2439.0,0.0,44742.0,0.0,0.5926635447708245,0.7933605788061753,4.7582997207570585,,0.0,,0.0,0.0,0.0,0.0,0.0,,,0.555289484887186,,0.0,0.0,0.0,0.0,0.0,0.0,0.0,0.0,0.0,0.0,0.0,0.0,Shell Companies,Financial Services,AACI
