Year,Date,FillingDate,NetIncome,Revenue,OperatingIncome,EPSDiluted,GrossProfit,GrossProfitRatio,TotalAssets,CommonStockEquity,CurrentAssets,CurrentLiability,TotalLiability,Inventory,RetainedEarnings,EnterpriseValue,bookValuePerShare,currentRatio,debtToAssets,debtToEquity,roic,shareholdersEquityPerShare,roe,priceToSalesRatio,peRatio,pbRatio,payoutRatio,inventoryTurnover,dividendYield,assetTurnover,quickRatio,returnOnAssets,priceToFreeCashFlowsRatio,grossProfitMargin,epsdilutedGrowth,fiveYNetIncomeGrowthPerShare,fiveYRevenueGrowthPerShare,fiveYShareholdersEquityGrowthPerShare,grossProfitGrowth,netIncomeGrowth,operatingIncomeGrowth,threeYNetIncomeGrowthPerShare,threeYRevenueGrowthPerShare,threeYShareholdersEquityGrowthPerShare,Industry,Sector,Price,MarketCap,AvgVolume,Symbol
2022,2022-12-31,2023-03-16,-14238249.0,34218209.0,-11591290.0,-0.45,28737117.0,0.8398194365,123086280.0,114519992.0,92733670.0,3873424.0,8566288.0,5310473.0,39931030.0,56701264.56,3.6379773860870164,23.941006716538134,0.002826610731919106,0.0030380459684279403,-0.0760026254361739,3.6379773860870164,-0.12432981133984013,2.318273015399491,-5.571411945387386,0.6926925960665453,0.0,1.0321287764762197,0.0,0.27800181303716387,22.373489450160893,-0.11567697878268805,15.429620481500033,0.8398194364877484,-1.3658536585365852,0.28764344199996184,1553.9530655963824,9.355322582625524,-0.6670501959671052,-1.3884017115345817,-1.251629264695641,-0.22351272058303193,83.73132781527657,34.090549070862416,Medical Devices,Healthcare,1.16,35105660,88277,CODX
2021,2021-12-31,2022-03-24,36658564.0,97885603.0,46064952.0,1.23,86310659.0,0.8817502917,160034282.0,134475098.0,115119295.0,12597550.0,25559184.0,2004169.0,54169279.0,169242542.15,4.657218024658735,9.138228861961254,0.037946494489224505,0.04515884420474637,0.26327903753516446,4.657218024658735,0.2726048506021539,2.6341951037477904,7.033820968819183,1.9174537143672503,0.0,5.775433109682866,0.0,0.6116539642424865,8.79351000789836,0.2290669445437947,6.380531153882882,0.8817502917155243,-0.19078947368421054,8.28098517667925,0.0,18.202093576151917,0.48910552765691767,-0.1370095701760294,0.10484361643646369,3.52725173693715,1059.440082737159,55.91403406591059,Medical Devices,Healthcare,1.16,35105660,88277,CODX
2020,2020-12-31,2021-03-25,42478529.0,74552758.0,41693640.0,1.52,57961412.0,0.7774549669,71237197.0,66696509.0,68360433.0,4510688.0,4540688.0,7995189.0,17510715.0,205520523.9,2.496114409310762,15.155212020871318,0.0,0.0,0.6237952552539854,2.496114409310762,0.6368928394738022,3.3331729578669647,5.8499492037495,3.7257907591535266,0.0,2.0751662030753746,0.0,1.0465425527621475,13.17958413439369,0.5962970300473782,9.072275806238569,0.7774549668571618,5.108108108108109,9.606336082252334,3085.1471156848884,25.062963733024972,564.2400651434033,7.857229728540833,8.074223315887142,3.50376180833315,3990.226946240903,6.105066131088493,Medical Devices,Healthcare,1.16,35105660,88277,CODX
2019,2019-12-31,2020-03-30,-6194707.0,214974.0,-5893741.0,-0.37,102543.0,0.47700187,2215326.0,1737256.0,1584254.0,328070.0,478070.0,197168.0,-24967814.0,14107649.6224,0.10367399434931687,4.82901210107599,0.0,0.0,-3.3920921313112595,0.10367399434931687,-3.5657997439640443,69.77954367690977,-2.4215491745453015,8.634759426589978,0.0,0.570229448997809,0.0,0.09703944250191619,3.122870119181882,-2.796295895051112,-2.660498587154333,0.47700186999358063,0.26,-1.0013093704156377,13.190035257677549,1.9994347842310225,2.359862385321101,0.01227987906991428,0.03662663277221806,-1.1201021129065991,0.0,1.3829345636746468,Medical Devices,Healthcare,1.16,35105660,88277,CODX
2018,2018-12-31,2019-04-01,-6271723.0,39911.0,-6117816.0,-0.5,30520.0,0.7647014607501691,1553172.0,-1058811.0,1051913.0,2351983.0,2611983.0,18153.0,-18694167.0,19560414.33,-0.08480924965499542,0.4472451544080038,1.2288220493287285,-1.8025615525339271,-7.199454905555798,-0.08480924965499542,5.923364037585556,466.089031344742,-2.9660237433955547,-17.56883837625412,0.0,0.5173249600616978,0.0,0.02569644572526417,0.4097210736642229,-4.03800931255521,-4.513564737665029,0.7647014607501691,0.20634920634920637,-1.7195628072218967,2.535972769505064,0.1824245350850246,3.1467391304347827,0.09879092980374846,-0.3404308043681217,-1.7195628072218967,2.535972769505064,0.1824245350850246,Medical Devices,Healthcare,1.16,35105660,88277,CODX
2017,2017-12-31,2018-03-28,-6959232.0,7662.0,-4564067.0,-0.63,7360.0,0.9605847037327069,4662326.0,3850524.0,4451874.0,628256.0,811802.0,9068.0,-12422444.0,25400806.64,0.3513147327917071,7.086082743340294,0.0,0.0,-1.185310622658111,0.3513147327917071,-1.8073467403397563,3776.4631480031326,-4.157823828836285,7.514629343954226,0.0,0.03330392589325099,0.0,0.0016433857263520397,5.625818137829166,-1.4926523799494071,-8.661418268647925,0.9605847037327069,-2.620689655172414,-2.437362153863151,-0.22676731810714387,4.386733253296058,0.0,-2.6082763083259795,-1.7038856232886208,-2.437362153863151,-0.22676731810714387,4.386733253296058,Medical Devices,Healthcare,1.16,35105660,88277,CODX
2016,2016-12-31,2016-12-31,-1928686.0,0.0,-1687966.0,-0.174,0.0,0.0,1295827.0,-2994586.0,1208398.0,3845413.0,4290413.0,0.0,-5463212.0,66659320.87,-0.27073553599983075,0.3142440096811448,2.6192323512320703,-1.13340274749164,-4.225344567769584,-0.27073553599983075,0.6440576426925124,0.0,-33.32008728740707,-21.46005687263615,0.0,0.0,0.0,0.0,0.26054938702292835,-1.4883823226402908,-48.519137574102984,0.0,0.05802868140256285,0.05603161365095762,-1.0,-1.6099362111386037,0.0,0.056031613650957726,0.14228454673550886,0.05603161365095762,-1.0,-1.6099362111386037,Medical Devices,Healthcare,1.16,35105660,88277,CODX
2015,2015-12-31,2015-12-31,-2043168.0,10000.0,-1967979.0,-0.184719,0.0,0.0,370930.0,-1147379.0,151925.0,994714.0,1518309.0,0.0,-3534526.0,65241710.87,-0.10373262566510022,0.15273234316597534,2.7270104871539105,-0.8816005870771558,14.48651811938255,-0.10373262566510022,1.7807263336700427,6426.398587,-31.45310902970289,-56.00937952498695,0.0,0.0,0.0,0.026959264551263042,0.03599527100251932,-5.508230663467501,-38.97536557304668,0.0,0.0,0.0,0.0,0.0,0.0,0.0,0.0,0.0,0.0,0.0,Medical Devices,Healthcare,1.16,35105660,88277,CODX
TTM,,,,,,,,,,,,,,,,29681707.0,3.7522553261921736,23.80090768348195,0.007995318096010897,0.008455472699617833,-0.11847015030632775,3.7522553261921736,-0.2513703144621964,2.896238483533125,-1.0786127112211477,0.30914740580225375,0.0,0.5102094509309675,0.0,0.10360212616329845,22.081320606337442,-0.2710178700030939,-4.4172553713218115,0.7771343279937286,,,,,,,,,,,Medical Devices,Healthcare,1.16,35105660,88277,CODX
