Quarters,Year,Quarter,FillingDate,Date,NetIncome,Revenue,OperatingIncome,EPSDiluted,GrossProfit,GrossProfitRatio,TotalAssets,CommonStockEquity,CurrentAssets,CurrentLiability,TotalLiability,Inventory,RetainedEarnings,MarketCap,EnterpriseValue,bookValuePerShare,currentRatio,debtToAssets,debtToEquity,roic,shareholdersEquityPerShare,roe,priceToSalesRatio,peRatio,pbRatio,payoutRatio,inventoryTurnover,dividendYield,assetTurnover,quickRatio,returnOnAssets,priceToFreeCashFlowsRatio,grossProfitMargin,epsdilutedGrowth,fiveYNetIncomeGrowthPerShare,fiveYRevenueGrowthPerShare,fiveYShareholdersEquityGrowthPerShare,grossProfitGrowth,netIncomeGrowth,operatingIncomeGrowth,threeYNetIncomeGrowthPerShare,threeYRevenueGrowthPerShare,threeYShareholdersEquityGrowthPerShare,Industry,Sector,Symbol
2023Q1,2023,Q1,2023-04-26,2023-03-31,383000000.0,2331000000.0,345000000.0,4.17,589000000.0,0.2526812527,10840000000.0,4791000000.0,3593000000.0,1933000000.0,6003000000.0,1340000000.0,4129000000.0,8746540000.0,11200540000.0,52.47535596933187,1.8587687532333161,0.2962177121771218,0.670214986432895,0.03133702748356464,52.47535596933187,0.07994155708620329,3.7522694122694125,5.709229765013054,1.8256188687121686,0.12532637075718014,1.3,0.0054878843519837565,0.2150369003690037,1.1096740817382307,0.03533210332103321,-27.163167701863355,0.2526812526812527,2.1590909090909087,4.084111148149912,0.6834598217611049,0.42777017827733144,0.03333333333333333,2.088709677419355,5.764705882352941,1.4977228234838829,0.7350382735872227,0.637315379828881,Building Products & Equipment,Industrials,OC
2022Q4,2022,Q4,2023-02-15,2022-12-31,124000000.0,2285000000.0,51000000.0,1.32,570000000.0,0.249452954,10752000000.0,4575000000.0,3556000000.0,2104000000.0,6131000000.0,1334000000.0,3794000000.0,7941430000.0,10038430000.0,49.140708915145005,1.6901140684410647,0.29724702380952384,0.6985792349726776,0.005033471534027708,49.140708915145005,0.027103825136612022,3.4754617067833697,16.01094758064516,1.735831693989071,0.2661290322580645,1.285607196401799,0.004155422889832184,0.2125186011904762,0.9790874524714829,0.011532738095238096,14.843794392523364,0.24945295404814005,-0.7272727272727272,38.12674543501612,0.7039853235650948,0.3164798279766142,-0.1774891774891775,-0.7361702127659574,-0.9161184210526315,0.9942027279549167,0.5854637861116824,0.1598098649158603,Building Products & Equipment,Industrials,OC
2022Q3,2022,Q3,2022-10-26,2022-09-30,470000000.0,2529000000.0,608000000.0,4.84,693000000.0,0.2740213523,10721000000.0,4640000000.0,3567000000.0,2014000000.0,6035000000.0,1322000000.0,3719000000.0,7570143000.0,9990143000.0,48.18276220145379,1.7711022840119166,0.29577464788732394,0.6834051724137931,0.061159271515492296,48.18276220145379,0.10129310344827586,2.993334519572954,4.026671808510638,1.6314963362068966,0.07021276595744681,1.388804841149773,0.0043592307305159225,0.23589217423747785,1.0203574975173784,0.04383919410502752,20.62709264305177,0.27402135231316727,0.38681948424068757,4.6431723779854615,0.7117127005120159,0.31278512625463206,-0.055858310626702996,0.37026239067055394,0.24845995893223818,2.553063343717549,0.5229823159503874,0.1736688896718166,Building Products & Equipment,Industrials,OC
2022Q2,2022,Q2,2022-07-27,2022-06-30,343000000.0,2601000000.0,487000000.0,3.49,734000000.0,0.2821991542,10543000000.0,4540000000.0,3689000000.0,1974000000.0,5956000000.0,1254000000.0,3282000000.0,7252656000.0,9620656000.0,46.51639344262295,1.8687943262411348,0.3014322299155838,0.7,0.045760912290036905,46.51639344262295,0.07555066079295154,2.7884106113033447,5.286192419825073,1.5975013215859033,0.10204081632653061,1.4888357256778308,0.004825818293325921,0.24670397420089157,1.0982776089159068,0.0325334345063075,20.090459833795013,0.2821991541714725,0.14052287581699352,3.0854252049180326,0.8623007277990495,0.30564122439555347,0.18578352180936994,0.11726384364820847,0.10681818181818181,1.77582264195771,0.5144970426844903,0.15102993989691282,Building Products & Equipment,Industrials,OC
2022Q1,2022,Q1,2022-04-27,2022-03-31,307000000.0,2346000000.0,440000000.0,3.06,619000000.0,0.2638533674,10316000000.0,4341000000.0,3431000000.0,1999000000.0,5951000000.0,1147000000.0,2974000000.0,9104250000.0,11498250000.0,43.62814070351759,1.7163581790895448,0.304575416828228,0.7237963602856484,0.0425619871167121,43.62814070351759,0.07072103202027183,3.8807544757033248,7.413884364820848,2.0972702142363513,0.11400651465798045,1.5056669572798604,0.0038443584040420684,0.22741372625048467,1.0720360180090045,0.029759596742923614,178.51470588235293,0.2638533674339301,0.3721973094170404,2.4306283894721132,0.7914729262006922,0.25465818207555063,0.1073345259391771,0.3524229074889868,0.35384615384615387,6.678506167199634,0.5487575851663838,0.12090131558779349,Building Products & Equipment,Industrials,OC
2021Q4,2021,Q4,2022-02-16,2021-12-31,227000000.0,2131000000.0,325000000.0,2.23,559000000.0,0.2623181605,10015000000.0,4296000000.0,3097000000.0,1697000000.0,5680000000.0,1078000000.0,2706000000.0,9131450000.0,11290450000.0,42.576808721506445,1.8249852681202121,0.3113330004992511,0.7257914338919925,0.03291598849245442,42.576808721506445,0.052839851024208566,4.285053965274519,10.056662995594714,2.1255702979515827,0.11894273127753303,1.4582560296846012,0.002956814087576453,0.21278082875686471,1.118444313494402,0.02266600099850225,56.366975308641976,0.2623181604880338,-0.10800000000000001,1.9508378085601674,0.7225792165521154,0.24776929690463154,-0.06208053691275168,-0.12692307692307692,-0.17091836734693877,0.4393151693240368,0.34020842579200183,0.08753277472164483,Building Products & Equipment,Industrials,OC
2021Q3,2021,Q3,2021-10-27,2021-09-30,260000000.0,2213000000.0,392000000.0,2.5,596000000.0,0.2693176683235427,9981000000.0,4210000000.0,3143000000.0,1686000000.0,5732000000.0,949000000.0,2515000000.0,8815050000.0,10998050000.0,40.83414161008729,1.8641755634638197,0.3108906923153993,0.7370546318289786,0.03860413039954063,40.83414161008729,0.06175771971496437,3.983303208314505,8.476009615384616,2.093836104513064,0.1,1.7038988408851423,0.002949501137259573,0.2217212704137862,1.2224199288256228,0.02604949403867348,22.037625,0.2693176683235427,-0.1134751773049645,1.5691076624636273,0.6133798236231502,0.1968085172645673,-0.03559870550161812,-0.12751677852348994,-0.07764705882352942,0.7229849811134338,0.29873802123180315,0.07845271959414211,Building Products & Equipment,Industrials,OC
2021Q2,2021,Q2,2021-07-28,2021-06-30,298000000.0,2239000000.0,425000000.0,2.82,618000000.0,0.2760160786065208,9977000000.0,4117000000.0,3124000000.0,1637000000.0,5821000000.0,887000000.0,2282000000.0,10240340000.0,12641340000.0,39.35946462715105,1.908368967623702,0.3296582138919515,0.7988826815642458,0.04246231113659185,39.35946462715105,0.07238280301190186,4.573622152746762,8.590889261744968,2.4873305805197963,0.0,1.8275084554678693,0.0,0.2244161571614714,1.291386682956628,0.029868698005412447,25.28479012345679,0.2760160786065208,0.4242424242424242,1.3761881009781918,0.5946642162777603,0.17243125739779658,0.3918918918918919,0.41904761904761906,0.4261744966442953,1.6111435930660682,0.3014548950051993,0.05791677827218887,Building Products & Equipment,Industrials,OC
2021Q1,2021,Q1,2021-04-28,2021-03-31,210000000.0,1915000000.0,298000000.0,1.98,444000000.0,0.2318537859007833,9560000000.0,3928000000.0,2738000000.0,1467000000.0,5593000000.0,854000000.0,2011000000.0,9706286000.0,12390286000.0,37.267552182163186,1.8663940013633264,0.3440376569037657,0.8373217922606925,0.03157118902160844,37.267552182163186,0.053462321792260695,5.0685566579634465,11.55510238095238,2.4710504073319757,0.2619047619047619,1.7224824355971897,0.0056664310118205875,0.20031380753138076,1.2079072937968645,0.021966527196652718,80.88571666666667,0.2318537859007833,-0.07042253521126757,3.0372515729551584,0.7047162409420149,0.13662589834693634,-0.08264462809917356,-0.09482758620689655,0.09558823529411764,1.4147141324973187,0.19800719738497247,0.013990255810443048,Building Products & Equipment,Industrials,OC
2020Q4,2020,Q4,2021-02-17,2020-12-31,232000000.0,1925000000.0,272000000.0,2.13,484000000.0,0.25142857142857145,9481000000.0,3901000000.0,2606000000.0,1440000000.0,5540000000.0,855000000.0,1829000000.0,8189656000.000001,10752656000.0,36.08695652173913,1.8097222222222222,0.34595506803079845,0.8408100487054602,0.035543789086033825,36.08695652173913,0.05947193027428865,4.254366753246754,8.825060344827587,2.0993734939759037,0.11206896551724138,1.6853801169590643,0.003174736521289783,0.2030376542558802,1.136111111111111,0.024469992616812573,26.08170700636943,0.25142857142857145,0.13297872340425532,1.2741430377920544,0.6220631965378476,0.11474818889031028,0.014675052410901468,0.1262135922330097,-0.0684931506849315,60.82423681776133,0.23632988227541732,-0.033230261370996286,Building Products & Equipment,Industrials,OC
2020Q3,2020,Q3,2020-10-28,2020-09-30,206000000.0,1904000000.0,292000000.0,1.88,477000000.0,0.2505252100840336,9398000000.0,3852000000.0,2633000000.0,1351000000.0,5506000000.0,886000000.0,1625000000.0,7486528000.0,10071528000.0,35.404411764705884,1.9489267209474463,0.3439029580761864,0.8390446521287642,0.03189828358884999,35.404411764705884,0.05347871235721703,3.932,9.08559223300971,1.9435430944963654,0.1262135922330097,1.610609480812641,0.0034729049300289802,0.20259629708448607,1.230940044411547,0.021919557352628218,17.61536,0.2505252100840336,1.1363636363636362,0.9812893907563024,0.40383299110198484,0.11094968107725019,0.39067055393586003,1.1458333333333333,0.7380952380952381,1.189223345588235,0.14063417498532008,-0.035373169886511235,Building Products & Equipment,Industrials,OC
2020Q2,2020,Q2,2020-07-29,2020-06-30,96000000.0,1625000000.0,168000000.0,0.88,343000000.0,0.21107692307692308,9370000000.0,3624000000.0,2604000000.0,1393000000.0,5707000000.0,951000000.0,1445000000.0,6055536000.0,8898536000.0,33.370165745856355,1.8693467336683418,0.3655282817502668,0.9450883002207505,0.016685288640595902,33.370165745856355,0.026490066225165563,3.7264836923076925,15.769625,1.6709536423841058,0.2708333333333333,1.3480546792849633,0.004293591847195691,0.1734258271077908,1.1256281407035176,0.010245464247598719,25.989424892703862,0.21107692307692308,1.1043890865954924,0.1414000364276607,0.24340324719133324,0.057441875711467597,0.12091503267973856,1.1046892039258451,1.193103448275862,0.027624309392265133,0.045641517071027496,-0.06335249063441427,Building Products & Equipment,Industrials,OC
2020Q1,2020,Q1,2020-04-29,2020-03-31,-917000000.0,1601000000.0,-870000000.0,-8.43,306000000.0,0.19113054341036853,9151000000.0,3487000000.0,2332000000.0,1430000000.0,5625000000.0,1062000000.0,1376000000.0,4222528000.0000005,7330528000.0,32.049632352941174,1.6307692307692307,0.3511091683968965,0.9214224261542874,-0.1308217687659358,32.049632352941174,-0.2629767708632062,2.637431605246721,-1.1511799345692477,1.210934327502151,-0.028353326063249727,1.21939736346516,0.006157448807917911,0.17495355698830728,0.8146853146853147,-0.10020762758168507,-29.323111111111114,0.19113054341036853,-13.772727272727272,-56.15859885620915,0.4361521638481408,0.03607208868728606,-0.2010443864229765,-13.561643835616438,-6.14792899408284,-10.371278028538146,0.11806681823609007,-0.07831659072079539,Building Products & Equipment,Industrials,OC
2019Q4,2019,Q4,2020-02-19,2019-12-31,73000000.0,1692000000.0,169000000.0,0.66,383000000.0,0.22635933806146571,10006000000.0,4631000000.0,2061000000.0,1329000000.0,5335000000.0,1033000000.0,2319000000.0,7117616000.000001,10069616000.0,42.369624885635865,1.5507900677200903,0.2984209474315411,0.6447851435974952,0.01565513048334025,42.369624885635865,0.015763334053120276,4.206628841607565,24.375397260273974,1.5369501187648458,0.3150684931506849,1.2671829622458857,0.0032314190594153994,0.1690985408754747,0.708803611738149,0.007295622626424146,23.10914285714286,0.22635933806146571,-0.5147058823529412,1.384152596412432,0.44614020589534864,0.351880230641361,-0.16919739696312364,-0.5133333333333333,-0.38545454545454544,-0.12398136130555976,0.26260387041972877,0.24169750249408295,Building Products & Equipment,Industrials,OC
2019Q3,2019,Q3,2019-10-23,2019-09-30,150000000.0,1883000000.0,275000000.0,1.36,461000000.0,0.24482209240573552,9955000000.0,4483000000.0,2130000000.0,1261000000.0,5433000000.0,1031000000.0,2272000000.0,6901440000.0,10189440000.0,41.053113553113555,1.6891356066613799,0.31943746860873934,0.7093464198081642,0.025092575135720465,41.053113553113555,0.03345973678340397,3.6651301115241637,11.5024,1.5394691055097034,0.16,1.3792434529582929,0.0034775351231047433,0.1891511803114013,0.80253766851705,0.015067805123053743,33.18,0.24482209240573552,0.07936507936507943,2.1012256973795433,0.46483171917325333,0.24893379920589048,0.04772727272727273,0.08695652173913043,0.21145374449339208,0.39938186813186816,0.29610908415256254,0.20322636948632336,Building Products & Equipment,Industrials,OC
2019Q2,2019,Q2,2019-07-24,2019-06-30,138000000.0,1918000000.0,227000000.0,1.26,440000000.0,0.22940563086548488,10183000000.0,4405000000.0,2239000000.0,1325000000.0,5738000000.0,1058000000.0,2146000000.0,6383040000.0,9850040000.0,40.41284403669725,1.689811320754717,0.33428262790926055,0.7727582292849036,0.02000986763668833,40.41284403669725,0.031328036322360954,3.3279666319082377,11.563478260869566,1.449044267877412,0.0,1.3969754253308129,0.0,0.18835313758224492,0.8135849056603773,0.013551998428753806,19.76173374613003,0.22940563086548488,2.15,6.077850589777195,0.5245824164663667,0.22501107407907497,0.35384615384615387,2.1363636363636362,0.9568965517241379,0.055963302752293574,0.310898132478252,0.2038090964347448,Building Products & Equipment,Industrials,OC
2019Q1,2019,Q1,2019-04-24,2019-03-31,44000000.0,1667000000.0,116000000.0,0.4,325000000.0,0.1949610077984403,10265000000.0,4262000000.0,2333000000.0,1275000000.0,5963000000.0,1109000000.0,2033000000.0,5342505000.0,9139505000.0,38.922374429223744,1.8298039215686275,0.36151972722844616,0.8707179727827311,0.007471965150802473,38.922374429223744,0.010323791647114031,3.2048620275944812,30.355142045454546,1.2535206475832943,1.0909090909090908,1.2100991884580703,0.008984549382733381,0.16239649293716513,0.88,0.004286410131514856,-21.455843373493977,0.1949610077984403,-0.7419354838709676,-0.6055403348554034,0.4032527993940303,0.18722312474431824,-0.20924574209245742,-0.7426900584795322,-0.4774774774774775,-0.18577265080509497,0.4283854311563158,0.18709644747170381,Building Products & Equipment,Industrials,OC
2018Q4,2018,Q4,2019-02-20,2018-12-31,171000000.0,1724000000.0,222000000.0,1.55,411000000.0,0.23839907192575405,9771000000.0,4283000000.0,2020000000.0,1278000000.0,5447000000.0,1072000000.0,2013000000.0,4811412000.0,8095412000.0,39.14990859232176,1.5805946791862284,0.34407941868795416,0.7849638104132617,0.024827992151733157,39.14990859232176,0.039925286014475835,2.79084222737819,7.034228070175438,1.123374270371235,0.1286549707602339,1.224813432835821,0.004572462304205086,0.1764404871558694,0.6823161189358372,0.01750076757752533,26.007632432432434,0.23839907192575405,0.06896551724137938,1.2416729834574398,0.4500948408304795,0.21382263391959896,-0.08258928571428571,0.062111801242236024,-0.12941176470588237,0.6562819717223219,0.4354321535879676,0.20936465429611217,Building Products & Equipment,Industrials,OC
2018Q3,2018,Q3,2018-10-24,2018-09-30,161000000.0,1818000000.0,255000000.0,1.45,448000000.0,0.24642464246424642,10046000000.0,4165000000.0,2241000000.0,1386000000.0,5840000000.0,1032000000.0,1867000000.0,5897100000.0,9435100000.0,37.86363636363637,1.6168831168831168,0.3657176985865021,0.8821128451380552,0.022970505099334633,37.86363636363637,0.03865546218487395,3.2437293729372936,9.156987577639752,1.4158703481392556,0.14906832298136646,1.3275193798449612,0.004069797018873684,0.18096754927334263,0.7871572871572872,0.016026279116066095,74.64683544303797,0.24642464246424642,0.34259259259259245,2.386452762923351,0.4774380165289256,0.23593612473280534,0.07177033492822966,0.3305785123966942,0.2561576354679803,0.5315909090909091,0.32580175471345896,0.18811731775587204,Building Products & Equipment,Industrials,OC
2018Q2,2018,Q2,2018-07-25,2018-06-30,121000000.0,1824000000.0,203000000.0,1.08,418000000.0,0.22916666666666666,10050000000.0,4126000000.0,2200000000.0,1381000000.0,5883000000.0,984000000.0,1729000000.0,7027733000.0,10519733000.0,37.20468890892696,1.5930485155684286,0.36228855721393033,0.8824527387300048,0.018733473692984472,37.20468890892696,0.02932622394571013,3.8529237938596492,14.52010950413223,1.7032799321376635,0.0,1.4288617886178863,0.0,0.18149253731343284,0.7943519188993483,0.012039800995024875,36.41312435233161,0.22916666666666666,0.3170731707317075,1.6519754881213085,0.45424457917705124,0.2332531169087673,0.17746478873239438,0.31521739130434784,0.5984251968503937,0.408803099515453,0.3667269084244508,0.1789511722758679,Building Products & Equipment,Industrials,OC
2018Q1,2018,Q1,2018-04-25,2018-03-31,92000000.0,1691000000.0,127000000.0,0.82,355000000.0,0.20993494973388527,10213000000.0,4098000000.0,2228000000.0,1384000000.0,6072000000.0,943000000.0,1631000000.0,8964600000.0,12591600000.0,36.75336322869955,1.6098265895953756,0.3688436306667972,0.9192288921425086,0.014422999771631723,36.75336322869955,0.02244997559785261,5.301360141927853,24.360326086956523,2.1875549048316256,0.5,1.4167550371155886,0.005131294201637552,0.16557328894546167,0.8677745664739884,0.009008126897091942,-46.93507853403141,0.20993494973388527,23.857499999999998,3.444353852425601,0.3312306925759841,0.22442326190635273,-0.10353535353535354,24.0,-0.15333333333333332,4.399900348779273,0.48015351406778856,0.18813012852382188,Building Products & Equipment,Industrials,OC
2017Q4,2017,Q4,2018-02-21,2017-12-31,-4000000.0,1606000000.0,150000000.0,-0.03587443946188341,396000000.0,0.2465753424657534,8632000000.0,4162000000.0,1985000000.0,1282000000.0,4428000000.0,841000000.0,1575000000.0,10251310000.0,12415310000.0,37.327354260089685,1.5483619344773791,0.27919369786839665,0.5790485343584815,-0.0005521960222252759,37.327354260089685,-0.0009610764055742432,6.38313200498132,-640.706875,2.463073041806824,-5.5,1.4387633769322234,0.0021460671855596993,0.1860518999073216,0.8205928237129485,-0.0004633920296570899,43.80901709401709,0.2465753424657534,-1.0422052228963334,0.9244074311338886,0.4664567026623384,0.24494850273900026,-0.0660377358490566,-1.0416666666666667,-0.3392070484581498,-1.1280608778366625,0.3455532124479468,0.19099738132138805,Building Products & Equipment,Industrials,OC
2017Q3,2017,Q3,2017-10-25,2017-09-30,96000000.0,1703000000.0,227000000.0,0.85,424000000.0,0.24897240164415738,8656000000.0,4074000000.0,1963000000.0,1185000000.0,4542000000.0,793000000.0,1603000000.0,8585849999.999999,10961850000.0,36.7027027027027,1.6565400843881857,0.29390018484288355,0.6244477172312224,0.025725294650951948,36.7027027027027,0.023564064801178203,5.0416030534351135,22.358984375,2.1074742268041238,0.22916666666666666,1.6128625472887768,0.0025623555035319745,0.19674214417744917,0.9147679324894514,0.011090573012939002,38.501569506726455,0.24897240164415738,0.0,1.3174447174447175,0.41760357536219594,0.18717384050717387,0.03667481662591687,0.0,0.19473684210526315,0.9525987525987527,0.30332199058682413,0.11658390704775777,Building Products & Equipment,Industrials,OC
2017Q2,2017,Q2,2017-07-26,2017-06-30,96000000.0,1597000000.0,190000000.0,0.85,409000000.0,0.25610519724483405,8690000000.0,3976000000.0,1988000000.0,1116000000.0,4675000000.0,792000000.0,1529000000.0,7468272000.0,9958272000.0,35.62724014336918,1.7813620071684588,0.3094361334867664,0.6763078470824949,0.016789473441980125,35.62724014336918,0.02414486921529175,4.6764383218534755,19.448625,1.878338028169014,0.0,1.5,0.0,0.18377445339470655,0.9982078853046595,0.011047180667433832,26.483234042553192,0.25610519724483405,-0.04494382022471914,1.6644609870416323,0.2427407115378174,0.19218022418808775,0.1924198250728863,-0.04950495049504951,0.11764705882352941,3.809011776753712,0.23985107593011415,0.07994784219766113,Building Products & Equipment,Industrials,OC
2017Q1,2017,Q1,2017-04-26,2017-03-31,101000000.0,1478000000.0,170000000.0,0.89,343000000.0,0.23207036535859268,7966000000.0,3905000000.0,1833000000.0,975000000.0,4020000000.0,726000000.0,1455000000.0,6891851000.0,9049851000.0,34.77292965271594,1.88,0.28358021591765004,0.5784891165172855,0.019343950537169224,34.77292965271594,0.02586427656850192,4.662957374830852,17.05903712871287,1.7648786171574904,0.44554455445544555,1.5633608815426998,0.006529450506112219,0.1855385387898569,1.0451282051282051,0.01267888526236505,-114.86418333333333,0.23207036535859268,0.17105263157894737,3.3677068411475473,0.18411466844143598,0.14398309724093997,0.07523510971786834,0.1744186046511628,0.25,-0.11711190264173353,0.21313494900340996,0.06065538919988022,Building Products & Equipment,Industrials,OC
2016Q4,2016,Q4,2017-02-08,2016-12-31,86000000.0,1383000000.0,136000000.0,0.76,319000000.0,0.2306579898770788,7741000000.0,3849000000.0,1586000000.0,963000000.0,3852000000.0,710000000.0,1377000000.0,5815968000.0,7805968000.0,34.12234042553192,1.6469366562824508,0.2715411445549671,0.5461158742530527,0.019467627600714476,34.12234042553192,0.022343465835281892,4.205327548806942,16.90688372093023,1.5110335151987528,0.23255813953488372,1.4985915492957746,0.0034388084666215494,0.1786590879731301,0.8203530633437176,0.011109675752486758,33.81376744186046,0.2306579898770788,-0.21649484536082472,0.8465602836879434,0.24144088450864584,0.11651321954388409,-0.14705882352941177,-0.23214285714285715,-0.34299516908212563,0.09340944473274528,0.12820897013285384,0.05794548748815014,Building Products & Equipment,Industrials,OC
2016Q3,2016,Q3,2016-10-26,2016-09-30,112000000.0,1518000000.0,207000000.0,0.97,374000000.0,0.2463768115942029,7876000000.0,3893000000.0,1702000000.0,1003000000.0,3941000000.0,729000000.0,1299000000.0,6091799000.0,8145799000.0,34.119193689745835,1.6969092721834496,0.27475876079228034,0.5558695093758027,0.021695577407883533,34.119193689745835,0.028769586437194964,4.013042819499341,13.597765625000001,1.5648083740046237,0.1875,1.5692729766803841,0.0034472575342686124,0.19273743016759776,0.9032901296111665,0.014220416455053326,23.52045945945946,0.2463768115942029,-0.18487394957983191,-0.036611913714624966,0.11662848680830483,0.10964881668681677,-0.10096153846153846,-0.18840579710144928,-0.1375,1.271141585468543,0.18930762489044686,0.1137108866915653,Building Products & Equipment,Industrials,OC
2016Q2,2016,Q2,2016-07-27,2016-06-30,138000000.0,1545000000.0,240000000.0,1.19,416000000.0,0.26925566343042073,7977000000.0,3864000000.0,1775000000.0,1156000000.0,4072000000.0,753000000.0,1208000000.0,5929952000.0,8138952000.0,33.57080799304952,1.5354671280276817,0.2853202958505704,0.5890269151138716,0.025564629420936444,33.57080799304952,0.03571428571428571,3.838156634304207,10.742666666666668,1.5346666666666668,0.0,1.49933598937583,0.0,0.19368183527641972,0.8183391003460208,0.017299736743136517,34.080183908045974,0.26925566343042073,1.4285714285714286,0.9060348860522622,0.14711625225061237,0.10039127442192454,0.5294117647058824,1.4210526315789473,1.0689655172413792,1.9142006063937305,0.18685407673002458,0.11279800500200327,Building Products & Equipment,Industrials,OC
2016Q1,2016,Q1,2016-04-27,2016-03-31,57000000.0,1231000000.0,116000000.0,0.49,272000000.0,0.22095857026807472,7455000000.0,3787000000.0,1610000000.0,1059000000.0,3627000000.0,708000000.0,1091000000.0,5460840000.0,7357840000.0,32.78787878787879,1.5203021718602454,0.26170355466130113,0.5151835225772379,0.012825269754176083,32.78787878787879,0.015051491946131503,4.436100731112917,23.95105263157895,1.441996303142329,0.7017543859649122,1.3545197740112995,0.007324880421327121,0.16512407780013413,0.7922568460812087,0.007645875251509054,-156.024,0.22095857026807472,-0.4807798165137615,1.5456709956709955,0.06580086580086579,0.09145990694794139,-0.08108108108108109,-0.47706422018348627,-0.15942028985507245,1.6582054309327035,-0.0644636844636845,0.09231476985202042,Building Products & Equipment,Industrials,OC
2015Q4,2015,Q4,2016-02-10,2015-12-31,109000000.0,1268000000.0,138000000.0,0.9437229437229437,296000000.0,0.2334384858044164,7380000000.0,3739000000.0,1538000000.0,1117000000.0,3601000000.0,644000000.0,1055000000.0,5431965000.0,7206965000.0,32.37229437229437,1.3769024171888988,0.2535230352303523,0.5004011767852367,0.022931206380857428,32.37229437229437,0.029152179727199787,4.283884069400631,12.458635321100918,1.4527855041454936,0.1834862385321101,1.5093167701863355,0.0036819088488235837,0.17181571815718158,0.720680393912265,0.014769647696476965,26.49739024390244,0.2334384858044164,-0.006607427660059173,2.062117276662731,0.16363043349344725,0.09859924432292846,-0.12941176470588237,-0.026785714285714284,-0.29591836734693877,2.9885590599876317,0.11772725405167168,0.07968647143322095,Building Products & Equipment,Industrials,OC
2015Q3,2015,Q3,2015-10-21,2015-09-30,112000000.0,1461000000.0,196000000.0,0.95,340000000.0,0.2327173169062286,7511000000.0,3735000000.0,1875000000.0,984000000.0,3737000000.0,701000000.0,966000000.0,4911852000.0,6849852000.0,31.868600682593858,1.9054878048780488,0.26627612834509384,0.535475234270415,0.022987503632664923,31.868600682593858,0.02998661311914324,3.3619794661190965,10.963955357142856,1.315087550200803,0.16964285714285715,1.5991440798858774,0.0038681947257368505,0.19451471175609106,0.9380081300813008,0.014911463187325256,22.845823255813954,0.2327173169062286,0.23376623376623368,1.061198069907026,0.3149075678133399,0.048320259109253645,0.1038961038961039,0.23076923076923078,0.2564102564102564,1.5606577722618677,0.15182296960424538,0.030811528251801362,Building Products & Equipment,Industrials,OC
2015Q2,2015,Q2,2015-07-22,2015-06-30,91000000.0,1414000000.0,156000000.0,0.77,308000000.0,0.21782178217821782,7679000000.0,3708000000.0,1980000000.0,937000000.0,3931000000.0,786000000.0,874000000.0,4846875000.0,6943875000.0,31.557446808510637,2.113127001067236,0.2835004557885141,0.587108953613808,0.017868403662796184,31.557446808510637,0.02454153182308522,3.4277758132956153,13.315590659340659,1.3071399676375406,0.0,1.4071246819338423,0.0,0.18413855970829535,0.9957310565635006,0.011850501367365542,36.17070895522388,0.21782178217821782,4.133333333333334,-0.8951947137764255,0.10734150634592209,0.06281122319233694,0.47368421052631576,4.055555555555555,1.6896551724137931,1.3988652482269506,0.04508435688391939,0.05599434195791827,Building Products & Equipment,Industrials,OC
2015Q1,2015,Q1,2015-04-22,2015-03-31,18000000.0,1207000000.0,58000000.0,0.15,209000000.0,0.17315658657829328,7696000000.0,3644000000.0,1995000000.0,912000000.0,4013000000.0,825000000.0,803000000.0,5112520000.0,7326520000.0,30.93378607809847,2.1875,0.2976871101871102,0.6287047200878156,0.0058024431339511375,30.93378607809847,0.004939626783754116,4.235724937862469,71.00722222222223,1.4029967069154774,2.1666666666666665,1.2096969696969697,0.007628332016305072,0.15683471933471935,1.0098684210526316,0.002338877338877339,-24.939121951219512,0.17315658657829328,-0.46454545454545454,-0.5973047538200339,0.024617996604414216,0.36679145612275815,-0.13991769547325103,-0.45454545454545453,-0.4423076923076923,1.402266184395069,-0.078148295774186,0.01768038415042782,Building Products & Equipment,Industrials,OC
2014Q4,2014,Q4,2015-02-11,2014-12-31,33000000.0,1261000000.0,104000000.0,0.2801358234295416,243000000.0,0.19270420301348137,7555000000.0,3692000000.0,1807000000.0,983000000.0,3825000000.0,817000000.0,805000000.0,4218418000.0000005,6176418000.0,31.34125636672326,1.8382502543234995,0.2680344142951688,0.5484832069339112,0.020616873651682115,31.34125636672326,0.008938244853737811,3.345295796986519,31.957712121212126,1.142583423618635,0.5757575757575758,1.2460220318237454,0.004504058156398915,0.1669093315684977,0.7538148524923703,0.004367968232958306,18.182836206896553,0.19270420301348137,-0.36332767402376914,2.687484841135096,0.165344131802495,0.40591096822357897,-0.03187250996015936,-0.36538461538461536,-0.028037383177570093,-0.32151103565365025,0.08388388573115826,0.025513684412371472,Building Products & Equipment,Industrials,OC
2014Q3,2014,Q3,2014-10-22,2014-09-30,52000000.0,1382000000.0,107000000.0,0.44,251000000.0,0.18162083936324167,7695000000.0,3859000000.0,2017000000.0,959000000.0,3798000000.0,823000000.0,791000000.0,3727450000.0,5873450000.0,32.87052810902896,2.1032325338894684,0.28551007147498375,0.5693184762891941,0.011629851345250238,32.87052810902896,0.01347499352163773,2.6971418234442837,17.920432692307692,0.9659108577351646,0.34615384615384615,1.3742405832320779,0.004829038618894955,0.17959714100064977,0.9958289885297185,0.006757634827810267,35.49952380952381,0.18162083936324167,1.4444444444444446,-0.3106899488926746,0.0872249379483265,0.43592307002600195,0.012096774193548387,1.4761904761904763,0.4657534246575342,-0.5652854866186734,-0.011987311284732441,0.06903882171801835,Building Products & Equipment,Industrials,OC
2014Q2,2014,Q2,2014-07-23,2014-06-30,21000000.0,1355000000.0,73000000.0,0.18,248000000.0,0.18302583025830257,7796000000.0,3873000000.0,2060000000.0,905000000.0,3885000000.0,886000000.0,758000000.0,4541032000.0,6752032000.0,32.98977853492334,2.276243093922652,0.2939969214982042,0.5917893106119287,0.00592051905920519,32.98977853492334,0.005422153369481022,3.3513151291512915,54.05990476190476,1.1724843790343402,0.0,1.2494356659142212,0.0,0.17380708055413033,1.0265193370165746,0.002693689071318625,67.77659701492537,0.18302583025830257,-0.8217821782178218,-0.32515099891590526,0.17879108885016212,0.49353724639925656,0.05982905982905983,-0.825,-0.32407407407407407,-0.7156335997903289,-0.013662668171043396,0.08134616397845468,Building Products & Equipment,Industrials,OC
2014Q1,2014,Q1,2014-04-23,2014-03-31,120000000.0,1278000000.0,108000000.0,1.01,234000000.0,0.18309859154929578,7966000000.0,3862000000.0,2223000000.0,986000000.0,4067000000.0,910000000.0,756000000.0,5085426000.0,7407426000.0,32.78438030560272,2.2545638945233266,0.29964850615114236,0.6180735370274469,0.025604096655464873,32.78438030560272,0.031071983428275506,3.9792065727699533,10.5946375,1.316785603314345,0.0,1.1472527472527472,0.0,0.1604318353000251,1.0212981744421907,0.01506402209389907,-15.59946625766871,0.18309859154929578,0.4637681159420291,5.522192578219743,0.2556031907124091,0.5302660428037617,0.004291845493562232,0.4634146341463415,0.038461538461538464,4.254668930390492,0.0848896434634975,0.09134344765625607,Building Products & Equipment,Industrials,OC
2013Q4,2013,Q4,2014-02-12,2013-12-31,82000000.0,1278000000.0,104000000.0,0.69,233000000.0,0.18231611893583724,7647000000.0,3793000000.0,1848000000.0,992000000.0,3817000000.0,810000000.0,655000000.0,4788672000.0,6759672000.0,32.25340136054422,1.8629032258064515,0.2652020400156924,0.5346691273398365,0.018544814823674212,32.25340136054422,0.021618771421038754,3.7470046948356805,14.59960975609756,1.2625025046137621,0.0,1.2901234567901234,0.0,0.16712436249509613,0.7459677419354839,0.01072315940891853,47.41259405940594,0.18231611893583724,0.6046511627906975,2.9260393046107334,0.04632937605716176,0.46692198650407835,-0.07905138339920949,0.6078431372549019,-0.018867924528301886,1.7847557204700062,0.1518643416270618,0.09456444310180212,Building Products & Equipment,Industrials,OC
2013Q3,2013,Q3,2013-10-23,2013-09-30,51000000.0,1320000000.0,106000000.0,0.43,253000000.0,0.19166666666666668,7727000000.0,3615000000.0,1913000000.0,949000000.0,4076000000.0,834000000.0,573000000.0,4481640000.0,6616640000.0,30.635593220338983,2.0158061116965227,0.28290410249773523,0.6047026279391424,0.012102705086673368,30.635593220338983,0.014107883817427386,3.3951818181818183,21.96882352941176,1.2397344398340249,0.0,1.2793764988009593,0.0,0.17082955869030672,0.8524762908324552,0.006600232949398214,44.37267326732673,0.19166666666666668,0.04878048780487809,1.0679786566227245,-0.12513656085151537,0.2602436474882746,-0.052434456928838954,0.04081632653061224,-0.1016949152542373,-0.06778199883109294,0.1799525538056992,0.00776037650917874,Building Products & Equipment,Industrials,OC
2013Q2,2013,Q2,2013-07-24,2013-06-30,49000000.0,1347000000.0,118000000.0,0.41,267000000.0,0.19821826280623608,7785000000.0,3593000000.0,1926000000.0,942000000.0,4156000000.0,820000000.0,522000000.0,4673484000.0,6875484000.0,30.167926112510496,2.0445859872611467,0.29210019267822734,0.6328973003061509,0.01129915371253804,30.167926112510496,0.013637628722516002,3.4695501113585747,23.84430612244898,1.3007191761758976,0.0,1.3170731707317074,0.0,0.17302504816955683,0.9140127388535032,0.006294155427103404,53.71820689655173,0.19821826280623608,1.2777777777777777,0.710706643915387,-0.0738016060735055,-0.04078794378327499,0.2535211267605634,1.2272727272727273,1.0701754385964912,-0.9443245185565523,0.040700756398679434,0.016014085276581876,Building Products & Equipment,Industrials,OC
2013Q1,2013,Q1,2013-04-24,2013-03-31,22000000.0,1350000000.0,57000000.0,0.18,213000000.0,0.15777777777777777,7817000000.0,3557000000.0,1917000000.0,934000000.0,4223000000.0,776000000.0,473000000.0,4533810000.0,6786810000.0,30.0168776371308,2.0524625267665955,0.2961494179352693,0.6508293505763284,0.007626994939665239,30.0168776371308,0.006184987348889514,3.3583777777777777,51.52056818181818,1.2746162496485802,0.0,1.4652061855670102,0.0,0.17270052449788922,1.0128479657387581,0.0028143789177433797,-20.240223214285713,0.15777777777777777,1.3829787234042552,2.594149085794655,0.08450980942490675,-0.042077839528630596,0.2529411764705882,1.3928571428571428,2.5625,-0.5107243319268635,0.13924050632911394,0.32627838669124914,Building Products & Equipment,Industrials,OC
2012Q4,2012,Q4,2013-02-20,2012-12-31,-56000000.0,1159000000.0,16000000.0,-0.47,170000000.0,0.14667817083692838,7568000000.0,3538000000.0,1612000000.0,906000000.0,3993000000.0,786000000.0,451000000.0,4364820000.0,6394820000.0,29.983050847457626,1.7792494481236203,0.2755021141649049,0.5893159977388355,0.0016680260261119663,29.983050847457626,-0.01582815149802148,3.7660224331320102,-19.485803571428573,1.233697003957038,0.0,1.2582697201017812,0.0,0.1531448202959831,0.7229580573951435,-0.007399577167019027,31.177285714285713,0.14667817083692838,-2.27027027027027,-0.3288135593220339,-0.029848185504835166,-0.03164068476616294,-0.15841584158415842,-2.272727272727273,-0.7288135593220338,-1.8587570621468927,0.06926616879138829,0.34498437312176944,Building Products & Equipment,Industrials,OC
2012Q3,2012,Q3,2012-10-24,2012-09-30,44000000.0,1276000000.0,59000000.0,0.37,202000000.0,0.15830721003134796,7692000000.0,3645000000.0,1769000000.0,892000000.0,4012000000.0,793000000.0,202000000.0,3936681000.0,6101681000.0,30.916030534351144,1.9831838565022422,0.2880915236609464,0.6079561042524005,0.014764260933856568,30.916030534351144,0.012071330589849109,3.085173197492163,22.367505681818184,1.0800222222222222,0.0,1.3543505674653216,0.0,0.16588663546541862,0.9204035874439462,0.005720228809152366,64.53575409836066,0.15830721003134796,0.15624999999999997,-0.5731552162849872,0.09336897279681493,0.009004716293090843,-0.15481171548117154,0.1282051282051282,-0.34444444444444444,-0.41921119592875317,-0.0004228297883585225,0.3505423865006026,Building Products & Equipment,Industrials,OC
2012Q2,2012,Q2,2012-08-01,2012-06-30,39000000.0,1391000000.0,90000000.0,0.32,239000000.0,0.17181883537023723,7715000000.0,3610000000.0,1846000000.0,932000000.0,4064000000.0,815000000.0,129000000.0,3447632000.0,5630632000.0,29.8841059602649,1.98068669527897,0.2899546338302009,0.6196675900277008,0.01080176068699198,29.8841059602649,0.010803324099722992,2.478527677929547,22.10020512820513,0.9550227146814404,0.0,1.4134969325153375,0.0,0.18029812054439404,0.9206008583690987,0.005055087491898898,55.606967741935485,0.17181883537023723,1.8421052631578947,0.42609614067138607,-0.03842322370636438,0.014080522784088367,0.2849462365591398,1.8478260869565217,3.090909090909091,0.21801625526791074,0.17605014967213387,0.35293497892835635,Building Products & Equipment,Industrials,OC
2012Q1,2012,Q1,2012-04-25,2012-03-31,-46000000.0,1346000000.0,22000000.0,-0.38,186000000.0,0.13818722139673106,7833000000.0,3681000000.0,1935000000.0,963000000.0,4110000000.0,800000000.0,130000000.0,4363233000.0,6533233000.0,30.396366639141206,2.0093457943925235,0.28443763564407,0.6052703069817984,0.004188525977322728,30.396366639141206,-0.012496604183645748,3.2416292719167905,-23.71322282608696,1.1853390383048086,0.0,1.45,0.0,0.17183709945104048,0.9833852544132918,-0.005872590322992467,-16.465030188679247,0.13818722139673106,-1.9203600000000003,-49.65895953757225,0.0753802629970486,0.048969441399242586,-0.19130434782608696,-1.92,-0.75,-0.6862687271440369,0.2863755118736227,0.41880149201849476,Building Products & Equipment,Industrials,OC
2011Q4,2011,Q4,2012-02-15,2011-12-31,50000000.0,1196000000.0,88000000.0,0.41288191577208916,230000000.0,0.19230769230769232,7527000000.0,3701000000.0,1636000000.0,908000000.0,3786000000.0,795000000.0,155000000.0,3477992000.0,5387992000.0,30.561519405450042,1.801762114537445,0.26066161817457156,0.5301269927046744,0.012737267798160623,30.561519405450042,0.013509862199405566,2.908020066889632,17.389960000000002,0.9397438530126992,0.0,1.2150943396226415,0.0,0.15889464594127806,0.7290748898678414,0.0066427527567423945,38.219692307692306,0.19230769230769232,-0.5912060239880306,1.0517740815015795,-0.5814940314043363,-0.541494296494469,-0.2744479495268139,-0.5967741935483871,-0.5028248587570622,2.1404716028993485,-0.049106403283610614,0.38997323896723024,Building Products & Equipment,Industrials,OC
2011Q3,2011,Q3,2011-10-26,2011-09-30,124000000.0,1450000000.0,177000000.0,1.01,317000000.0,0.21862068965517242,7666000000.0,3742000000.0,1793000000.0,1184000000.0,3885000000.0,746000000.0,203000000.0,2638456000.0,4644456000.0,30.747740345110927,1.5143581081081081,0.2681972345421341,0.5494388027792624,0.025815428138839823,30.747740345110927,0.03313735970069481,1.8196248275862068,5.319467741935484,0.7050924639230358,0.0,1.5187667560321716,0.0,0.18914688233759458,0.7035472972972973,0.016175319593008088,26.38456,0.21862068965517242,0.6290322580645161,-0.09120788824979467,-0.6033267423125233,1.2187789553634374,0.13620071684587814,0.5897435897435898,0.48739495798319327,1.160256449273157,-0.06819343120000926,0.2648569970833491,Building Products & Equipment,Industrials,OC
2011Q2,2011,Q2,2011-08-03,2011-06-30,78000000.0,1451000000.0,119000000.0,0.62,279000000.0,0.19228118538938663,7573000000.0,3783000000.0,1767000000.0,1179000000.0,3750000000.0,688000000.0,296000000.0,4631400000.0,6526400000.0,30.508064516129032,1.4987277353689568,0.2569655354549056,0.514406555643669,0.015131286159323545,30.508064516129032,0.020618556701030927,3.191867677463818,14.84423076923077,1.2242664551942903,0.0,1.7034883720930232,0.0,0.19160174303446453,0.7430025445292621,0.010299749108675559,-115.785,0.19228118538938663,2.263157894736842,-0.8614124148567023,-0.6242164961972201,1.2155482263628383,0.3811881188118812,2.25,0.9508196721311475,1.615556711758585,-0.04171670697216871,-0.029972985661314146,Building Products & Equipment,Industrials,OC
2011Q1,2011,Q1,2011-04-27,2011-03-31,24000000.0,1238000000.0,61000000.0,0.19,202000000.0,0.1631663974151858,7484000000.0,3719000000.0,1689000000.0,998000000.0,3727000000.0,665000000.0,65000000.0,4455562000.0,6323562000.0,30.040387722132472,1.6923847695390781,0.2577498663816141,0.5186878193062652,0.007493562906617922,30.040387722132472,0.006453347674105943,3.599,46.412104166666666,1.1980537778972842,0.0,1.5578947368421052,0.0,0.16541956173169428,0.812625250501002,0.003206841261357563,-14.656453947368421,0.1631663974151858,1.2138363636363636,-0.8298330640818524,-0.6545908806995627,1.2052172255755311,0.01,1.2181818181818183,1.9242424242424243,2.664620355411955,-0.04804138950480409,-0.04132756724215506,Building Products & Equipment,Industrials,OC
2010Q4,2010,Q4,2011-02-16,2010-12-31,-110000000.0,1168000000.0,-66000000.0,-0.8885298869143781,200000000.0,0.17123287671232876,7158000000.0,3648000000.0,1408000000.0,955000000.0,3472000000.0,620000000.0,0.0,3856370000.0,5439370000.0,29.466882067851373,1.4743455497382199,0.22841575859178542,0.44819078947368424,-0.014314783267083096,29.466882067851373,-0.030153508771929825,3.3016866438356165,-8.764477272727271,1.0571189692982457,0.0,1.5612903225806452,0.0,0.16317407096954456,0.6261780104712041,-0.015367421067337244,41.917065217391304,0.17123287671232876,-2.9315867106834306,-1.145371901616465,-0.6954280061149793,1.2000145548486782,-0.15254237288135594,-2.896551724137931,-1.7857142857142858,-1.4878836833602584,-0.06811897281385967,-0.048311331409414064,Building Products & Equipment,Industrials,OC
2010Q3,2010,Q3,2010-10-27,2010-09-30,58000000.0,1186000000.0,84000000.0,0.46,236000000.0,0.19898819561551434,7365000000.0,3803000000.0,1537000000.0,947000000.0,3524000000.0,687000000.0,141000000.0,3206313000.0,4899313000.0,30.399680255795364,1.6230200633579726,0.23462321792260693,0.4543781225348409,0.02222506405139987,30.399680255795364,0.015251117538785169,2.7034679595278246,13.820314655172412,0.8431009729161189,0.0,1.3828238719068413,0.0,0.16103190767141887,0.6969376979936642,0.007875084860828241,46.468304347826084,0.19898819561551434,-0.937244201909959,1.0960250526170823,-0.675978376754715,1.1979630614867505,-0.16901408450704225,-0.9381003201707577,-0.34375,-0.46972422062350117,-0.04223876419369231,-0.007847378148436663,Building Products & Equipment,Industrials,OC
2010Q2,2010,Q2,2010-08-04,2010-06-30,937000000.0,1378000000.0,128000000.0,7.33,284000000.0,0.20609579100145137,7282000000.0,3765000000.0,1568000000.0,953000000.0,3482000000.0,623000000.0,9000000.0,3792588000.0,5439588000.0,29.69242902208202,1.645330535152151,0.23029387530898104,0.4454183266932271,0.2347072024521648,29.69242902208202,0.24887118193891103,2.752240928882438,1.0118964781216648,1.0073274900398406,0.0,1.7560192616372392,0.0,0.18923372699807745,0.8079748163693599,0.1286734413622631,36.821242718446605,0.20609579100145137,18.289473684210527,5.099168981590471,-0.6220294426919033,1.1984519367804127,0.2033898305084746,18.520833333333332,0.43820224719101125,31.64160230610247,-0.09248516280810558,0.007576200722836201,Building Products & Equipment,Industrials,OC
2010Q1,2010,Q1,2010-04-28,2010-03-31,48000000.0,1265000000.0,89000000.0,0.38,236000000.0,0.1865612648221344,7255000000.0,2863000000.0,1951000000.0,980000000.0,4358000000.0,623000000.0,-885000000.0,3218160000.0,4947160000.0,22.632411067193676,1.9908163265306122,0.3021364576154376,0.7656304575619979,0.014826383466083608,22.632411067193676,0.016765630457562,2.544,16.76125,1.1240516940272443,0.0,1.651685393258427,0.0,0.17436250861474845,1.2306122448979593,0.006616126809097175,-35.757333333333335,0.1865612648221344,3.289047619047619,1.0049524189779293,-0.6055634807417974,1.15044744945496,0.4658385093167702,3.2857142857142856,43.5,47.607114624505925,-0.03247734138972817,-0.2189623228158648,Building Products & Equipment,Industrials,OC
2009Q4,2009,Q4,2010-02-17,2009-12-31,-21000000.0,1162000000.0,2000000.0,-0.16600790513833993,161000000.0,0.13855421686746988,7167000000.0,2820000000.0,1854000000.0,943000000.0,4314000000.0,615000000.0,-924000000.0,3243460000.0,4876460000.0,22.292490118577074,1.9660657476139978,0.30654388167992186,0.7790780141843971,0.0009254249836270964,22.292490118577074,-0.007446808510638298,2.7912736660929434,-38.61261904761905,1.150163120567376,0.0,1.6276422764227643,0.0,0.16213199386075067,1.183457051961824,-0.0029300962745918793,18.019222222222222,0.13855421686746988,-1.2635046113306982,-1.1275032938076415,-0.6577000522037438,1.3021506626365962,-0.425,-1.2625,-0.9838709677419355,0.9791831357048748,-0.6107485651113836,-0.6655521694093022,Building Products & Equipment,Industrials,OC
2009Q3,2009,Q3,2009-10-28,2009-09-30,80000000.0,1348000000.0,124000000.0,0.63,280000000.0,0.20771513353115728,7271000000.0,2850000000.0,1950000000.0,991000000.0,4359000000.0,695000000.0,-883000000.0,2795025000.0,4622025000.0,22.89156626506024,1.9677093844601412,0.30449731811305186,0.7768421052631579,0.0266631560470423,22.89156626506024,0.028070175438596492,2.0734606824925814,8.734453125,0.9807105263157895,0.0,1.5366906474820143,0.0,0.18539403108238206,1.1261352169525731,0.011002613120616147,8.987218649517684,0.20771513353115728,1.423076923076923,-0.6219772707852688,-0.6114534712503485,1.3029927272517545,0.12,1.4242424242424243,0.2916666666666667,-0.42686876538411717,-0.6395242620089026,1.1628800327403284,Building Products & Equipment,Industrials,OC
2009Q2,2009,Q2,2009-08-05,2009-06-30,33000000.0,1219000000.0,96000000.0,0.26,250000000.0,0.20508613617719443,7065000000.0,2750000000.0,1756000000.0,906000000.0,4283000000.0,827000000.0,-970000000.0,1591110000.0,3750110000.0,22.08835341365462,1.9381898454746136,0.32116065109695685,0.8250909090909091,0.010180668299172819,22.08835341365462,0.012,1.3052584085315833,12.053863636363635,0.5785854545454545,0.0,1.1717049576783556,0.0,0.17254069355980184,0.8763796909492274,0.004670912951167728,11.786,0.20508613617719443,2.1304347826086953,-0.5558232931726907,-0.624253014835191,1.2838024962302743,0.5822784810126582,2.1785714285714284,23.0,-0.9416022656362503,-0.6855682894178339,1.1560605524179253,Building Products & Equipment,Industrials,OC
2009Q1,2009,Q1,2009-04-30,2009-03-31,-28000000.0,1074000000.0,4000000.0,-0.23,158000000.0,0.14711359404096835,7105000000.0,2663000000.0,1828000000.0,963000000.0,4402000000.0,928000000.0,-1069000000.0,1123672000.0,3431672000.0,21.423974255832665,1.8982346832814123,0.3375087966220971,0.9004881712354488,0.0005330318946067281,21.423974255832665,-0.010514457378895982,1.0462495344506517,-10.032785714285714,0.42195719113781444,0.0,0.9870689655172413,0.0,0.15116115411681913,0.7923156801661475,-0.003940886699507389,-3.425829268292683,0.14711359404096835,0.3646888888888889,-3.491391794046661,-0.6047863070415169,1.2736765480128311,-0.164021164021164,0.37777777777777777,-0.8974358974358975,-1.1977295074640206,-0.7015531825191716,1.146355253409209,Building Products & Equipment,Industrials,OC
2008Q4,2008,Q4,2009-02-18,2008-12-31,-45000000.0,1291000000.0,39000000.0,-0.36202735317779566,189000000.0,0.1463981409759876,7217000000.0,2733000000.0,1852000000.0,1257000000.0,4442000000.0,894000000.0,-808000000.0,2150390000.0,4132390000.0,21.987127916331456,1.473349244232299,0.3073299154773452,0.8115623856567874,0.03294100365399093,21.987127916331456,-0.01646542261251372,1.665677769171185,-11.946611111111112,0.7868240029271862,0.0,1.232662192393736,0.0,0.17888319246224194,0.6459824980111376,-0.006235277816267147,30.719857142857144,0.1463981409759876,0.9430774601921704,-1.4647420905910307,-0.5503402583881501,1.280427324626039,-0.26171875,0.9444444444444444,-0.5301204819277109,-1.0592311024577874,-0.66470823887559,1.149243669298285,Building Products & Equipment,Industrials,OC
2008Q3,2008,Q3,2008-10-29,2008-09-30,-810000000.0,1629000000.0,83000000.0,-6.36,256000000.0,0.15715162676488642,7340000000.0,3097000000.0,1998000000.0,1376000000.0,4201000000.0,810000000.0,-763000000.0,3046134000.0,5055134000.0,24.309262166405023,1.4520348837209303,0.2840599455040872,0.6732321601549887,-0.1882575694013279,24.309262166405023,-0.26154342912495965,1.869941068139963,-0.9401648148148148,0.9835757184371973,0.0,1.6950617283950618,0.0,0.22193460490463215,0.7507267441860465,-0.11035422343324251,-78.106,0.15715162676488642,-27.500000000000004,-7.381047523904667,-0.47678668890148296,1.3085470847517953,0.03643724696356275,-27.129032258064516,0.43103448275862066,-0.3168292381775529,-0.5629830614379441,1.1583021900379413,Building Products & Equipment,Industrials,OC
2008Q2,2008,Q2,2008-07-30,2008-06-30,31000000.0,1574000000.0,58000000.0,0.24,247000000.0,0.15692503176620076,8018000000.0,4054000000.0,2079000000.0,1246000000.0,3920000000.0,823000000.0,47000000.0,2932475000.0,4911475000.0,31.450737005430565,1.6685393258426966,0.2619107009229234,0.5180069067587568,0.008886206416268165,31.450737005430565,0.007646768623581648,1.863071791613723,23.64899193548387,0.723353478046374,0.0,1.6123936816524909,0.0,0.1963083063108007,0.8651685393258427,0.003866300823147917,-25.951106194690265,0.15692503176620076,3.0,-0.2624773726402897,-0.45597409257321686,1.3940264826826527,0.2864583333333333,3.066666666666667,1.7619047619047619,-0.8015006426363142,-0.575302389351601,1.210203741406854,Building Products & Equipment,Industrials,OC
2008Q1,2008,Q1,2008-05-07,2008-03-31,-15000000.0,1353000000.0,21000000.0,-0.12,192000000.0,0.1419068736141907,8033000000.0,4036000000.0,2008000000.0,1202000000.0,3961000000.0,883000000.0,16000000.0,2335144000.0,4400144000.0,31.335403726708076,1.6705490848585691,0.2717540146894062,0.5408820614469773,0.003896248469330958,31.335403726708076,-0.0037165510406342913,1.72590096082779,-38.919066666666666,0.5785787908820614,0.0,1.3148357870894678,0.0,0.1684302253205527,0.7603993344425957,-0.0018672973982322917,-14.686440251572327,0.1419068736141907,0.664,-5.416925465838509,-0.48913797262256525,1.3872994045180833,0.2631578947368421,0.6739130434782609,4.0,0.998480005336015,-0.585657911058736,1.208300015156504,Building Products & Equipment,Industrials,OC
2007Q4,2007,Q4,2008-02-27,2007-12-31,-46000000.0,1304000000.0,-7000000.0,-0.35714285714285715,152000000.0,0.1165644171779141,7872000000.0,3988000000.0,1852000000.0,1246000000.0,3847000000.0,821000000.0,31000000.0,2604336000.0,4519336000.0,30.96273291925466,1.4863563402889246,0.2604166666666667,0.5140421263791374,-0.0005945252715706508,30.96273291925466,-0.011534603811434303,1.9971901840490798,-14.153999999999998,0.6530431293881644,0.0,1.4031668696711328,0.0,0.16565040650406504,0.6869983948635634,-0.005843495934959349,18.470468085106383,0.1165644171779141,-1.415282392026578,0.49542124542124544,-0.524834139270107,1.3818367466094297,-0.26570048309178745,-1.4107142857142858,-1.0853658536585367,-1.2743055555555556,-0.622729403492324,1.4196664535379369,Building Products & Equipment,Industrials,OC
2007Q3,2007,Q3,2007-11-02,2007-09-30,112000000.0,1268000000.0,82000000.0,0.86,207000000.0,0.1632492113564669,7508000000.0,3925000000.0,1910000000.0,969000000.0,3545000000.0,662000000.0,77000000.0,3178161000.0,4584161000.0,30.640124902419984,1.9711042311661506,0.24720298348428343,0.47286624203821653,0.010131712259371834,30.640124902419984,0.028535031847133758,2.506436119873817,7.0941093749999995,0.8097225477707006,0.0,1.6027190332326284,0.0,0.1688865210442195,1.108359133126935,0.014917421417155035,21.620142857142856,0.1632492113564669,2.909090909090909,1.0203846679499742,-0.5831405642366404,0.0,-0.15853658536585366,2.8620689655172415,0.1388888888888889,-0.4856412045111034,-0.6447839207384319,1.405552634538972,Building Products & Equipment,Industrials,OC
2007Q2,2007,Q2,2007-08-01,2007-06-30,29000000.0,1534000000.0,72000000.0,0.22,246000000.0,0.16036505867014342,7762000000.0,3775000000.0,1896000000.0,1035000000.0,3949000000.0,833000000.0,-35000000.0,4308003000.0,6293003000.0,29.469164715066356,1.8318840579710145,0.27312548312290647,0.56158940397351,0.008055871365924963,29.469164715066356,0.007682119205298013,2.808346153846154,37.13795689655173,1.1411928476821191,0.0,1.546218487394958,0.0,0.19762947693893326,0.8966183574879227,0.0037361504766812675,-172.32012,0.16036505867014342,21.0,-0.6541330557724,-0.4874505265523955,0.0,0.27461139896373055,28.0,1.1176470588235294,-0.6206325550587846,-0.5404451219743424,1.3786349462693237,Building Products & Equipment,Industrials,OC
2007Q1,2007,Q1,2007-05-02,2007-03-31,1000000.0,1324000000.0,34000000.0,0.01,193000000.0,0.14577039274924472,7682000000.0,3712000000.0,1778000000.0,1050000000.0,3926000000.0,845000000.0,-64000000.0,4081266000.0,6051266000.0,28.97736143637783,1.6933333333333334,0.2685498568081229,0.5557650862068966,0.0058874458874458874,28.97736143637783,0.00026939655172413793,3.082527190332326,1020.3165,1.0994789870689654,0.0,1.3384615384615384,0.0,0.1723509502733663,0.7447619047619047,0.00013017443374121324,-12.442884146341463,0.14577039274924472,1.0012539682539683,1.0716887848035388,-0.48555040065102706,0.0,1.2580213903743316,1.002267573696145,1.071578947368421,-0.9136612021857924,-0.5272433072538837,1.3701658783625996,Building Products & Equipment,Industrials,OC
