Quarters,Year,Quarter,FillingDate,Date,NetIncome,Revenue,OperatingIncome,EPSDiluted,GrossProfit,GrossProfitRatio,TotalAssets,CommonStockEquity,CurrentAssets,CurrentLiability,TotalLiability,Inventory,RetainedEarnings,MarketCap,EnterpriseValue,bookValuePerShare,currentRatio,debtToAssets,debtToEquity,roic,shareholdersEquityPerShare,roe,priceToSalesRatio,peRatio,pbRatio,payoutRatio,inventoryTurnover,dividendYield,assetTurnover,quickRatio,returnOnAssets,priceToFreeCashFlowsRatio,grossProfitMargin,epsdilutedGrowth,fiveYNetIncomeGrowthPerShare,fiveYRevenueGrowthPerShare,fiveYShareholdersEquityGrowthPerShare,grossProfitGrowth,netIncomeGrowth,operatingIncomeGrowth,threeYNetIncomeGrowthPerShare,threeYRevenueGrowthPerShare,threeYShareholdersEquityGrowthPerShare,Industry,Sector,Symbol
2023Q1,2023,Q1,2023-04-27,2023-03-31,-910000.0,2091000.0,-910000.0,-0.0701,855000.0,0.4088952654,4178000.0,1845000.0,3583000.0,2333000.0,2333000.0,1055000.0,-59294000.0,17908260.0,16342260.0,0.1421746166294213,1.5357908272610372,0.0,0.0,-0.4932249322493225,0.1421746166294213,-0.4932249322493225,8.564447632711621,-4.919851648351648,9.706373983739836,0.0,1.1715639810426541,0.0,0.5004786979415988,0.9207029575653665,-0.21780756342747726,-14.418888888888889,0.40889526542324245,0.7196,0.7261963814850598,1.3609371501228442,-0.45699673309343614,0.6569767441860465,0.6534653465346535,0.19753086419753085,-0.38464427171276094,1.2039181626431918,-0.7378895403627985,Beverages—Non-Alcoholic,Consumer Defensive,BRFH
2022Q4,2022,Q4,2023-03-02,2022-12-31,-2626000.0,1431000.0,-1134000.0,-0.25,516000.0,0.3605870021,5093000.0,2521000.0,4373000.0,2572000.0,2572000.0,1048000.0,-58384000.0,13875535.700000001,11087535.700000001,0.23619268263639004,1.7002332814930015,0.0039269585705870805,0.007933359777865925,-0.6185009180257047,0.23619268263639004,-1.0416501388337962,9.696391125087352,-1.3209763613861387,5.503980840936136,0.0,0.8730916030534351,0.0,0.2809738857255056,1.1800155520995335,-0.5156096603180836,-478.46674827586213,0.36058700209643607,-0.19047619047619052,0.027121662815100426,2.256201144300298,-0.4818985086788867,1.7136929460580912,0.030280649926144758,0.5812407680945347,-0.2929930499830241,1.5662741557309199,7.356244772338798,Beverages—Non-Alcoholic,Consumer Defensive,BRFH
2022Q3,2022,Q3,2022-11-14,2022-09-30,-2708000.0,2406000.0,-2708000.0,-0.21,-723000.0,-0.3004987531,6613000.0,4226000.0,5006000.0,2387000.0,2387000.0,602000.0,-56504000.0,37499900.0,34701900.0,0.32681153816410174,2.097193129451194,0.005897474671102374,0.009228584950307619,-0.629182156133829,0.32681153816410174,-0.6407950780880265,15.585993349958438,-3.461955317577548,8.873615712257454,0.0,5.1976744186046515,0.0,0.36382882201723876,1.699204021784667,-0.40949644639346744,-53.87916666666667,-0.300498753117207,-2.677758318739054,0.08580115988711713,1.4918996429243867,-0.502846243818471,-1.8187995469988676,-2.674355495251018,-2.674355495251018,-18.497569923000363,0.19102516236895956,0.6154956953266938,Beverages—Non-Alcoholic,Consumer Defensive,BRFH
2022Q2,2022,Q2,2022-07-28,2022-06-30,-737000.0,2799000.0,-737000.0,-0.0571,883000.0,0.3154698106,8502000.0,6741000.0,6757000.0,1761000.0,1761000.0,1570000.0,-53796000.0,72969750.0,69494750.0,0.5219512195121951,3.83702441794435,0.006821924253116914,0.008604064678831035,-0.10748140586262214,0.5219512195121951,-0.10933095979824951,26.069935691318328,-24.752289687924016,10.824766355140188,0.0,1.2203821656050955,0.0,0.3292166549047283,2.7972742759795572,-0.08668548576805457,-92.3284383192801,0.3154698106466595,0.1760461760461761,0.7604888191115717,2.120414913763015,-0.359231069404897,0.08253767427262786,0.17608430993986646,0.17608430993986646,-8.71159416852762,0.5467393643979283,1.194116790730006,Beverages—Non-Alcoholic,Consumer Defensive,BRFH
2022Q1,2022,Q1,2022-04-28,2022-03-31,-894509.0,2525549.0,-894509.0,-0.0693,815676.0,0.3229697781,9326266.0,7412717.0,7438644.0,1879949.0,1913549.0,850802.0,-53059284.0,96946590.0,92739153.0,0.5742286002014099,3.9568328715300254,0.008227408482666053,0.010351265264814507,-0.11822466795987777,0.5742286002014099,-0.1206722177576724,38.38634292979467,-27.094917435151576,13.07841510744306,0.0,2.0097190650703687,0.0,0.27079958903166607,3.3171453055375437,-0.09591287660034574,-84.6198475654463,0.3229697780561771,-7.93,0.7350694744807929,4.652586616347427,-0.438129517952911,-0.06804489329102831,-7.957477754962355,-1.0508970434822482,0.8281839953212784,1.2808582878803325,1.004735432832832,Beverages—Non-Alcoholic,Consumer Defensive,BRFH
2021Q4,2021,Q4,2022-03-10,2021-12-31,128568.0,2453242.0,-436155.0,0.01,875231.0,0.356765048,9719364.0,8175858.0,7666906.0,1496205.0,1543506.0,705349.0,-52164775.0,84445252.75,79007408.75,0.6341608101824291,5.124234981169025,0.0097738905549787,0.011619086339317537,-0.0514532236627565,0.6341608101824291,0.015725322039595112,34.42190079494807,164.20348132894654,10.328610495681309,0.0,2.237205978884212,0.0,0.2524076678268249,4.514966866171414,0.013228026031332914,-108.76065482875512,0.3567650480466256,1.2544529262086515,1.0343967224606692,10.891923699490182,-0.47575002663467225,0.21370893372956826,1.2537559704732957,0.1391564362688983,1.0672536102535959,1.0440776393407314,177.0415970002096,Beverages—Non-Alcoholic,Consumer Defensive,BRFH
2021Q3,2021,Q3,2021-11-15,2021-09-30,-506660.0,1930546.0,-506660.0,-0.0393,721121.0,0.373532151,11076863.0,7892152.0,8843401.0,2628908.0,3184711.0,1177799.0,-52295047.0,72068543.95,66486579.95,0.6121551409531426,3.363906610653549,0.0613270201139077,0.0860742418544397,-0.05835319959602163,0.6121551409531426,-0.06419795259898695,37.330653581940034,-35.5606047201279,9.131672064856327,0.0,1.0268517803122603,0.0,0.17428634803915152,2.8311785730044567,-0.04574038696695987,-132.53497609283338,0.3735321510080568,-57.142857142857146,0.8779387530284264,1.3066461538831668,0.5465432086093797,0.28456201291471833,-65.35412168169694,0.15886531651705893,0.847799088190219,-0.1438129068456949,232.34487274237256,Beverages—Non-Alcoholic,Consumer Defensive,BRFH
2021Q2,2021,Q2,2021-08-11,2021-06-30,7873.0,1301211.0,-602353.0,0.0007,561375.0,0.4314250341,10812940.0,8357239.0,8587574.0,1842223.0,2455701.0,1032325.0,-51788387.0,87840785.76,81715051.76,0.6926247231693707,4.661527947485185,0.06435825964076375,0.08326936683275421,0.0017377938335675755,0.6926247231693707,0.0009420575383807978,67.50694987976586,2789.304768195097,10.51074233487878,0.0,0.7166696534521589,0.0,0.12033831686849275,3.9985354650332776,0.0007281090989129691,-300.84727534266284,0.4314250340644215,1.0126582278481013,1.0018820743273564,0.40393294494000337,1.0906504861079533,0.6070554421603176,1.0124214488903054,-0.0967526378558488,1.0032871392633484,-0.09108402262555178,6.918995407860067,Beverages—Non-Alcoholic,Consumer Defensive,BRFH
2021Q1,2021,Q1,2021-05-17,2021-03-31,-633823.0,1014851.0,-549215.0,-0.0553,349319.0,0.3442071792,5897173.0,1698082.0,3513538.0,3491103.0,4199091.0,764023.0,-51491147.0,71583944.64,72076741.64,0.148022461367393,1.006426335745465,0.4175889023435466,1.450220896281805,-0.1367117547443561,0.148022461367393,-0.3732581818781425,70.53640843828306,-28.23499014709154,42.155764350602624,0.0,0.8710889593637888,0.0,0.17209110195681898,0.7299939302850703,-0.10747912601512623,-178.96075640378203,0.3442071791819686,0.5391666666666667,0.8704527420010522,1.2065702435812091,-0.7625519974098598,14.13920860603325,0.5569579817365387,0.5684680720666924,0.7842707401222136,0.2962117230690517,-0.4346622343456204,Beverages—Non-Alcoholic,Consumer Defensive,BRFH
2020Q4,2020,Q4,2021-04-14,2020-12-31,-1430616.0,619781.0,-1272710.0,-0.12,-26586.0,-0.0428957971,5817446.0,2324186.0,3301554.0,2104813.0,3493260.0,870190.0,-50899628.0,64127283.74,64204746.74,0.20260018797421778,1.5685735502393798,0.32563258859643907,0.8150595520324105,-0.30770660780519304,0.20260018797421778,-0.6155342128383873,103.46765025065305,-11.206236289123007,27.591287332425203,0.0,0.7427883565658074,0.0,0.1065383331448199,1.0651378531014395,-0.24591822597064072,-91.32260866469385,-0.04289579706380157,-0.44230769230769235,0.5698596788373591,2.376392167846549,-0.8325138648685343,-1.095443237014141,-0.5547976916305305,-0.5216814286260856,0.5068690515793268,0.31215524023791813,-0.5555854721673419,Beverages—Non-Alcoholic,Consumer Defensive,BRFH
2020Q3,2020,Q3,2020-11-16,2020-09-30,-920130.0,707610.0,-836384.0,-0.0832,278553.0,0.3936532836,6755264.0,3600984.0,4088703.0,1142959.0,3154280.0,832360.0,-49547965.0,38684772.177999996,38270891.177999996,0.3255193281236751,3.5772962984673993,0.2903010156227795,0.5445900342795191,-0.1527632608186,0.3255193281236751,-0.2555218240347638,54.669623349019936,-10.510681147772598,10.742833674906636,0.0,0.5154704695083858,0.0,0.10474942208032136,2.502072252810468,-0.1362093324554007,-64.36080893287037,0.39365328358841734,0.24363636363636368,0.7716532583724124,0.7080565683183727,-0.12493085294305425,1.4157719459525089,0.25604338918148845,0.25471514853408467,0.6368977859277557,-0.1433240258806594,-0.5048119855391656,Beverages—Non-Alcoholic,Consumer Defensive,BRFH
2020Q2,2020,Q2,2020-08-13,2020-06-30,-1236806.0,506276.0,-1122234.0,-0.11,115306.0,0.2277532413,7435635.0,4353549.0,4637376.0,1091040.0,3082086.0,809196.0,-48669708.0,50224383.3,49154896.3,0.39440301002162825,4.250417949846018,0.2636233489137108,0.45025495291312906,-0.1809735190108818,0.39440301002162825,-0.28409143896163797,99.20356347130813,-10.152033402975082,11.536423111351223,0.0,0.48315859198513095,0.0,0.06808779613308076,3.148723236544948,-0.1663349532353323,-51.41936944592325,0.22775324131501395,-1.173913043478261,0.6424245833291139,0.6345697325153491,-0.3575785411337541,-0.7094095499232609,-1.4329429260481787,-0.14774375264631703,0.529725877265217,-0.33962901843591153,-0.5158145330300474,Beverages—Non-Alcoholic,Consumer Defensive,BRFH
2020Q1,2020,Q1,2020-06-25,2020-03-31,-508358.0,733880.0,-977774.0,-0.0506,396799.0,0.5406864883,8109758.0,5444757.0,5157418.0,1283667.0,2665001.0,671346.0,-47490188.0,52196830.4,53681728.4,0.5424225222687085,4.017722664834416,0.18508961673085683,0.2756839285940585,-0.093577274547451,0.5424225222687085,-0.09336651755073734,71.12447593612035,-25.669326734309287,9.586622580217998,0.0,0.5020972791973141,0.0,0.09049345245567131,1.6134846498351987,-0.06268473115967209,-52.62079615461776,0.5406864882542105,0.7336842105263157,0.7898268225631195,7.166512528241193,-0.3725200895636996,1.2513162971200327,0.7338437003598957,0.28984711479100844,0.8063717316211725,1.1123617359401672,-0.46925108928148296,Beverages—Non-Alcoholic,Consumer Defensive,BRFH
2019Q4,2019,Q4,2020-04-13,2019-12-31,-1909998.0,524410.0,-1376850.0,-0.19,176252.0,0.3360958029,5125805.0,283724.0,2028394.0,1882057.0,4842081.0,634746.0,-46747122.0,45672226.6,47628667.6,0.028265409770935057,1.077753755598263,0.5767737945551967,10.420091356388603,-0.4630131146116328,0.028265409770935057,-6.731887327120723,87.09259281859615,-5.978046390624493,160.9741389519392,0.0,0.5484997148465686,0.0,0.10230783262336356,0.6825813458359656,-0.37262400735104045,-213.53836723816292,0.3360958029023093,-16.757009345794394,-0.07891485227605542,3.767888965699315,-0.869320020368814,-0.792938732881661,-16.74909628197861,-0.4496377616502192,0.3436881609849206,2.2649447711144615,-0.9766334657051575,Beverages—Non-Alcoholic,Consumer Defensive,BRFH
2019Q3,2019,Q3,2019-11-14,2019-09-30,-107611.0,1565176.0,-949789.0,-0.0107,851207.0,0.543841076,6592447.0,2026806.0,3356214.0,3282892.0,4565641.0,775395.0,-45103698.0,40376219.39,41826015.39,0.2022979938043179,1.0223345757338347,0.41986078917282155,1.3656511772710362,-0.03848297962717248,0.2022979938043179,-0.05309388269030189,25.79660012036985,-93.80132930183719,19.92110709658448,0.0,0.9207810212859252,0.0,0.23741958031668667,0.7676085597698614,-0.016323377343799655,-43.07168874324075,0.5438410760195659,-0.8135593220338982,0.9474178677117286,18.789247881976976,-0.2803306084968635,0.00018917896329928113,-0.8558740342163356,0.12851241641036182,0.9666396049160061,1.4064527444061627,-0.4889161790812792,Beverages—Non-Alcoholic,Consumer Defensive,BRFH
2019Q2,2019,Q2,2019-08-14,2019-06-30,-57984.0,1382665.0,-1089848.0,-0.0059,851046.0,0.6155113495,7289122.0,2347447.0,4038063.0,3545978.0,4941675.0,907366.0,-44574998.0,64141480.0,64452236.0,0.23788670763443562,1.138772716581998,0.3538246444496333,1.0986705983138279,-0.02130653588734144,0.23788670763443562,-0.024700877165703846,46.389747335761015,-276.5481857064018,27.32393106212835,0.0,0.585892572567189,0.0,0.18968882672014545,0.8716069304434488,-0.00795486754097407,-100.37915967649047,0.6155113494591965,0.98525,0.9674152824617739,10.470790859266407,-0.43411157250081966,0.9577597629651441,0.9852225147669088,0.3845159898504391,0.9830510068707009,0.824125949769408,-0.2819517636061382,Beverages—Non-Alcoholic,Consumer Defensive,BRFH
2019Q1,2019,Q1,2019-05-15,2019-03-31,-3923807.0,834534.0,-1770717.0,-0.4,434704.0,0.5208942955,7949843.0,2786807.0,4869365.0,3774992.0,5163036.0,1197941.0,-44001032.0,92330535.05,91559503.05,0.28643610064295844,1.2899007468095296,0.2687191432585524,0.766567257797185,-0.49566961023193495,0.28643610064295844,-1.407993807967326,110.63723593047138,-5.882713844615702,33.13129866905028,0.0,0.33376435066501603,0.0,0.1049749032779641,0.9404443771006668,-0.4935703761696929,-45.38081476104065,0.520894295499045,-1.6666666666666667,-0.8829663138129966,5.143511812202349,-0.4677254625961802,0.2895937535228399,-1.7198512464865128,-0.6127086450809079,0.054373215197147114,1.1394956379893897,-0.5405178420958131,Beverages—Non-Alcoholic,Consumer Defensive,BRFH
2018Q4,2018,Q4,2019-04-01,2018-12-31,-1442655.0,905708.0,-1097977.0,-0.15,337086.0,0.3721795546,5761836.0,-35048.0,2723793.0,2071433.0,5796884.0,1226463.0,-41153820.0,79682516.55,80850270.55,-0.003602335021885049,1.3149317404907617,0.38344079907862705,-63.037063455832005,-0.5734948041215248,-0.003602335021885049,41.16226318192194,87.97815250610572,-13.808311160672508,-2273.525352373887,0.0,0.4636275207649966,0.0,0.15719086763316414,0.6753165562197764,-0.25038112851528577,-100.27448335355203,0.3721795545584228,0.42307692307692313,-0.1844102078466648,55.58861831879402,-1.0208108833456824,-0.6239956720338652,0.39688210050606293,0.21972738210210416,0.48855202968334327,4.817745603501459,-1.0029779891928878,Beverages—Non-Alcoholic,Consumer Defensive,BRFH
2018Q3,2018,Q3,2018-11-14,2018-09-30,-2391995.0,1620214.0,-1407171.0,-0.26,896495.0,0.5533188826,5148448.0,-24513.0,2150518.0,2143060.0,5172961.0,1082665.0,-39884259.0,84301681.1,86159833.1,-0.002646071787529276,1.003480070553321,0.4222954179589655,-88.69440704932077,-0.8242909057225456,-0.002646071787529276,97.58067148043895,52.0312014956049,-8.81081284659876,-3439.060135438339,0.0,0.6684606965220082,0.0,0.31469949779040207,0.45390329715453603,-0.464605061564184,-81.22683910565542,0.5533188825673646,-0.3,-0.821457674015874,47.50371348600694,-1.0113973831310796,0.5825769050166114,-0.3163334094592401,0.22358995523632386,0.29114817137140214,3.6701436240963425,-1.007113235934442,Beverages—Non-Alcoholic,Consumer Defensive,BRFH
2018Q2,2018,Q2,2018-08-14,2018-06-30,-1817165.0,1086166.0,-1812407.0,-0.2,566478.0,0.5215390649,5572895.0,800691.0,2801402.0,1954032.0,4772204.0,1418321.0,-37984674.0,76165864.32000001,77414613.32000001,0.08746371067242949,1.4336520589222694,0.3772934892905752,2.6260030398743086,-0.6250741848170398,0.08746371067242949,-2.2694959728534476,70.12359466232603,-10.478666538261523,95.12516603783482,0.0,0.3664107067441009,0.0,0.19490157270144154,0.6858567311077812,-0.3260719966911273,-43.50843386267566,0.5215390649311431,0.23076923076923075,-0.3147274792819303,27.77872435883384,2.071573883233104,0.6438473034343669,0.22281533425315359,0.026908632098898003,0.36652919966834685,3.228423563638866,-0.8575351526730078,Beverages—Non-Alcoholic,Consumer Defensive,BRFH
2018Q1,2018,Q1,2018-05-15,2018-03-31,-2338138.0,623071.0,-1862525.0,-0.26,344605.0,0.5530750107,7231709.0,2390352.0,4440001.0,2097001.0,4841357.0,1546051.0,-36169889.0,81890718.0,81478850.0,0.2618301312243959,2.1173099106772004,0.2737987659625131,0.8283436916403943,-0.42616973026061983,0.2618301312243959,-0.9781563552146295,131.43079681127833,-8.755975695189933,34.25885308941947,0.0,0.18011436880154666,0.0,0.08615819580129676,1.3075034298982213,-0.32331748968328233,-49.14774984020669,0.5530750107130648,-0.040000000000000036,-0.30721006292070263,186.6715254219883,12.351858903473927,2.0436760289701468,-0.012740370871529036,0.1932664969914117,-0.06286062903060913,6.623381793753997,-0.6971122316178084,Beverages—Non-Alcoholic,Consumer Defensive,BRFH
2017Q4,2017,Q4,2018-04-02,2017-12-31,-2308724.0,375893.0,-2308724.0,-0.25,113220.0,0.3012027359,5433121.0,4161921.0,3045919.0,1271200.0,1271200.0,1415495.0,-33830997.0,68835676.0,67530760.0,0.4558811093828729,2.3960973882945247,0.0,0.0,-0.5547255702354754,0.4558811093828729,-0.5547255702354754,183.12571928713757,-7.453865858370252,16.539399954972716,0.0,0.18556971236210654,0.0,0.06918546448717044,1.2633165512901197,-0.4249351339681189,-30.82291516941802,0.301202735884946,-0.08695652173913039,-0.24643606624502754,32.44438463383923,27.131410424711422,-0.6723730814639906,-0.10675334474574467,-0.10675334474574467,-0.4339196919041581,2.757664126949388,1.1076833688664947,Beverages—Non-Alcoholic,Consumer Defensive,BRFH
2017Q3,2017,Q3,2017-11-14,2017-09-30,-2086033.0,679952.0,-2086033.0,-0.23,345576.0,0.5082358755,7404609.0,5986210.0,5028150.0,1412320.0,1418399.0,751586.0,-31522273.0,82867967.0,79329788.0,0.6573651191418755,3.5602059023450776,0.0013407865290388729,0.0016584784028625791,-0.3478960957869882,0.6573651191418755,-0.34847307394829113,121.87326017130621,-9.931286681466688,13.84314399260968,0.0,0.44489386444132806,0.0,0.09182821132081383,2.9452071768437746,-0.2817208849245112,-38.593196216311625,0.5082358754735629,0.04166666666666659,-0.09971130209133024,95.82317849727413,4.578390975645356,0.07281758350925122,0.03323380031820286,0.03323380031820286,-0.12144509050616627,8.45844357685732,1.3385578195393981,Beverages—Non-Alcoholic,Consumer Defensive,BRFH
2017Q2,2017,Q2,2017-08-14,2017-06-30,-2157743.0,628997.0,-2157743.0,-0.24,322120.0,0.5121169099,8796308.0,7377019.0,6541335.0,1412251.0,1419289.0,296877.0,-29436240.0,93008550.17999999,87323155.17999999,0.8145701119238756,4.63185014561859,0.0012376783532363806,0.0014757993709925378,-0.29206421955016754,0.8145701119238756,-0.2924952477416691,147.86803463291557,-10.776138560060211,12.607877271293457,0.0,1.0336839836026368,0.0,0.07150693222656597,4.361893884302436,-0.24530098309427092,-53.09473924031266,0.5121169099375673,0.07692307692307698,-0.5764843810077542,0.0,7.005283378408257,1.4679553481815186,0.08533004951166576,0.08533004951166576,-0.32123081541971404,4.685886093079593,0.9377114606705625,Beverages—Non-Alcoholic,Consumer Defensive,BRFH
2017Q1,2017,Q1,2017-05-15,2017-03-31,-2359040.0,312170.0,-2359040.0,-0.26,130521.0,0.4181087228,10316895.0,9217726.0,8059195.0,1091171.0,1099169.0,275781.0,-27278497.0,73868468.31,66430384.31,1.0219946029364204,7.385822203852558,0.001148310610896011,0.0012852410670484238,-0.2555957897510535,1.0219946029364204,-0.2559242919566062,236.62897879360605,-7.828233975473073,8.013740949774379,0.0,0.658671191996548,0.0,0.030258134836111058,7.0446758574045685,-0.22865794408104376,-41.81872382595758,0.41810872281128875,0.10344827586206887,-0.8152230640430332,2.210952218445537,5.472197932585009,1.3630125826016113,0.09785109403299232,0.09250659354525004,-0.22116448585881768,1.4789500426279174,0.899138074028088,Beverages—Non-Alcoholic,Consumer Defensive,BRFH
2016Q4,2016,Q4,2017-03-30,2016-12-31,-2614912.0,144321.0,-2599512.0,-0.29,55235.0,0.382723235,11823390.0,10910287.0,9655847.0,904145.0,913103.0,317948.0,-24919457.0,97318775.71,88150635.71,1.2096534905124527,10.67953370311178,0.0010831918764415281,0.0011738462975355278,-0.23868596747709345,1.2096534905124527,-0.23967398841112061,674.3216559613638,-9.304211356825775,8.919909779641909,0.0,0.28019047139783865,0.0,0.012206397657524619,10.299271687616477,-0.22116431920117666,-38.766844971699285,0.3827232350108439,0.09375000000000008,-10.208837514993968,0.03638393225261856,9.546363436900963,-0.741418860716827,-0.10146868838254726,-0.10210970678802324,-1.31579804122275,8.726898041869633,5.988233333883199,Beverages—Non-Alcoholic,Consumer Defensive,BRFH
2016Q3,2016,Q3,2016-11-21,2016-09-30,-2374023.0,478680.0,-2358669.0,-0.32,213608.0,0.4462438372,4228269.0,2918633.0,2019612.0,1281499.0,1309636.0,228044.0,-22312246.0,59910565.0,58555043.0,0.39582155709931965,1.5759762590528748,0.03117753387970349,0.04516737801566692,-0.7757259868843324,0.39582155709931965,-0.8134023702192088,125.15786120163784,-6.308970574421562,20.526926475510965,0.0,1.1623721737910229,0.0,0.11320944812167816,1.254113346947598,-0.561464514201911,-28.776372088287054,0.44624383721901895,0.08571428571428563,-22.58283028431384,5.913611820629991,15.273727226193397,-0.2404724823814705,0.05932980076924997,0.05482086963072732,-1.2712165055359579,17.003738192293618,0.704915928231068,Beverages—Non-Alcoholic,Consumer Defensive,BRFH
2016Q2,2016,Q2,2016-08-15,2016-06-30,-2523757.0,559172.0,-2495473.0,-0.35,281238.0,0.5029543682,3970454.0,2411712.0,1950544.0,1527758.0,1558742.0,265189.0,-19945901.0,60566463.36,59637744.36,0.3312962772934807,1.276736237021832,0.09480200501000641,0.1560746059230953,-0.9000818501755907,0.3312962772934807,-1.0464586982193562,108.31454965556215,-5.999633023306126,25.11347265345116,0.0,1.0480600628231187,0.0,0.14083326491126708,1.06299557914277,-0.6356343632239537,-24.071306162208824,0.5029543682444758,0.186046511627907,-24.673812543189545,0.0,4.366822602584475,1.0895750830293258,0.13832187391383619,-0.00372090666078894,-1.2962389183751821,17.631546807470304,5.058922673537483,Beverages—Non-Alcoholic,Consumer Defensive,BRFH
2016Q1,2016,Q1,2016-05-16,2016-03-31,-2928886.0,275326.0,-2486222.0,-0.43,134591.0,0.4888423178,5770843.0,4281075.0,4072609.0,1447288.0,1489768.0,320781.0,-17436286.0,74090555.7314,70988827.7314,0.6233889514871811,2.813958935609222,0.06624820671780535,0.08930186927348856,-0.5767188692335796,0.6233889514871811,-0.6841473228102755,269.10119542433335,-6.324124234555391,17.30653065676261,0.0,0.4387261090900022,0.0,0.04770984065932828,2.568951722117505,-0.5075317418962879,-36.426912807339015,0.4888423178341312,0.0,-3.7437971451303107,-0.7712178538511489,28.986239484193526,0.0,0.0,0.0,-1.1768385046093994,109.24440850948143,28.027536464862266,Beverages—Non-Alcoholic,Consumer Defensive,BRFH
2015Q3,2015,Q3,2015-11-20,2015-09-30,-2199455.0,226127.0,-2074441.0,-0.36,106898.0,0.4727343484,3244198.0,2246154.0,1978267.0,948539.0,998044.0,310595.0,-12675067.0,42387932.339999996,41339790.339999996,0.37199269248432515,2.0855937394245254,0.14288400399728993,0.20637231463203323,-0.7879548322626706,0.37199269248432515,-0.9792093507390855,187.45188473733785,-4.818004044183673,18.871338447853528,0.0,0.38387288913214956,0.0,0.0697019725676423,1.7078760072068728,-0.677965709861112,-21.120151241411264,0.4727343483971397,-0.16129032258064513,-21.46354747953121,0.0,0.0,0.3722993183306161,-0.1716554266415231,-0.31149469760478665,-0.7486897591946653,47.56167664174364,2.1567246547389685,Beverages—Non-Alcoholic,Consumer Defensive,BRFH
2015Q2,2015,Q2,2015-08-14,2015-06-30,-1877220.0,168099.0,-1581738.0,-0.31,77897.0,0.4633995443,5164435.0,3677940.0,3894111.0,1433706.0,1486495.0,272083.0,-10538119.0,59967857.949999996,57271058.949999996,0.6139318738164133,2.7161154378931247,0.15302893733777267,0.21487789360348455,-0.3842352087820229,0.6139318738164133,-0.5103998433905936,356.7413128573043,-7.986258663076251,16.304740683643562,0.0,0.33152383647636935,0.0,0.03254934954162459,2.49040528532349,-0.3634899074148479,-39.76010345156811,0.46339954431614705,-0.2916666666666667,0.08650525357849209,0.0,0.0,2.207617871113856,-0.3004064939275294,-0.35412107950401167,-1.0733522907864725,0.0,5.033487545141927,Beverages—Non-Alcoholic,Consumer Defensive,BRFH
2015Q1,2015,Q1,2015-07-07,2015-03-31,-1443564.0,53633.0,-1168092.0,-0.24,24285.0,0.4527995823,6796324.0,5178719.0,5582986.0,1588689.0,1617605.0,165847.0,-8808640.0,47507004.35,43200952.35,0.8644460376293964,3.5142095148893207,0.15576140866739138,0.20441445075509987,-0.20702786891613015,0.8644460376293964,-0.2787492428146806,885.779358790297,-8.227381042683248,9.173504943983252,0.0,0.17695828082509782,0.0,0.007891471919231632,3.405797484592642,-0.21240364644181178,-99.01170531374788,0.45279958234668954,-0.3333333333333333,-2.550225411062002,-0.9489123093556827,39.80818511868659,0.22924681109536343,-0.598463063132893,-0.8838704683016987,-0.6723280434655777,1.3132266217005506,4.474457342045618,Beverages—Non-Alcoholic,Consumer Defensive,BRFH
2014Q4,2014,Q4,2015-02-17,2014-12-31,-903095.0,56109.0,-620049.0,-0.18,19756.0,0.3521003761,2311303.0,1107579.0,1088966.0,1188295.0,1203724.0,151169.0,-7502812.0,33284485.0,33385025.0,0.2162948743235775,0.9164104872948216,0.39884385560871943,0.8323099300365934,-0.36230542149223494,0.2162948743235775,-0.8153775035460225,593.2111604198969,-9.214004340628616,30.0515674276959,0.0,0.24047919877752713,0.0,0.024275917090922305,0.6953601588831057,-0.3907298177694573,-44.414430342924476,0.3521003760537525,0.10000000000000009,-210.46498596377054,0.0,2.6638050617592555,-0.03577529406022744,0.1325060828652913,0.21264318920339756,-5.818418290533128,-0.2903072355882908,2.5281521692009545,Beverages—Non-Alcoholic,Consumer Defensive,BRFH
2014Q3,2014,Q3,2014-11-14,2014-09-30,-1041039.0,40233.0,-787507.0,-0.2,20489.0,0.5092585688,2795996.0,1432609.0,1574021.0,1115891.0,1363387.0,147551.0,-6741241.0,46377840.6,46022719.6,0.2810985102225738,1.4105508512928233,0.33709597581684664,0.6579038663026687,-0.37753612018550264,0.2810985102225738,-0.7266735026793772,1152.7313548579525,-11.137392691340093,32.372992630927214,0.0,0.13381136013988384,0.0,0.014389505564385643,1.1741899522444397,-0.3723320777282943,-63.91310362315146,0.5092585688365272,-0.11111111111111122,-11.59697448143469,0.0,0.0,0.017682411960462923,-0.14677384175774788,-0.14827403188601057,-14.69308763228111,-0.15927678309258508,11.136697677634524,Beverages—Non-Alcoholic,Consumer Defensive,BRFH
2014Q2,2014,Q2,2014-08-13,2014-06-30,-907798.0,61492.0,-685818.0,-0.18,20133.0,0.3274084434,3371776.0,2116216.0,2193064.0,1037877.0,1255560.0,73769.0,-5826967.0,45810182.6,44618624.6,0.42037740316712907,2.1130288078452457,0.24686248434059677,0.3933270516809248,-0.2649911394097498,0.42037740316712907,-0.4289722788221996,744.9779255838158,-12.615742323732814,21.647214934581346,0.0,0.5606555599235451,0.0,0.018237273175916786,1.9823399111840805,-0.2692343738136816,-74.93772815756327,0.32740844337474795,0.14285714285714285,0.4742927926456075,0.0,0.0,-0.5760134779404023,0.15805709049561406,0.2233689817771678,-12.354274803424273,0.0,5.272116047187191,Beverages—Non-Alcoholic,Consumer Defensive,BRFH
2014Q1,2014,Q1,2014-06-30,2014-03-31,-1078218.0,70286.0,-883068.0,-0.21,47485.0,0.6755968472,3867365.0,2709023.0,2790172.0,965283.0,1158342.0,76913.0,-5030159.0,53663356.76,51768549.76,0.5381360191303843,2.8905222613471904,0.19077718291394788,0.2723509545692303,-0.2816891895562198,0.5381360191303843,-0.39800990984572665,763.4999396750419,-12.442603620047151,19.80911818024432,0.0,0.29645183519040996,0.0,0.018174131482288327,2.798404198561458,-0.2787991306742446,-106.43331229658249,0.675596847167288,-0.6153846153846153,-2.37793653209162,-0.9203259603467991,25.158919516498962,14.185481291973137,-0.8787820704941,-0.8120757442687001,-2.37793653209162,-0.9203259603467991,25.158919516498962,Beverages—Non-Alcoholic,Consumer Defensive,BRFH
2013Q4,2013,Q4,2014-02-13,2013-12-31,-573892.0,7541.0,-487324.0,-0.13,3127.0,0.4146664899,1793162.0,793492.0,750032.0,826986.0,999670.0,61427.0,-4049516.0,36947410.760000005,36939406.760000005,0.17309861201218313,0.9069464295647085,0.36610189151900385,0.8273303322528771,-0.3635084926158866,0.17309861201218313,-0.7232486275854073,4899.537297440658,-16.095106204651746,46.563053893422996,0.0,0.07185765217249744,0.0,0.004205420369157945,0.8125881212015681,-0.32004470315565464,-32.63236753598203,0.41466648985545684,0.07142857142857148,-149.11176064918078,0.0,2.3315264531813162,-0.36027004909983634,0.08380309234735825,0.006975080846138642,-149.11176064918078,0.0,2.3315264531813162,Beverages—Non-Alcoholic,Consumer Defensive,BRFH
2013Q3,2013,Q3,2013-11-13,2013-09-30,-626385.0,15933.0,-490747.0,-0.14,4888.0,0.3067846608,1493280.0,1025868.0,1137630.0,312122.0,467412.0,52035.0,-3518908.0,25849424.25,24982998.25,0.23216485372976925,3.6448247800539533,0.1039925533054752,0.15137425087828063,-0.46592553241607737,0.23216485372976925,-0.6105902513773702,1622.382743362832,-10.316907433128186,25.197612412123195,0.0,0.21226097818775824,0.0,0.010669800707168112,3.2856703468515516,-0.41946922211507554,-44.117066004696824,0.30678466076696165,0.06666666666666654,-7.742078904992584,0.0,0.0,-0.1921996364237316,-0.0477416311640347,-0.14280557864855864,-7.742078904992584,0.0,0.0,Beverages—Non-Alcoholic,Consumer Defensive,BRFH
2013Q2,2013,Q2,2013-08-13,2013-06-30,-597843.0,16325.0,-429423.0,-0.15,6051.0,0.3706584992,560369.0,-323200.0,192032.0,883569.0,883569.0,37844.0,-2960343.0,25480862.549999997,25884733.549999997,-0.08162172673389348,0.2173367331809966,0.754738395592904,-1.3085767326732674,-5.011699272759489,-0.08162172673389348,1.8497617574257426,1560.8491607963244,-10.655331980971592,-78.83930244430692,0.0,0.2714829299228411,0.0,0.029132589418757997,0.05948941169280498,-1.0668737920905689,-54.57502859309139,0.3706584992343032,0.25000000000000006,0.5598538425389505,0.0,0.0,5.553047404063205,0.2293821708513954,0.292987716031394,0.5598538425389505,0.0,0.0,Beverages—Non-Alcoholic,Consumer Defensive,BRFH
2013Q1,2013,Q1,2013-07-01,2013-03-31,-775797.0,1440.0,-607377.0,-0.2,-1329.0,-0.9229166667,700436.0,-91331.0,346224.0,791767.0,791767.0,12712.0,-2446709.0,15442947.0,15708913.0,-0.02306495644905082,0.4372801594408456,0.5024341981280231,-3.853269974050432,-2.614559549796582,-0.02306495644905082,8.494344746033658,10724.26875,-4.976478060626684,-169.0876810721442,0.0,0.21782567652611706,0.0,0.002055862348594304,0.135027097618365,-1.1075915572586217,-31.30424391568927,-0.9229166666666667,0.0,-2.260450483267542,-0.9979247732448111,-0.03547134310881948,-2.774365821094793,-0.021585320086120054,-0.027733266552394553,-2.260450483267542,-0.9979247732448111,-0.03547134310881948,Beverages—Non-Alcoholic,Consumer Defensive,BRFH
2012Q4,2012,Q4,2013-02-05,2012-12-31,-759405.0,4608.0,-590987.0,-0.2,749.0,0.1625434028,531480.0,60656.0,211510.0,470824.0,470824.0,5800.0,-1755122.0,18733449.735,18817587.735,0.016205412473112763,0.4492336839243539,0.5285485813200873,4.63124835135848,-1.946001053234554,0.016205412473112763,-12.519866130308626,4065.418779296875,-6.167147218875304,308.8474303448958,0.0,0.6653448275862069,0.0,0.00867012869722285,0.4338988666677994,-1.4288496274554074,-103.15378666571222,0.1625434027777778,0.04761904761904753,-242.27265211056437,0.0,1.1246568943669253,0.20032051282051283,0.023803157643054188,-0.6375775511165421,-242.27265211056437,0.0,1.1246568943669253,Beverages—Non-Alcoholic,Consumer Defensive,BRFH
2012Q3,2012,Q3,2012-11-14,2012-09-30,-777922.0,2880.0,-360891.0,-0.21,624.0,0.2166666667,688670.0,440085.0,374408.0,248585.0,248585.0,1808.0,-1079925.0,22089892.825,21900360.825,0.11784134923705769,1.506156847758312,0.23026703646158536,0.36033493529659044,-1.2056566048010315,0.11784134923705769,-1.7676630650896985,7670.101675347222,-7.099006335146711,50.1946051899065,0.0,1.247787610619469,0.0,0.004181973949787271,1.4157089124444355,-1.129600534363338,-68.4936678707637,0.21666666666666667,-0.4,-11.845930709788389,0.0,0.0,0.0,-0.38793694066599105,-0.2877742253179372,-11.845930709788389,0.0,0.0,Beverages—Non-Alcoholic,Consumer Defensive,BRFH
2012Q2,2012,Q2,2012-08-13,2012-06-30,-560488.0,0.0,-280244.0,-0.15,0.0,0.0,445923.0,377364.0,230620.0,68559.0,68559.0,0.0,-690965.0,26034294.779999997,25803674.779999997,0.1017540633378355,3.363818025350428,0.0,0.0,-1.4852715150358804,0.1017540633378355,-1.4852715150358804,0.0,-11.612333707412112,68.98987391484083,0.0,0.0,0.0,0.0,3.363818025350428,-1.2569165528577804,-136.766347160058,0.0,-0.07142857142857129,0.5594117070789754,0.0,0.0,1.0,-0.048884098164928155,-0.09754559660370413,0.5594117070789754,0.0,0.0,Beverages—Non-Alcoholic,Consumer Defensive,BRFH
2012Q1,2012,Q1,2012-06-25,2012-03-31,-534366.0,-105998.0,-255337.0,-0.14,-273257.0,2.5779448669,608282.0,585606.0,424976.0,22676.0,22676.0,0.0,-410721.0,38569325.6,38148349.6,0.15790533812185711,18.74122420179926,0.0,0.0,-0.872043660754842,0.15790533812185711,-0.9125008965072079,-363.8684277061831,-18.044432841909853,65.8622445808274,0.0,0.0,0.0,-0.17425799218125804,18.564826248015525,-0.8784839926218432,-96.85528858709846,2.577944866884281,-4.405405405405406,-1.926986434939797,-1.1631013684818843,8.08895561586115,-5.415688392186326,-9.32970559239141,-3.93586050917245,-1.926986434939797,-1.1631013684818843,8.08895561586115,Beverages—Non-Alcoholic,Consumer Defensive,BRFH
2011Q4,2011,Q4,2012-02-14,2011-12-31,-51731.0,30879.0,-51731.0,-0.0259,-42592.0,-1.3793192785,503.0,-283080.0,503.0,283583.0,283583.0,0.0,-314082.0,2599999.399998,2599496.399998,-0.14154014154014155,0.001773731147494737,0.0,0.0,0.18274339409354246,-0.14154014154014155,0.18274339409354246,84.19959843252695,-12.564996810413485,-9.184680655637981,0.0,0.0,0.0,61.389662027833005,0.001773731147494737,-102.84493041749504,-48.57269840079958,-1.3793192784740438,-2.738255033557047,-30.01378896882494,0.0,-0.08876923076923086,-9.597661109728788,-1.4334757834757834,-5.793302692055154,-30.01378896882494,0.0,-0.08876923076923086,Beverages—Non-Alcoholic,Consumer Defensive,BRFH
2011Q3,2011,Q3,2011-11-09,2011-09-30,119340.0,75119.0,-7615.0,0.0149,-4019.0,-0.0535017772,63534.0,-221846.0,63534.0,285380.0,285380.0,0.0,-262351.0,10399997.599992,10336463.599992,-0.02773077773077773,0.22262947648749037,0.0,0.0,0.06865122652650937,-0.02773077773077773,-0.5379407336620899,138.4469654813296,21.786487347058824,-46.879355949586646,0.0,0.0,0.0,1.182343312242264,0.22262947648749037,1.8783643403531967,157.78849660894235,-0.053501777180207405,2.1037037037037036,1.9199513520776454,0.0,0.0,0.725665529010239,4.083561573045321,0.6064802852565759,1.9199513520776454,0.0,0.0,Beverages—Non-Alcoholic,Consumer Defensive,BRFH
2011Q2,2011,Q2,2011-08-19,2011-06-30,-38702.0,0.0,-19351.0,-0.0135,-14650.0,0.0,9618.0,-282021.0,9618.0,291639.0,291639.0,0.0,-322021.0,3725879.566059,3826461.566059,-0.09840027717503373,0.032979128305885015,11.457683510085257,-0.39075104336201916,0.22524604093795286,-0.09840027717503373,0.13723091542828372,0.0,-24.06774563368172,-13.211355062420884,0.0,0.0,0.0,0.0,0.032979128305885015,-4.023913495529216,-217.21445613356263,0.0,-1.084375,0.9606337884240939,0.0,0.0,-1.058337945946807,-1.0868743462313746,-1.0868743462313746,0.9606337884240939,0.0,0.0,Beverages—Non-Alcoholic,Consumer Defensive,BRFH
2011Q1,2011,Q1,2011-03-31,2011-03-31,445494.0,502246.0,222747.0,0.16,251123.0,0.5,36344.0,-63841.0,0.0,100185.0,100185.0,0.0,-64841.0,3725879.566059,3725879.566059,-0.02227483802671194,0.0,0.0,0.0,-6.978180166350778,-0.02227483802671194,-6.978180166350778,7.418435519763223,2.09086966718912,-58.36186096801429,0.0,0.0,0.0,13.819227382786705,0.0,12.257704160246533,11.721910443908563,0.5,201.0,0.0,0.0,0.0,4651.425925925926,268.08273381294964,134.54136690647482,0.0,0.0,0.0,Beverages—Non-Alcoholic,Consumer Defensive,BRFH
2010Q4,2010,Q4,2010-12-31,2010-12-31,-1668.0,0.0,-1668.0,-0.0008,-54.0,0.0,10000.0,-260000.0,10000.0,270000.0,270000.0,0.0,-300000.0,2599999.399998,2699999.399998,-0.13000013000013,0.037037037037037035,11.0,-0.4230769230769231,0.01112,-0.13000013000013,0.006415384615384615,0.0,-389.68815947212227,-9.9999976923,0.0,0.0,0.0,0.0,0.037037037037037035,-0.1668,5485.230801683544,0.0,0.9506172839506173,0.0,0.0,0.0,0.9963087018934992,0.9824977440137668,0.9649954880275335,0.0,0.0,0.0,Beverages—Non-Alcoholic,Consumer Defensive,BRFH
2010Q3,2010,Q3,2010-09-30,2010-09-30,-95302.0,0.0,-47651.0,-0.0162,-14629.0,0.0,,,,,,,,7640364.577199,,,0.0,0.0,0.0,0.0,,0.0,0.0,-20.042508491949278,0.0,0.0,0.0,0.0,0.0,0.0,0.0,-169.158114933447,0.0,0.9523529411764706,0.0,0.0,0.0,0.9354919789397561,0.7993456235946067,0.7993456235946067,0.0,0.0,0.0,Beverages—Non-Alcoholic,Consumer Defensive,BRFH
2010Q2,2010,Q2,2010-06-30,2010-06-30,-474956.0,0.0,-237478.0,-0.34,-226778.0,0.0,,,,,,,,1799999.584614,,,0.0,0.0,0.0,0.0,,0.0,0.0,-0.9474559667706061,0.0,0.0,0.0,0.0,0.0,0.0,0.0,-7.624596890070231,0.0,0.0,0.0,0.0,0.0,0.0,0.0,0.0,0.0,0.0,0.0,Beverages—Non-Alcoholic,Consumer Defensive,BRFH
