Quarters,Year,Quarter,FillingDate,Date,NetIncome,Revenue,OperatingIncome,EPSDiluted,GrossProfit,GrossProfitRatio,TotalAssets,CommonStockEquity,CurrentAssets,CurrentLiability,TotalLiability,Inventory,RetainedEarnings,MarketCap,EnterpriseValue,bookValuePerShare,currentRatio,debtToAssets,debtToEquity,roic,shareholdersEquityPerShare,roe,priceToSalesRatio,peRatio,pbRatio,payoutRatio,inventoryTurnover,dividendYield,assetTurnover,quickRatio,returnOnAssets,priceToFreeCashFlowsRatio,grossProfitMargin,epsdilutedGrowth,fiveYNetIncomeGrowthPerShare,fiveYRevenueGrowthPerShare,fiveYShareholdersEquityGrowthPerShare,grossProfitGrowth,netIncomeGrowth,operatingIncomeGrowth,threeYNetIncomeGrowthPerShare,threeYRevenueGrowthPerShare,threeYShareholdersEquityGrowthPerShare,Industry,Sector,Symbol
2023Q1,2023,Q1,2023-04-04,2023-03-31,-3911000.0,433000.0,-3519000.0,-0.35,108000.0,0.2494226328,35759000.0,29890000.0,29063000.0,2921000.0,5869000.0,1782000.0,-93437000.0,79122054.96,56069054.95999999,2.651950838563003,9.949674768914756,0.09717833272742527,0.11625961860153898,-0.10056078228504041,2.651950838563003,-0.1308464369354299,182.72991907621247,-5.057661401176169,2.647107894279023,0.0,0.18237934904601572,0.0,0.012108839732654716,9.332078055460459,-0.10937106742358567,-22.008916539638385,0.24942263279445728,0.054054054054054106,0.058551768516642046,5.241220477154668,-0.3417241137447024,28.0,0.05210857973824527,0.24743370402053036,0.058551768516642046,5.241220477154668,-0.3417241137447024,Biotechnology,Healthcare,CLGN
2022Q4,2022,Q4,2022-12-31,2022-12-31,-4126000.0,58000.0,-4676000.0,-0.37,-4000.0,-0.0689655172,37768000.0,32281000.0,31658000.0,3105000.0,5487000.0,1430000.0,-89722000.0,93301889.64999999,66559889.64999999,2.888969891297373,10.195813204508857,0.0770758313916543,0.0901768842353087,-0.11505173884897299,2.888969891297373,-0.127815123447229,1608.653269827586,-5.653289484367426,2.8903035733093767,0.0,0.043356643356643354,0.0,0.0015356915907646686,9.727858293075684,-0.10924592247405211,-25.562161547945202,-0.06896551724137931,0.05128205128205133,0.0,0.0,0.0,0.9741935483870968,0.03822843822843823,-0.046553267681289166,0.0,0.0,0.0,Biotechnology,Healthcare,CLGN
2022Q3,2022,Q3,2022-09-30,2022-09-30,-4290000.0,109000.0,-4468000.0,-0.39,-155000.0,-1.4220183486,40558000.0,35806000.0,34462000.0,2334000.0,4752000.0,1128000.0,-85321000.0,74443183.6,44535183.599999994,3.2706930067402435,14.765209940017138,0.07162581981360028,0.08113165391275205,-0.1051804868206837,3.2706930067402435,-0.11981232195721388,682.9649871559633,-4.338180862470862,2.079070088811931,0.0,0.23404255319148937,0.0,0.002687509246018048,14.272065124250215,-0.10577444647171952,-21.227026974622184,-1.4220183486238531,0.025000000000000022,0.024940969263671613,-0.630292017460336,14.16650521450351,-7.739130434782608,0.021664766248574687,-0.06762246117084826,0.4310659077586757,-0.9316400563867845,12.113392888898835,Biotechnology,Healthcare,CLGN
2022Q2,2022,Q2,2022-06-30,2022-06-30,-4385000.0,66000.0,-4185000.0,-0.4,23000.0,0.3484848485,44413000.0,39505000.0,38272000.0,2361000.0,4908000.0,1356000.0,-80942000.0,87897432.0,54631432.0,3.5955544184726578,16.210080474375264,0.06808817238196024,0.07654727249715226,-0.09401502157295792,3.5955544184726578,-0.11099860777116821,1331.7792727272727,-5.0112561003420755,2.224969801290976,0.0,0.03171091445427729,0.0,0.0014860513813523067,15.626005929690809,-0.09873235313984643,-20.238874510706886,0.3484848484848485,-0.08108108108108115,0.37786953297629106,-0.7277474393106478,4.864796992579835,-0.34285714285714286,-0.10956477732793522,-0.1106687898089172,-0.4907200227069556,-0.9537925094060059,8.168893898323528,Biotechnology,Healthcare,CLGN
2022Q1,2022,Q1,2022-03-31,2022-03-31,-3952000.0,66000.0,-3768000.0,-0.37,35000.0,0.5303030303,48723000.0,43196000.0,42615000.0,2612000.0,5527000.0,1267000.0,-76657000.0,120303667.44000001,82659667.44000001,4.02863129872344,16.31508422664625,0.07035691562506413,0.07935919992591907,-0.07707598605222589,4.02863129872344,-0.09148995277340495,1822.78284,-7.610302849190283,2.7850649930549127,0.0,0.0244672454617206,0.0,0.0013545963918477927,15.825038284839204,-0.0811115900088254,-34.23553427433125,0.5303030303030303,0.0,0.0,0.0,0.0,0.0,0.0,0.0,0.0,0.0,0.0,Biotechnology,Healthcare,CLGN
2021Q3,2021,Q3,2021-09-30,2021-09-30,-3077000.0,140000.0,-3094000.0,-0.29,-2000.0,-0.014285714285714285,53630000.0,48476000.0,47897000.0,2516000.0,5154000.0,1153000.0,-69025000.0,177486098.39999998,155063098.39999998,4.61582291450044,19.036963434022258,0.06212940518366586,0.06873504414555656,-0.05611171563293435,4.61582291450044,-0.06347470913441704,1267.7578457142856,-14.420384985375364,3.6613189702120637,0.0,0.12315698178664354,0.0,0.002610479209397725,18.573529411764707,-0.05737460376654857,-51.415439860950165,-0.014285714285714285,0.03333333333333337,0.6571174777223978,0.16007442945719377,2.205389303962506,-1.0076335877862594,-0.012837393021724819,-0.010120796604635978,-0.009866895843260679,-0.7279337383057581,4.695588062560749,Biotechnology,Healthcare,CLGN
2021Q2,2021,Q2,2021-06-30,2021-06-30,-3038000.0,691000.0,-3063000.0,-0.3,262000.0,0.3791606367583213,55020000.0,49438000.0,49767000.0,2933000.0,5582000.0,940000.0,-65948000.0,214787307.0,200602307.0,4.881945747380687,16.967950903511763,0.05997818974918211,0.06675027306929893,-0.0546593383061494,4.881945747380687,-0.0614507059347061,310.83546599131694,-17.675058179723504,4.344579210324042,0.0,0.4563829787234043,0.0,0.012559069429298436,16.643368564609613,-0.055216284987277355,-60.88075595238095,0.3791606367583213,0.0,0.6478281048315442,0.0,1.2336766678407316,0.0,0.0,0.0,0.15779838229490342,0.6623009636687623,5.003052003254905,Biotechnology,Healthcare,CLGN
2020Q3,2020,Q3,2020-09-30,2020-09-30,703000.0,4148000.0,734000.0,0.07,2707000.0,0.6526036644165863,12776000.0,6875000.0,7456000.0,2970000.0,5901000.0,967000.0,-70129000.0,83757427.38,82026427.38,0.6845661548302441,2.5104377104377105,0.25868816530995614,0.4807272727272727,0.05445507826990133,0.6845661548302441,0.10225454545454546,20.19224382352941,29.785713862019914,12.182898527999999,0.0,1.4901758014477766,0.0,0.32467125860989354,2.180808080808081,0.055025046963055727,61.72249622697126,0.6526036644165863,1.25,1.108389438805516,0.0,-0.6845417699374249,35.093333333333334,1.356671740233384,1.3836905384213278,1.174175749468419,14.336625882800261,2.174396415533133,Biotechnology,Healthcare,CLGN
2020Q2,2020,Q2,2020-06-30,2020-06-30,-1971000.0,823000.0,-1913000.0,-0.28,75000.0,0.0911300121506683,10948000.0,5777000.0,5485000.0,2176000.0,5171000.0,730000.0,-70832000.0,69511658.76,69246658.76,0.8302525220878502,2.5206801470588234,0.31119839240043845,0.5897524666782067,-0.15207886159472137,0.8302525220878502,-0.3411805435347066,84.46131076549212,-8.816800958904109,12.032483773584906,0.0,1.0246575342465754,0.0,0.07517354767994154,2.1796875,-0.18003288271830473,-36.22285500781658,0.0911300121506683,0.0,0.5541982048022067,0.0,-0.38366501411671106,0.0,0.0,0.0,0.5584371449604738,4.360705003167549,0.35424525063676915,Biotechnology,Healthcare,CLGN
2019Q3,2019,Q3,2019-09-30,2019-09-30,-3211000.0,679000.0,-1653000.0,-0.69,53000.0,0.0780559646539028,12866000.0,-1372000.0,7094000.0,5115000.0,14238000.0,792000.0,-56714000.0,18787372.37,22100372.37,-0.2943019327614466,1.3869012707722386,0.7037152184050988,-6.599125364431487,-0.14668559765728992,-0.2943019327614466,2.3403790087463556,27.66917874815906,-1.4627353137651822,-13.693420094752188,0.0,0.7904040404040404,0.0,0.05277475516866159,1.2299120234604106,-0.2495725167107104,-14.689110531665364,0.0780559646539028,-1.5555555555555551,-0.4937756235604885,0.0,0.0,-0.6535947712418301,-1.5729166666666667,-0.04093198992443325,0.19392621263664866,11.67489101007705,-1.2043735829738023,Biotechnology,Healthcare,CLGN
2019Q2,2019,Q2,2019-06-30,2019-06-30,-1248000.0,606000.0,-1588000.0,-0.27,153000.0,0.2524752475247525,9547000.0,1828000.0,3614000.0,3297000.0,7719000.0,958000.0,-53509000.0,21536208.54,23440208.54,0.3921470199508014,1.0961480133454655,0.38169058342934953,1.9934354485776806,-0.1748898678414097,0.3921470199508014,-0.6827133479212254,35.538297920792076,-4.314144338942309,11.781295700218818,0.0,0.47286012526096033,0.0,0.06347543731014979,0.8022444646648468,-0.13072169267832828,-10.500345460750852,0.2524752475247525,0.0,0.5377237985502867,0.0,-0.9709306972220961,0.0,0.0,0.0,0.685716064905965,0.0,-0.8205777585100485,Biotechnology,Healthcare,CLGN
2018Q3,2018,Q3,2018-09-30,2018-09-30,-1332545.0,225046.296424,-1546259.055138,-0.29,149200.435144,0.6629766297637616,6217976.576362,3722260.206666,4219133.640961,1082602.786367,2495716.369696,816035.033037,-52347207.958833,24021374.310000002,21460054.038394004,0.8104207789959367,3.8972129890036347,0.008413836085984346,0.014055179593922038,-0.40965092402474346,0.8104207789959367,-0.3579935109355373,106.73970063805169,-4.506672253094642,6.453437690084478,0.0,0.09294436906431326,0.0,0.036192850465137906,3.1434415750435325,-0.21430524602902934,-17.963356798358003,0.6629766297637616,0.19444444444444448,0.37079555515253604,0.0,0.0,0.3151856574329453,0.1397385409941898,-0.12813999807021456,0.5507639046432729,0.0,-0.6265460938375085,Biotechnology,Healthcare,CLGN
2018Q2,2018,Q2,2018-06-30,2018-06-30,-1549000.0,178504.064863,-1370626.923771,-0.36,113444.39038,0.6355283307809678,6245728.750362,3536458.020108,4208650.203106,1066103.909594,2709270.730254,641029.145641,-50587723.950161,25961034.54,23458970.672175,0.8132439540309921,3.9476923076933117,0.009191176470587646,0.016232511401406906,-0.38137978245996096,0.8132439540309921,-0.4380088753188975,145.43665747849954,-4.189966839896707,7.3409706526665275,0.0,0.10149253731348407,0.0,0.028580182072853223,3.3464102564117244,-0.24800948967087635,-11.80180467736015,0.6355283307809678,0.0,0.3849393017570549,0.0,-0.93971537834205,0.0,0.0,0.0,0.4394025646118918,0.0,-0.3962912636905839,Biotechnology,Healthcare,CLGN
2017Q3,2017,Q3,2017-09-30,2017-09-30,-1111928.0,74510.581636,-1060713.375074,-0.4,74510.581636,1.0,4479984.134629,596651.273479,2931127.291271,3198288.806414,3883332.86115,155820.607984,-48551151.655948,24900543.0,22573999.667705,0.21565238401873404,0.9164673576047223,0.0,0.0,-1.7777777777781505,0.21565238401873404,-1.8636145591653313,334.1880099882247,-5.598506153276111,41.733830307288216,0.0,0.0,0.0,0.016631885157818854,0.8677473646914776,-0.24819909325238756,-26.24408678027528,1.0,0.375,0.12840161301739644,0.0,0.0,0.29289575015595887,0.3364004915251304,0.3493719218234036,0.12840161301739644,0.0,0.0,Biotechnology,Healthcare,CLGN
2017Q2,2017,Q2,2017-06-30,2017-06-30,-1675601.0,57630.773113,-1630291.422477,-0.64,57630.773113,1.0,3405089.858131,1601332.675788,1754154.576629,1135125.526132,1803757.182343,157696.145333,-48138038.604016,23507757.0,22206047.000344,0.613073977329781,1.5453397322553164,0.0,0.0,-1.0180841539842742,0.613073977329781,-1.0463790724656594,407.90285693212854,-3.507361985341379,14.680120724091305,0.0,0.0,0.0,0.016924890535673743,1.4064157615554786,-0.492087160636551,-23.757888798622034,1.0,0.0,-0.1076846835982712,0.0,-0.9545536950032438,0.0,0.0,0.0,-0.1076846835982712,0.0,-0.9545536950032438,Biotechnology,Healthcare,CLGN
2016Q3,2016,Q3,2016-09-30,2016-09-30,-1822134.0,24504.189684,-1797062.693437,-0.85,24504.189684,1.0,4941855.819479,3070747.857215,3189007.207428,1231601.881496,1871107.962264,129712.395391,-40363194.707095,19191915.0,17069372.74359,1.4400194412561227,2.589316608995743,0.0,0.0,-0.5852198803020048,1.4400194412561227,-0.593384440770261,783.2095346752621,-2.633164602603321,6.249915620687273,0.0,0.0,0.0,0.004958499514982487,2.4839965397916903,-0.36871452073081734,-23.356653870625294,1.0,0.0,-0.8531499807810324,0.0,0.0,0.0,-0.10046866129558274,-0.08085570459106653,-0.8531499807810324,0.0,0.0,Biotechnology,Healthcare,CLGN
2016Q2,2016,Q2,2016-06-30,2016-06-30,-1655780.0,0.0,-1662629.605232,-0.85,0.0,0.0,5498270.2013,4248250.75079,4295450.655353,1094674.709669,1250019.45051,72096.557519,-37732174.255823,17493633.0,14610289.379508,2.185609859147611,3.923951670219757,0.0,0.0,-0.39136804834856304,2.185609859147611,-0.3897557129112713,0.0,-2.641297907934629,4.117843796472442,0.0,0.0,0.0,0.0,3.8580904998801224,-0.3011456220555532,-11.99189319645137,0.0,0.0,-0.4708871495814713,0.0,-0.8379838389237164,0.0,0.0,0.0,-0.4708871495814713,0.0,-0.8379838389237164,Biotechnology,Healthcare,CLGN
2015Q3,2015,Q3,2015-09-30,2015-09-30,-1147127.0,0.0,-1221902.105306,-0.65,0.0,0.0,4699016.573686,3854552.673372,3440465.040518,844463.900314,844463.900314,0.0,-32634279.431527,15986115.0,13771878.733355,2.1700690918555257,4.074141048822478,0.0,0.0,-0.3170023109937341,2.1700690918555257,-0.29760314547640676,0.0,-3.483946197761887,4.147333388498021,0.0,0.0,0.0,0.0,4.074141048822478,-0.24412065418619525,-23.024693610258286,0.0,-0.015625000000000014,-0.40060972693618585,0.0,0.0,0.0,-0.12180121575315674,-0.2580898462179958,-0.40060972693618585,0.0,0.0,Biotechnology,Healthcare,CLGN
2015Q2,2015,Q2,2015-06-30,2015-06-30,-1022576.0,0.0,-971235.964569,-0.64,0.0,0.0,2843332.31033,2167885.451832,1529742.943922,675446.858497,675446.858497,0.0,-33114886.817013,14483898.0,14127522.395458,1.3470799826461082,2.2647865256579536,0.0,0.0,-0.448010739565711,1.3470799826461082,-0.4716928189798306,0.0,-3.54103215800097,6.681117762822843,0.0,0.0,0.0,0.0,2.2647865256579536,-0.35963998871497327,-9.735920140239843,0.0,0.0,-0.09715217982959805,0.0,-0.9001428701753084,0.0,0.0,0.0,-0.09715217982959805,0.0,-0.9001428701753084,Biotechnology,Healthcare,CLGN
2014Q3,2014,Q3,2014-09-30,2014-09-30,-728151.0,0.0,-825114.29773,-0.46,0.0,0.0,,,,,,,,14212485.0,,,0.0,0.0,0.0,0.0,,0.0,0.0,-4.8796489327076396,0.0,0.0,0.0,0.0,0.0,0.0,0.0,-19.328717377026834,0.0,0.20689655172413784,0.0,0.0,0.0,0.0,0.16760196761865787,0.03593342143698731,0.0,0.0,0.0,Biotechnology,Healthcare,CLGN
2014Q2,2014,Q2,2014-06-30,2014-06-30,-874763.0,0.0,-855868.584263,-0.58,0.0,0.0,22454000.0,20376000.0,17937000.0,2078000.0,2078000.0,0.0,-112911000.0,13593996.0,-3000004.0,13.490073117573376,8.631857555341675,0.0,0.0,-0.04200375855236553,13.490073117573376,-0.042931046329014524,0.0,-3.88505115099747,0.6671572438162544,0.0,0.0,0.0,0.0,8.631857555341675,-0.038958003028413644,-17.451406749787942,0.0,0.0,0.0,0.0,0.0,0.0,0.0,0.0,0.0,0.0,0.0,Biotechnology,Healthcare,CLGN
