Quarters,Year,Quarter,FillingDate,Date,NetIncome,Revenue,OperatingIncome,EPSDiluted,GrossProfit,GrossProfitRatio,TotalAssets,CommonStockEquity,CurrentAssets,CurrentLiability,TotalLiability,Inventory,RetainedEarnings,MarketCap,EnterpriseValue,bookValuePerShare,currentRatio,debtToAssets,debtToEquity,roic,shareholdersEquityPerShare,roe,priceToSalesRatio,peRatio,pbRatio,payoutRatio,inventoryTurnover,dividendYield,assetTurnover,quickRatio,returnOnAssets,priceToFreeCashFlowsRatio,grossProfitMargin,epsdilutedGrowth,fiveYNetIncomeGrowthPerShare,fiveYRevenueGrowthPerShare,fiveYShareholdersEquityGrowthPerShare,grossProfitGrowth,netIncomeGrowth,operatingIncomeGrowth,threeYNetIncomeGrowthPerShare,threeYRevenueGrowthPerShare,threeYShareholdersEquityGrowthPerShare,Industry,Sector,Symbol
2023Q1,2023,Q1,2023-05-11,2023-03-31,7560000.0,98986000.0,55170000.0,0.09,98986000.0,1.0,11522485000.0,1165066000.0,1553352000.0,0.0,1661475000.0,0.0,407528000.0,908918230.5,2539611230.5,13.45906880233931,0.0,0.1441941560349178,1.4260780075978527,0.016836690202787274,13.45906880233931,0.00648890277460676,9.182290733032954,30.056819791666666,0.7801431253680049,1.5833333333333333,0.0,0.013169501500058205,0.008590681610781008,0.0,0.0006561084696573699,64.05794844597928,1.0,-0.7692307692307693,-0.6349711673925569,0.3563371861885707,0.21068912720617766,0.11112857239072357,-0.7454116854689342,-0.09708356518608229,1.4017990743547886,0.2793847033705203,0.1722375379900647,Banks—Regional,Financial Services,BRKL
2022Q4,2022,Q4,2023-02-27,2022-12-31,29695000.0,89086000.0,61102000.0,0.39,89086000.0,1.0,9222553000.0,992125000.0,1039725000.0,0.0,8230428000.0,0.0,412019000.0,1087309418.25,2347678418.25,12.9112914082863,0.0,0.15745488261222246,1.4636623409348621,0.020379940982274154,12.9112914082863,0.029930704296333627,12.205165999708147,9.15397725416737,1.0959399453193903,0.34935174271762925,0.0,0.009540982378959543,0.00965958124610398,0.0,0.003219824272086048,27.664794500419816,1.0,0.0,3.3350402026721073,0.39883657414474544,0.2301041548091915,0.049799670044779636,-0.015058542571892932,0.2423145738451529,0.38813119042167166,0.2886545616974377,0.08798682513652466,Banks—Regional,Financial Services,BRKL
2022Q3,2022,Q3,2022-11-04,2022-09-30,30149000.0,84860000.0,49184000.0,0.39,84860000.0,1.0,8695708000.0,963618000.0,788203000.0,0.0,7732090000.0,0.0,392779000.0,894475792.7,1606219792.7,12.550534952000831,0.0,0.08939835606255409,0.8067325433937514,0.022735453818248246,12.550534952000831,0.031287294342778986,10.540605617487627,7.417126543998143,0.9282472854388357,0.3306245646621779,0.0,0.011143957255580183,0.009758837348264224,0.0,0.003467112741136202,23.542553895351897,1.0,0.1818181818181818,0.9537155338318128,0.34518493879366957,0.19230314414535804,0.07771046849798707,0.1966263147449891,0.19000266144056518,0.3850300521674362,0.23781124791981356,0.07290667335261725,Banks—Regional,Financial Services,BRKL
2022Q2,2022,Q2,2022-08-08,2022-06-30,25195000.0,78741000.0,41331000.0,0.33,78741000.0,1.0,8514230000.0,968496000.0,808147000.0,0.0,7545734000.0,0.0,372677000.0,1026081383.0300001,1472078383.0300002,12.563020802437762,0.0,0.058305448643036425,0.5125741355668996,0.020836009531894698,12.563020802437762,0.026014562786010473,13.031094131773791,10.181398918733876,1.0594585656832862,0.39809486009128797,0.0,0.009775053096062993,0.009248164543358589,0.0,0.0029591636589568287,50.22670630133634,1.0,0.03125000000000003,0.632460467011134,0.2639993175693159,0.1736118142883357,0.044684436071272204,0.01983404169196519,0.03914617589379997,0.2719380045353836,0.15242601340537665,0.08974388592154975,Banks—Regional,Financial Services,BRKL
2022Q1,2022,Q1,2022-05-06,2022-03-31,24705000.0,75373000.0,39774000.0,0.32,75373000.0,1.0,8633736000.0,981935000.0,1023833000.0,0.0,7651801000.0,0.0,357576000.0,1227904531.14,1551340531.14,12.65099305853841,0.0,0.04777398799314688,0.4200563173733496,0.02102670588791937,12.65099305853841,0.025159506484645114,16.29103964470036,12.425668196114147,1.2504947182247297,0.3928354584092289,0.0,0.007903708923518486,0.008730056142555204,0.0,0.00286144955092442,78.47539663449864,1.0,-0.13513513513513511,0.6663143728639642,-0.00948322200816271,0.26508970805666277,-0.08260710808179163,-0.13452443510246978,-0.09571662422699163,0.12853290596967745,0.11096428452087677,0.11902233312384328,Banks—Regional,Financial Services,BRKL
2021Q4,2021,Q4,2022-02-25,2021-12-31,28545000.0,82160000.0,43984000.0,0.37,82160000.0,1.0,8602622000.0,995342000.0,1048603000.0,0.0,7607280000.0,0.0,342639000.0,1256515743.52,1568079743.52,12.824818998969832,0.0,0.0439202140928661,0.3795971635879929,0.023399214801768764,12.824818998969832,0.028678584848223023,15.293521707887049,11.00469209598879,1.262395984013535,0.3399894902785076,0.0,0.00772373927668621,0.009550576556775365,0.0,0.0033181743891571663,24.71072673051584,1.0,0.0,0.948884489386851,0.2995435115763899,0.2973858122972128,0.0770420670398385,-0.010194528243004266,0.0,0.39648369277947126,0.22038293608962048,0.14348898097716387,Banks—Regional,Financial Services,BRKL
2021Q3,2021,Q3,2021-11-05,2021-09-30,28839000.0,76283000.0,0.0,0.37,76283000.0,1.0,8312649000.0,978452000.0,0.0,0.0,7334197000.0,0.0,323862000.0,1190283982.86,1450836982.86,12.54421443538503,0.0,0.034816578926886,0.2957917199821759,0.0,12.54421443538503,0.029474108080927833,15.603528739824075,10.318353469780506,1.2164970615421093,0.3253580221228198,0.0,0.007882992743844743,0.009176737764339622,0.0,0.0034692911970660616,133.70972622556727,1.0,-0.07500000000000007,0.9087819137055807,0.19197622675071252,0.26635771379904466,-0.009517502856549289,-0.08743117524207329,0.0,0.3221213648167867,0.13178234305134737,0.13154247411033454,Banks—Regional,Financial Services,BRKL
2021Q2,2021,Q2,2021-08-06,2021-06-30,31602000.0,77016000.0,0.0,0.4,77016000.0,1.0,8461964000.0,972252000.0,0.0,0.0,7489712000.0,0.0,304466000.0,1168347941.8,1517964941.8,12.44078658418021,0.0,0.04557996228771477,0.39670373524559477,0.0,12.44078658418021,0.03250391873711754,15.170197644645269,9.24267405385735,1.2016925054409762,0.2969115878741852,0.0,0.008030998013780214,0.009101433189741766,0.0,0.003734594002054369,22.641963175132265,1.0,0.1764705882352941,1.243230887674128,0.24349351041068676,0.2662911274756819,0.042122782566336954,0.19460195055568155,0.0,0.5565621065009463,0.1579367890300585,0.13710648230320047,Banks—Regional,Financial Services,BRKL
2021Q1,2021,Q1,2021-05-05,2021-03-31,26454000.0,73903000.0,0.0,0.34,73903000.0,1.0,8559810000.0,945399000.0,0.0,0.0,7614411000.0,0.0,282301000.0,1172156280.0,1610412280.0,12.098203321488837,0.0,0.06649481705785526,0.6020558515505093,0.0,12.098203321488837,0.02798183624057144,15.86074015939813,11.077306645497845,1.239853522163658,0.3399107885385953,0.0,0.007671332017263091,0.008633719673684346,0.0,0.003090489158053742,68.663597914592,1.0,0.0,0.854499269951607,0.19227789565940526,0.2479357615683859,0.020139694108552812,-0.007838577804448112,0.0,0.414939852331029,0.12175294383162258,0.0882746373590414,Banks—Regional,Financial Services,BRKL
2020Q4,2020,Q4,2021-02-26,2020-12-31,26663000.0,72444000.0,0.0,0.34,72444000.0,1.0,8942424000.0,941778000.0,0.0,0.0,8000646000.0,0.0,264892000.0,945541546.04,1355014546.04,11.99207709855651,0.0,0.09442518046560977,0.8965913410591456,0.0,11.99207709855651,0.02831134301289688,13.052033930208161,8.865671023890785,1.0039962135874907,0.3395716911075273,0.0,0.009575465020991243,0.008101159148794555,0.0,0.0029816300367775,22.87674310558405,1.0,0.4166666666666668,0.7879371045896202,0.15309559025203648,0.2608112175087857,0.02322033898305085,0.4274318753680604,0.0,2.8085651879043203,0.11301885719609558,0.14252737369549218,Banks—Regional,Financial Services,BRKL
2020Q3,2020,Q3,2020-11-04,2020-09-30,18679000.0,70800000.0,0.0,0.24,70800000.0,1.0,9000192000.0,935558000.0,0.0,0.0,8064634000.0,0.0,247336000.0,682506661.655,1393710661.655,11.850285666645036,0.0,0.11427945092726911,1.099383469544379,0.0,11.850285666645036,0.01996562479290434,9.639924599646893,9.134678805811339,0.7295182785620988,0.4868033620643503,0.0,0.013322946882233387,0.007866498848024575,0.0,0.002075400169240834,18.401862052225727,1.0,-0.040000000000000036,0.28743167669371206,0.17837633848919118,0.2525839183384083,0.003927796605362789,-0.04557764038628583,0.0,0.17717982165168172,0.09147299676335069,0.12577933238686786,Banks—Regional,Financial Services,BRKL
2020Q2,2020,Q2,2020-08-06,2020-06-30,19571000.0,70523000.0,0.0,0.25,70523000.0,1.0,9069667000.0,926413000.0,0.0,0.0,8143254000.0,0.0,237808000.0,794800762.5600001,1970896762.56,11.749162154704212,0.0,0.15777999346613278,1.5446803963243176,0.0,11.749162154704212,0.0211255671066792,11.270092913801172,10.152786809054213,0.8579335162179287,0.46374738132951815,0.0,0.011419214006245806,0.007775698931394064,0.0,0.002157852101956996,-13.190400334572491,1.0,2.1363636363636362,0.46539468102911635,0.20395754480152567,0.25938278455355573,-0.00727759009009009,2.132843250752489,0.0,0.23978773763715552,0.10683453555812673,0.09758279713065635,Banks—Regional,Financial Services,BRKL
2020Q1,2020,Q1,2020-05-29,2020-03-31,-17276000.0,71040000.0,0.0,-0.22,71040000.0,1.0,8461591000.0,912568000.0,0.0,0.0,7549023000.0,0.0,227359000.0,896550891.3599999,1872375891.36,11.48152005558227,0.0,0.15559638843333365,1.4427341304976724,0.0,11.48152005558227,-0.01893119197692665,12.620367277027025,-12.973936260708497,0.9824483121915297,-0.5309678166242185,0.0,0.010231432580570249,0.008395584234690615,0.0,-0.0020416964138304486,9.807588458660598,1.0,-1.7857142857142856,-2.300774562625965,0.18113494051945733,0.23460358434125952,-0.009025346297097102,-1.7787945724203218,0.0,-2.1379090548253608,-0.08832244377562204,0.14814329499295503,Banks—Regional,Financial Services,BRKL
2019Q4,2019,Q4,2020-02-28,2019-12-31,22183000.0,71687000.0,0.0,0.28,71687000.0,1.0,7856853000.0,945606000.0,0.0,0.0,6911247000.0,0.0,265376000.0,1311577637.04,2161412637.04,11.867139481827955,0.0,0.11806571918807696,0.9809846807232611,0.0,11.867139481827955,0.02345903050530559,18.295892379929416,14.78133747734752,1.3870233871612492,0.4135148537168102,0.0,0.006993867340329046,0.009124136597693759,0.0,0.0028233950667016427,205.28684254812958,1.0,0.0,0.8073642035945363,0.21968444500919568,0.296902769113639,0.007335066394997541,-0.018277571251548948,0.0,0.47514001682913193,0.10440334716898307,0.20050492701007386,Banks—Regional,Financial Services,BRKL
2019Q3,2019,Q3,2019-11-06,2019-09-30,22596000.0,71165000.0,0.0,0.28,71165000.0,1.0,7878436000.0,932311000.0,0.0,0.0,6946125000.0,0.0,252435000.0,1173986936.19,2008077936.19,11.697694928844964,0.0,0.1285307134563256,1.0861407834939198,0.0,11.697694928844964,0.024236547675614683,16.49668989236282,12.988880069370685,1.2592224442165758,0.3888298813949372,0.0,0.007483899291514824,0.009032884191735518,0.0,0.0028680819391056806,21.327767030429648,1.0,0.07692307692307698,0.7134065228965983,0.17954093372555305,0.2946246103409558,0.007831530051549311,0.10380538322505008,0.0,0.4636701596996157,0.08828294113033268,0.1809002694520747,Banks—Regional,Financial Services,BRKL
2019Q2,2019,Q2,2019-08-07,2019-06-30,20471000.0,70612000.0,0.0,0.26,70612000.0,1.0,7636980000.0,918468000.0,0.0,0.0,6718512000.0,0.0,238625000.0,1211779513.6200001,2075675513.6200001,11.528415956024157,0.0,0.1252709840800945,1.0416171276516983,0.0,11.528415956024157,0.022288201657542778,17.161098872996092,14.798733740657514,1.3193486475522285,0.4286551707293244,0.0,0.00724141636442266,0.009246063234419889,0.0,0.002680509835039505,56.97129824259521,1.0,-0.07142857142857148,0.8000393085453379,0.2455450056403094,0.28362117548795274,0.0141176808513694,-0.0888414118484889,0.0,0.42539450094477294,0.11834986594181064,0.17342506763405213,Banks—Regional,Financial Services,BRKL
2019Q1,2019,Q1,2019-05-08,2019-03-31,22467000.0,69629000.0,0.0,0.28,69629000.0,1.0,7519130000.0,900572000.0,0.0,0.0,6618558000.0,0.0,226929000.0,1168591412.61,1948462412.61,11.305398189169395,0.0,0.11865867460730165,0.99071479015559,0.0,11.305398189169395,0.024947477825204425,16.78311353904264,13.003420712711979,1.297610199528744,0.3728134597409534,0.0,0.007167603586348932,0.009260246863666409,0.0,0.002987978662425041,77.81271891130642,1.0,0.07692307692307698,0.8909767993862707,0.18948456090083793,0.2725053454041566,0.0001292731973570813,0.0628725518024411,0.0,0.545048389578666,0.10196363982199143,0.1661575131553287,Banks—Regional,Financial Services,BRKL
2018Q4,2018,Q4,2019-02-28,2018-12-31,21138000.0,69620000.0,0.0,0.26,69620000.0,1.0,7392805000.0,900140000.0,0.0,0.0,6482186000.0,0.0,212838000.0,1109171861.92,1942629861.92,11.215516032354273,0.0,0.12451863670149557,1.0226653631657299,0.0,11.215516032354273,0.023483013753416136,15.931799223211723,13.118221472230108,1.2322215010109538,0.39980130570536476,0.0,0.007619197971152225,0.009417264488918617,0.0,0.0028592665436191,32.67844740793118,1.0,-0.07142857142857148,1.4039572340020765,0.27098365491663534,0.2764008226010519,0.00315557412717396,-0.05886019590382903,0.0,0.3869807920174533,0.08432691234483443,0.179165903248238,Banks—Regional,Financial Services,BRKL
2018Q3,2018,Q3,2018-11-07,2018-09-30,22460000.0,69401000.0,0.0,0.28,69401000.0,1.0,7320596000.0,890368000.0,0.0,0.0,6420771000.0,0.0,200151000.0,1330017228.0,2359027228.0,11.085942173976111,0.0,0.14792320188137686,1.2162229550028751,0.0,11.085942173976111,0.025225524726854513,19.164237230011096,14.804287934105076,1.4937837253809658,0.3581032947462155,0.0,0.006047290088185235,0.009480239040646416,0.0,0.0030680562074454046,41.385855182499924,1.0,0.07692307692307698,1.071071780135112,0.2875619733890695,0.2591542879220503,0.016968773354043638,0.07820075848495031,0.0,0.5216868353369887,0.1354328291713027,0.17179224850562874,Banks—Regional,Financial Services,BRKL
2018Q2,2018,Q2,2018-08-07,2018-06-30,20831000.0,68243000.0,0.0,0.26,68243000.0,1.0,7285710000.0,877283000.0,0.0,0.0,6399342000.0,0.0,185734000.0,1491440572.2,2546885572.2,10.940740183787794,0.0,0.15247971714493166,1.2663222700086516,0.0,10.940740183787794,0.02374490329802356,21.854850639626044,17.899291587057753,1.7000677913512516,0.38553117949210314,0.0,0.005384726786769385,0.009366691784328501,0.0,0.0028591585446030654,57.23102732924022,1.0,0.08333333333333341,0.9100682872958562,0.22436922518601252,0.24882525458536237,0.039354848535615834,0.11796275425320668,0.0,0.533756608043551,0.14562699471947607,0.17272871514662758,Banks—Regional,Financial Services,BRKL
2018Q1,2018,Q1,2018-05-08,2018-03-31,18633000.0,65659000.0,0.0,0.24,65659000.0,1.0,7248114000.0,865777000.0,0.0,0.0,6373368000.0,0.0,172934000.0,1261649406.6,2276622406.6,11.116866006220654,0.0,0.15168483829034698,1.2698754991181331,0.0,11.116866006220654,0.021521708245887797,19.215178522365555,16.927620439542746,1.4572452335878638,0.3711694305801535,0.0,0.0054817130367760605,0.009058770322872957,0.0,0.002570737711906849,45.8148524438957,1.0,1.6666666666666667,0.893909158217725,0.25150762284653216,0.26301997421811013,0.03445613813965213,1.7293100922806504,0.0,0.43180474669361946,0.11412264656950295,0.195392469941166,Banks—Regional,Financial Services,BRKL
2017Q4,2017,Q4,2018-02-28,2017-12-31,6827000.0,63472000.0,0.0,0.09,63472000.0,1.0,6780249000.0,803830000.0,0.0,0.0,5967666000.0,0.0,161217000.0,1202364278.3999999,2164622278.3999996,10.49609608894382,0.0,0.15055774500317023,1.2699438936093452,0.0,10.49609608894382,0.008493089334809599,18.943223443408115,44.029745071041454,1.4957942331089906,1.0103998828182217,0.0,0.00573703005313768,0.009361308117150269,0.0,0.0010068951744987536,46.77732175536881,1.0,-0.55,-0.4759234126880181,0.1420577616566511,0.19592335047670534,0.010443199184921039,-0.555707405961213,0.0,-0.42126058671503286,0.12361368936430855,0.14706801108039969,Banks—Regional,Financial Services,BRKL
2017Q3,2017,Q3,2017-11-03,2017-09-30,15366000.0,62816000.0,0.0,0.2,62816000.0,1.0,6686284000.0,804762000.0,0.0,0.0,5873748000.0,0.0,160225000.0,1185014354.5,2107546354.5,10.526295274510112,0.0,0.14745036256312175,1.2250764822394695,0.0,10.526295274510112,0.019093843894219656,18.86484899547886,19.279811832942862,1.4725028697925597,0.4490433424443577,0.0,0.005822714276664908,0.009394754993954788,0.0,0.0022981375005907616,53.81780982333439,1.0,0.0,0.22902352072235282,0.13949478835908152,0.2110564363760594,0.04588744588744589,0.032661290322580645,0.0,0.21466993771458276,0.08538907405301967,0.16498173366554822,Banks—Regional,Financial Services,BRKL
2017Q2,2017,Q2,2017-08-04,2017-06-30,14880000.0,60060000.0,0.0,0.2,60060000.0,1.0,6658067000.0,795618000.0,0.0,0.0,5855008000.0,0.0,151759000.0,1085145189.8,2038193189.8,10.704579358768495,0.0,0.16020310399399706,1.3406471447352875,0.0,10.704579358768495,0.018702442629503102,18.067685477855477,18.23160601142473,1.3639022618894996,0.46283602150537634,0.0,0.00634661616227532,0.00902063616962701,0.0,0.0022348828871803185,115.93431514957264,1.0,0.05263157894736847,0.8527813587623877,0.1797962985564291,0.245472682799916,-0.12964090079123555,0.10673112681294161,0.0,0.402507719153724,0.13560066482260896,0.19189182555703566,Banks—Regional,Financial Services,BRKL
2017Q1,2017,Q1,2017-05-05,2017-03-31,13445000.0,69006000.0,0.0,0.19,69006000.0,1.0,6497721000.0,703873000.0,0.0,0.0,5786472000.0,0.0,143766000.0,1101552887.9,2095594887.9,10.000075866534342,0.0,0.1626393315440906,1.5013859034229187,0.0,10.000075866534342,0.01910145722310701,15.96314650755007,20.4825750818148,1.564988126977452,0.4722945332837486,0.0,0.005764589308195304,0.010620031238645057,0.0,0.002069187027266945,67.55092217452628,1.0,0.0,1.0959298083476958,0.44189032961570535,0.16588340222216058,0.20391500052339578,0.012500941335943972,0.0,0.2806884326783919,0.33412668367816256,0.12558176029596063,Banks—Regional,Financial Services,BRKL
2016Q4,2016,Q4,2017-03-01,2016-12-31,13279000.0,57318000.0,0.0,0.19,57318000.0,1.0,6438129000.0,695544000.0,0.0,0.0,5735380000.0,0.0,136671000.0,1153948312.8,2139885312.8,9.885123513306809,0.0,0.16217227085695238,1.5011070471458312,0.0,9.885123513306809,0.019091531233106748,20.132389699570815,21.725060486482413,1.6590586832752492,0.47804804578658033,0.0,0.005501112943782451,0.00890289709945234,0.0,0.002062555751834112,41.468656800948715,1.0,0.0,0.8630092502965039,0.8500191100724432,0.36743571972005723,-0.0062587770245670004,-0.02482191378424029,0.0,0.7225685225086554,0.19356277853871942,0.1249932457409425,Banks—Regional,Financial Services,BRKL
2016Q3,2016,Q3,2016-11-04,2016-09-30,13617000.0,57679000.0,0.0,0.19,57679000.0,1.0,6380312000.0,696371000.0,0.0,0.0,5677395000.0,0.0,129740000.0,856953611.18,1815059611.1799998,9.905743297249455,0.0,0.16028260060009605,1.4685462203337014,0.0,9.905743297249455,0.01955423186778312,14.857289675271762,15.733157288316074,1.2305992225121378,0.4660351031798487,0.0,0.007405301660683528,0.009040153522272892,0.0,0.0021342216493488095,40.05204763413722,1.0,0.05555555555555561,0.8101468173068533,0.6661986676347494,0.15738600869067612,0.03679536957146966,0.07610241820768136,0.0,0.4345317445249641,0.222541082919485,0.12510591811189412,Banks—Regional,Financial Services,BRKL
2016Q2,2016,Q2,2016-08-05,2016-06-30,12654000.0,55632000.0,0.0,0.18,55632000.0,1.0,6296502000.0,689656000.0,0.0,0.0,5600553000.0,0.0,122469000.0,774272358.5,1732769358.5,9.824586395847684,0.0,0.16333497551497642,1.4912347605182874,0.0,9.824586395847684,0.01834827798206642,13.917751626761577,15.296988274458668,1.1226935725927127,0.5007112375533428,0.0,0.008183166983094618,0.00883538193111032,0.0,0.002009687283510749,32.146157871792745,1.0,0.0,0.5096072030981494,0.5849521935254093,0.1495404485090092,-0.0007184940364994971,-0.012332188573212614,0.0,0.3253829256588758,0.1401283218043304,0.12142244499792647,Banks—Regional,Financial Services,BRKL
2016Q1,2016,Q1,2016-05-09,2016-03-31,12812000.0,55672000.0,0.0,0.18,55672000.0,1.0,6181030000.0,680417000.0,0.0,0.0,5494236000.0,0.0,116151000.0,772740769.56,1727127769.56,9.694572183975245,0.0,0.16636531451877762,1.5112923398445366,0.0,9.694572183975245,0.018829629477217648,13.880240867222302,15.078457101935685,1.1356870412702798,0.49453637215110835,0.0,0.008199386197272509,0.009006913087300984,0.0,0.002072793692960558,-1633.7014155602535,1.0,-0.05263157894736847,0.47230575562350124,0.7177066067509432,0.14194906814595165,-0.008353965907269197,-0.038571214167792287,0.0,0.4450086813606023,0.17747914749302435,0.10142897314840463,Banks—Regional,Financial Services,BRKL
2015Q4,2015,Q4,2016-02-29,2015-12-31,13326000.0,56141000.0,0.0,0.19,56141000.0,1.0,6042338000.0,667485000.0,0.0,0.0,5368852000.0,0.0,109675000.0,807039893.0,1717167893.0,9.51139784610375,0.0,0.16269017059290625,1.472735716907496,0.0,9.51139784610375,0.019964493584125487,14.375231880443883,15.140325172594926,1.20907569907938,0.4753864625544049,0.0,0.00784967391940314,0.009291271027870338,0.0,0.002205437696467824,25.760977176966293,1.0,0.05555555555555561,0.7395669893378422,0.8433161949685732,0.12520952101480043,0.05190084502819883,0.03398510242085661,0.0,0.11635909401312211,0.10236465690860946,0.08372700511109024,Banks—Regional,Financial Services,BRKL
2015Q3,2015,Q3,2015-11-09,2015-09-30,12888000.0,53371000.0,0.0,0.18,53371000.0,1.0,5839529000.0,663468000.0,0.0,0.0,5170789000.0,0.0,102684000.0,711108627.84,1624284627.8400002,9.460672050112866,0.0,0.16443449463133072,1.447274020751566,0.0,9.460672050112866,0.01942520211977066,13.323876784021286,13.794006592178771,1.071805464378086,0.49130974549968964,0.0,0.008904406095076523,0.009139606978576525,0.0,0.002207027313332976,39.427180518962075,1.0,0.058823529411764594,0.5297982168534299,0.8095163940060107,0.11914728101178602,0.025596187474778532,0.08621997471554994,0.0,0.12377356804298949,0.055458897826396764,0.08845586029463691,Banks—Regional,Financial Services,BRKL
2015Q2,2015,Q2,2015-08-07,2015-06-30,11865000.0,52039000.0,0.0,0.17,52039000.0,1.0,5782934000.0,653516000.0,0.0,0.0,5124342000.0,0.0,96128000.0,790862569.41,1636634569.4099998,9.329301860251508,0.0,0.16214053281604113,1.4347743590057473,0.0,9.329301860251508,0.018155638117505923,15.19749744249505,16.663770952591655,1.210165580353044,0.5331647703329119,0.0,0.007998861299908693,0.008998719335202512,0.0,0.0020517266840672918,-2.9564845343008064,1.0,0.0,0.4007157419315799,0.7559398033292523,0.10974597271778272,-0.018095022453677497,0.01384260446039477,0.0,0.5675337428570036,0.08462237211294017,0.08545980436119094,Banks—Regional,Financial Services,BRKL
2015Q1,2015,Q1,2015-05-11,2015-03-31,11703000.0,52998000.0,0.0,0.17,52998000.0,1.0,5755146000.0,651319000.0,0.0,0.0,5099180000.0,0.0,90589000.0,703862704.5,1431666704.5,9.299762451044883,0.0,0.16071269086831158,1.420079868697213,0.0,9.299762451044883,0.01796815385394868,13.280929553945432,15.035946007433992,1.0806727648049574,0.5104674015209776,0.0,0.008487450694299431,0.009208802000852803,0.0,0.0020334844676399176,2.532189924307289,1.0,0.13333333333333347,0.5401388084239989,0.8523440915838425,0.11182158675537732,0.02607887552999942,0.0850176154274059,0.0,0.833505647882985,0.11294569904898524,0.08423564290814693,Banks—Regional,Financial Services,BRKL
2014Q4,2014,Q4,2015-03-02,2014-12-31,10786000.0,51651000.0,0.0,0.15,51651000.0,1.0,5799880000.0,640750000.0,0.0,0.0,5154343000.0,0.0,83792000.0,702345684.8499999,1766348684.85,9.150369452860746,0.0,0.19421160437802162,1.7579461568474444,0.0,9.150369452860746,0.016833398361295358,13.597910686143539,16.279104506999815,1.096130604525946,0.5538661227517152,0.0,0.008505783019476895,0.008905529079911998,0.0,0.0018596936488341138,26.018585050381564,1.0,-0.11764705882352951,0.5454627935656876,0.8424575641803314,0.09948795051977188,-0.02512173945868408,-0.06864692168206545,0.0,0.5205565604151711,0.6751605760416051,0.26579521455987526,Banks—Regional,Financial Services,BRKL
2014Q3,2014,Q3,2014-11-07,2014-09-30,11581000.0,52982000.0,0.0,0.17,52982000.0,1.0,5717965000.0,632400000.0,0.0,0.0,5081256000.0,0.0,78980000.0,598413721.95,1643140721.95,9.035588258873148,0.0,0.1981238080331027,1.79137413029728,0.0,9.035588258873148,0.018312776723592664,11.294660865010758,12.918006259174511,0.9462582573529412,0.5158449184008289,0.0,0.00998305984784746,0.009265883928985225,0.0,0.0020253709143025532,16.52528780376671,1.0,0.21428571428571425,0.8472974691826126,0.945597985589144,0.08466401486848889,0.0653931228634627,0.1608861267040898,0.0,0.546310140507831,0.5372892408182344,0.0557171852023791,Banks—Regional,Financial Services,BRKL
2014Q2,2014,Q2,2014-08-08,2014-06-30,9976000.0,49730000.0,0.0,0.14,49730000.0,1.0,5587486000.0,627663000.0,0.0,0.0,4955921000.0,0.0,73373000.0,654837217.12,1616108217.12,8.981166855277042,0.0,0.18630990753265422,1.6585396940715003,0.0,8.981166855277042,0.015893879358827905,13.167850736376433,16.410315184442663,1.0432942791274935,0.5978348035284683,0.0,0.009107606965636297,0.00890024601403923,0.0,0.0017854183437775056,-12593.023406153847,1.0,-0.06666666666666654,0.7848326644711152,0.8525701255479745,0.08171403838396794,-0.03151047752590169,-0.04279408942621378,0.0,0.19541045335373228,0.42309676898595727,0.050854881719285455,Banks—Regional,Financial Services,BRKL
2014Q1,2014,Q1,2014-05-09,2014-03-31,10422000.0,51348000.0,0.0,0.15,51348000.0,1.0,5418785000.0,620799000.0,0.0,0.0,4794065000.0,0.0,69361000.0,658226955.66,1477306955.6599998,8.884362042171793,0.0,0.16461549960000257,1.436883757866878,0.0,8.884362042171793,0.01678804250651177,12.8189404779154,15.789362782095566,1.0602899741462213,0.5722510074841681,0.0,0.009060704592415142,0.009475924953656586,0.0,0.0019233093765484328,25.510695126734362,1.0,0.3636363636363636,1.5083452312991221,1.1149914078394139,0.0624973425596251,0.07690694406577044,0.361640972040763,0.0,0.20296750199779706,0.5913197083348692,0.04651229188838738,Banks—Regional,Financial Services,BRKL
2013Q4,2013,Q4,2014-03-03,2013-12-31,7654000.0,47681000.0,0.0,0.11,47681000.0,1.0,5325106000.0,613867000.0,0.0,0.0,4706935000.0,0.0,64903000.0,667183771.25,1442590771.25,8.786829210513414,0.0,0.15258945080154274,1.3236662013107074,0.0,8.786829210513414,0.01246849887679253,13.992654752417105,21.791996709237,1.0868539459687523,0.7788084661614841,0.0,0.00893456983947884,0.008954000164503768,0.0,0.001437342280134893,22.65787445663248,1.0,-0.15384615384615388,0.3415577087054879,0.8698289127645625,0.030491853542864874,0.01741171449909314,-0.18824901898398558,0.0,0.003655957981627308,0.572606658184445,0.03949220158536186,Banks—Regional,Financial Services,BRKL
2013Q3,2013,Q3,2013-11-08,2013-09-30,9429000.0,46865000.0,0.0,0.13,46865000.0,1.0,5236229000.0,614811000.0,0.0,0.0,4617608000.0,0.0,63210000.0,656410958.2,1389797958.2,8.804276235496886,0.0,0.1582822294441286,1.3480598102506298,0.0,8.804276235496886,0.015336420460922137,14.006421811586472,17.404044919927884,1.06766300245116,0.6326227595715346,0.0,0.009087294971974769,0.008950143318789152,0.0,0.0018007233831828211,32.733803331172396,1.0,-0.07142857142857148,3.4473075699180353,1.0697824057514536,0.03526229873789445,-0.03373126327292221,-0.00642781875658588,0.0,0.12399474978892276,0.5957168362701044,0.0414991406572933,Banks—Regional,Financial Services,BRKL
2013Q2,2013,Q2,2013-08-09,2013-06-30,9490000.0,48501000.0,0.0,0.14,48501000.0,1.0,5150480000.0,611284000.0,0.0,0.0,4535609000.0,0.0,59747000.0,614715133.4300001,1344986133.43,8.76082553873429,0.0,0.1611628430748202,1.357905654327612,0.0,8.76082553873429,0.015524698830658091,12.674277508298799,16.19376010089568,1.0056129940093312,0.6275026343519494,0.0,0.009687414016915722,0.009416792221307528,0.0,0.0018425467140926672,59.129966663139676,1.0,0.07692307692307698,1.1312644115196389,1.0876683550837665,-0.0029066047060011574,0.03202400204272704,0.07681833654828095,0.0,0.12475404123885145,0.6430109467107674,0.04212415944180568,Banks—Regional,Financial Services,BRKL
2013Q1,2013,Q1,2013-05-10,2013-03-31,8813000.0,46996000.0,0.0,0.13,46996000.0,1.0,5110378000.0,614039000.0,0.0,0.0,4493128000.0,0.0,56211000.0,631353195.2,1359704195.2,8.801813299194023,0.0,0.1605452669058923,1.336148029685411,0.0,8.801813299194023,0.014352508554016928,13.434190041705678,17.909712787926928,1.0281972239548303,0.6762736865993418,0.0,0.00944004092370514,0.009196188618532719,0.0,0.0017245299662764673,64.94067015017487,1.0,-0.23529411764705885,1.695773158462471,1.2908828765781666,-0.0038643628729041657,-0.07144550699438869,-0.2571019135126022,0.0,0.16435260207714142,0.6490019429357011,0.05228989236547245,Banks—Regional,Financial Services,BRKL
2012Q4,2012,Q4,2013-03-01,2012-12-31,11863000.0,50612000.0,0.0,0.17,50612000.0,1.0,5147534000.0,612097000.0,0.0,0.0,4531725000.0,0.0,53358000.0,592808912.5,1368336912.5,8.77656254872855,0.0,0.16589866137843867,1.3951530558065144,0.0,8.77656254872855,0.01938091511639495,11.712813413814905,12.492811946809407,0.9684885116247914,0.4250189665346034,0.0,0.008505270237481459,0.009832280855260014,0.0,0.0023045986680223967,31.19554346682103,1.0,0.06250000000000006,1.6435977282659002,1.1976116315896952,-0.027292026909130473,0.006823290696055223,0.04052276116130164,0.0,0.7066593930278084,0.8127021335443003,0.05457214804515648,Banks—Regional,Financial Services,BRKL
2012Q3,2012,Q3,2012-11-09,2012-09-30,11401000.0,50269000.0,0.0,0.16,50269000.0,1.0,5061444000.0,605962000.0,0.0,0.0,4451227000.0,0.0,47451000.0,607925987.76,1359909987.76,8.691828851518087,0.0,0.1636402576023759,1.3668447856466248,0.0,8.691828851518087,0.018814711153504676,12.093456956772563,13.330540912200686,1.0032411071321305,0.6025787211648101,0.0,0.011300717749069433,0.009931750701973587,0.0,0.002252519241544508,98.59325133960428,1.0,0.4545454545454546,1.2531327419529625,1.2305803427932878,-0.04261509291283021,0.05332746626435336,0.5142781245849383,0.0,0.8257231566353865,0.8532167216832987,0.04339791815758666,Banks—Regional,Financial Services,BRKL
2012Q2,2012,Q2,2012-08-09,2012-06-30,7529000.0,47724000.0,0.0,0.11,47724000.0,1.0,4972381000.0,598865000.0,0.0,0.0,4369577000.0,0.0,42006000.0,616647255.6,2025731255.6,8.594792568797091,0.0,0.30719588864972336,2.5506499795446387,0.0,8.594792568797091,0.012572115585315555,12.921114231833041,20.4757356753885,1.0296932624214137,0.7864258201620401,0.0,0.0096019238652718,0.00959781641833158,0.0,0.00151416393876495,121.86704656126483,1.0,0.22222222222222227,0.3306386490860002,1.1169162623560258,-0.061213201781293296,0.00753689277344987,0.18585604032131045,0.0,0.35107230946588935,0.7831721194386857,0.035178159862751066,Banks—Regional,Financial Services,BRKL
2012Q1,2012,Q1,2012-05-10,2012-03-31,6349000.0,47367000.0,0.0,0.09,47367000.0,1.0,4877124000.0,597531000.0,0.0,0.0,4275908000.0,0.0,40398000.0,652757480.03,1370011480.03,8.577252105548729,0.0,0.16528962560722263,1.3491149413168522,0.0,8.577252105548729,0.010625390147122073,13.780849114995672,25.703161128917937,1.092424460036383,0.9362104268388722,0.0,0.009105985273009543,0.009712076215408916,0.0,0.0013017917936882473,169.72373375715028,1.0,-0.10000000000000009,0.11655278238881034,1.145708777338495,-0.08523101718080281,0.5441564792176039,-0.10032591752869491,0.0,0.5326890767497885,0.9569216985459914,0.025769495361730493,Banks—Regional,Financial Services,BRKL
2011Q4,2011,Q4,2012-02-29,2011-12-31,7057000.0,30675000.0,0.0,0.1,30675000.0,1.0,3299013000.0,503602000.0,0.0,0.0,2792011000.0,0.0,39993000.0,587969384.36,988592384.36,7.22894931787397,0.0,0.15365777582567877,1.006586550490268,0.0,7.22894931787397,0.01401304998788726,19.16770609160554,20.829296597704406,1.1675278977446475,0.624202919087431,0.0,0.007491886681812197,0.00929823556318208,0.0,0.0021391246412184495,130.6889051700378,1.0,-0.09090909090909087,0.1404306108651765,0.43381779665078335,-0.24926374208933155,0.06230087269704945,0.1246215139442231,0.0,0.2404259827357907,0.20634331848816023,-0.1522114288018454,Banks—Regional,Financial Services,BRKL
2011Q3,2011,Q3,2011-11-09,2011-09-30,6275000.0,28876000.0,0.0,0.11,28876000.0,1.0,3157498000.0,501890000.0,0.0,0.0,2652511000.0,0.0,37926000.0,452120375.25,874122375.25,8.558720446651668,0.0,0.14090935291170414,0.8864910637789157,0.0,8.558720446651668,0.012502739644145132,15.65730624913423,18.012763954183267,0.9008355919623823,0.7953784860557769,0.0,0.011039095500264119,0.009145215610587877,0.0,0.0019873330086036477,33.639908872767855,1.0,-0.0833333333333333,0.2648012482088217,0.5641432662558497,-0.11025597218271856,-0.01500886887706372,-0.10369947150407084,0.0,2.524467643019977,0.5186628538883044,0.006388301190729764,Banks—Regional,Financial Services,BRKL
2011Q2,2011,Q2,2011-08-08,2011-06-30,7001000.0,29316000.0,0.0,0.12,29316000.0,1.0,3114582000.0,501077000.0,0.0,0.0,2610866000.0,0.0,36633000.0,543493286.55,946225286.55,8.546533885423942,0.0,0.13682221241887355,0.8504561175228558,0.0,8.546533885423942,0.013971904517668941,18.53913516680311,19.40770199078703,1.0846502364905992,0.7944579345807742,0.0,0.010233797063633665,0.009412499012708608,0.0,0.0022478136713048494,-45.83733546006578,1.0,0.0,0.4623823686136096,0.6183988444667634,-0.1275066043884128,0.08313012635779206,-0.036603825512591164,0.0,0.8711764592109502,0.5017549601110433,-0.027295720918586792,Banks—Regional,Financial Services,BRKL
2011Q1,2011,Q1,2011-05-09,2011-03-31,7267000.0,27066000.0,0.0,0.12,27066000.0,1.0,3057772000.0,497582000.0,0.0,0.0,2557402000.0,0.0,34618000.0,617178968.64,1002131968.64,8.489496120623997,0.0,0.13349392956701808,0.8203552379306326,0.0,8.489496120623997,0.014604627980915708,22.802740288184438,21.232247441860466,1.2403563003484854,0.6888674831429751,0.0,0.008111099461200201,0.00885154288808976,0.0,0.002376566990606232,33.53504502499457,1.0,0.09090909090909087,0.3854981598877152,0.562156942575401,-0.13300108722415277,0.0640405708220309,0.1358236949046577,0.0,1.6457925618225313,0.5703885668938007,-0.03921051952099831,Banks—Regional,Financial Services,BRKL
2010Q4,2010,Q4,2011-02-25,2010-12-31,6398000.0,25437000.0,0.0,0.11,25437000.0,1.0,2720542000.0,495443000.0,0.0,0.0,2222594000.0,0.0,32357000.0,635934644.8,993052644.8,8.453001568566217,0.0,0.13804932987617907,0.7580468388896402,0.0,8.453001568566217,0.012913695420058413,25.000379164209615,24.84896236323851,1.2835677258534282,0.7780556423882463,0.0,0.007827848412890873,0.009349975115252769,0.0,0.002351737264118694,84.93851272872979,1.0,-0.0833333333333333,0.18919032027332575,0.4471934047965454,-0.1537943919072214,0.03234577922077922,-0.09093492469451549,0.0,0.6965166521039985,0.3142451625436114,-0.06315234732929241,Banks—Regional,Financial Services,BRKL
2010Q3,2010,Q3,2010-11-04,2010-09-30,7038000.0,24640000.0,0.0,0.12,24640000.0,1.0,2660396000.0,495257000.0,0.0,0.0,2162842000.0,0.0,30937000.0,584691014.52,940055014.52,8.453464714277613,0.0,0.1406685320531229,0.755635962742576,0.0,8.453464714277613,0.014210803683743995,23.729343121753246,20.769075537084397,1.1805810206014253,0.7071611253196931,0.0,0.008512188277916072,0.009261779073491315,0.0,0.0026454708246441507,50.183762296798555,1.0,0.0,0.3078845306977468,0.41411246698452236,-0.15524932675728936,-0.005689843024898107,-0.0063532401524777635,0.0,0.6551274493618772,0.30105804949673726,-0.06887035302935066,Banks—Regional,Financial Services,BRKL
2010Q2,2010,Q2,2010-08-03,2010-06-30,7083000.0,24781000.0,0.0,0.12,24781000.0,1.0,2659418000.0,492416000.0,0.0,0.0,2164940000.0,0.0,28876000.0,520139162.40000004,938801162.4000001,8.406700352697765,0.0,0.16516922123562375,0.8920384390434104,0.0,8.406700352697765,0.014384179230569274,20.989433937290666,18.35871673019907,1.0563002875617364,0.7686008753353099,0.0,0.010466429743302866,0.00931820420859,0.0,0.0026633646910715052,75.91056077057794,1.0,0.09090909090909087,0.3353947332015738,0.35882212487432513,-0.1761343433994956,0.035951674261109484,0.11490634345978278,0.0,0.4891108306640635,0.3075930813161958,-0.08175802446413566,Banks—Regional,Financial Services,BRKL
2010Q1,2010,Q1,2010-04-30,2010-03-31,6353000.0,23921000.0,0.0,0.11,23921000.0,1.0,2639062000.0,489779000.0,0.0,0.0,2147015000.0,0.0,26756000.0,623024370.08,1070751370.08,8.364437749571248,0.0,0.17639183922166285,0.9504470383581166,0.0,8.364437749571248,0.012971156378693248,26.045080476568707,24.51693570281757,1.2720520277104572,0.789705650873603,0.0,0.008052654504278521,0.009064205388126538,0.0,0.0024072947130457717,49.450303205016276,1.0,0.09999999999999995,0.1756695520601171,0.31145629109484413,-0.18112273551318936,0.020433410118590564,0.08858807402330364,0.0,0.32923462578299717,0.289208288028512,-0.10792779343865629,Banks—Regional,Financial Services,BRKL
2009Q4,2009,Q4,2010-03-01,2009-12-31,5836000.0,23442000.0,0.0,0.1,23442000.0,1.0,2615884000.0,487317000.0,0.0,0.0,2126461000.0,0.0,25420000.0,580279277.02,1031410277.02,8.32239175384778,0.0,0.1791998421948374,0.961932376666523,0.0,8.32239175384778,0.011975777573940577,24.753829750874498,24.857748330191914,1.1907634599654846,0.863776559287183,0.0,0.008687196320171633,0.008961406545550185,0.0,0.0022309857776568074,167.42044922677437,1.0,0.11111111111111122,0.4951280543179719,0.7303665072770948,-0.14722466255637018,0.029512516469038207,0.11331552842426555,0.0,0.12205175968580852,0.3036257077892442,-0.13570825199978054,Banks—Regional,Financial Services,BRKL
2009Q3,2009,Q3,2009-11-02,2009-09-30,5242000.0,22770000.0,0.0,0.09,22770000.0,1.0,2638914000.0,487511000.0,0.0,0.0,2149480000.0,0.0,24519000.0,568839156.84,1147811156.8400002,8.330310709135746,0.0,0.22547911754608146,1.2205263060730938,0.0,8.330310709135746,0.010752577890550162,24.98195682213439,27.1289182010683,1.1668232241734031,0.9578405188859214,0.0,0.008826748193448081,0.008628549471487135,0.0,0.0019864232028781537,38.44546883211679,1.0,0.12499999999999993,0.14278836989961222,0.5770477379227709,-0.18306347274194706,0.013486446788623313,0.12056434373663959,0.0,0.05872228401722947,0.2358876973165104,-0.13400090007431825,Banks—Regional,Financial Services,BRKL
2009Q2,2009,Q2,2009-08-03,2009-06-30,4678000.0,22467000.0,0.0,0.08,22467000.0,1.0,2641113000.0,485641000.0,0.0,0.0,2153738000.0,0.0,24299000.0,545143650.5600001,1155548650.56,8.302718219959964,0.0,0.23806932910481302,1.2947177029945989,0.0,8.302718219959964,0.009632629864447195,24.264194176347534,29.133371663103894,1.122523943736217,1.1203505771697306,0.0,0.00961397971821954,0.008506640950235752,0.0,0.001771222965469482,123.75565279455166,1.0,0.3333333333333334,-0.009417505808398527,0.5577358252586812,-0.20282595137494858,0.11642814549791294,0.35830429732868757,0.0,-0.020554024453091225,0.24321240784880363,-0.15239711096286998,Banks—Regional,Financial Services,BRKL
2009Q1,2009,Q1,2009-05-06,2009-03-31,3444000.0,20124000.0,0.0,0.06,20124000.0,1.0,2623913000.0,484309000.0,0.0,0.0,2137734000.0,0.0,24634000.0,550234414.0,1182313414.0,8.361773424081031,0.0,0.2472547679743955,1.339588981414758,0.0,8.361773424081031,0.007111162501626028,27.34219906579209,39.9415225029036,1.1361226283220012,4.907665505226481,0.0,0.030717816933929543,0.00766946160181378,0.0,0.0013125435180206051,48.23655772771105,1.0,-0.2592592592592593,-0.27045042678877584,0.41086003389338055,-0.19943577843990956,-0.04810557684120902,-0.2718816067653277,0.0,-0.3355343436678981,0.17536701143001798,-0.146044904839021,Banks—Regional,Financial Services,BRKL
2008Q4,2008,Q4,2009-02-27,2008-12-31,4730000.0,21141000.0,0.0,0.081,21141000.0,1.0,2613005000.0,493869000.0,0.0,0.0,2117338000.0,0.0,38092000.0,616841737.8000001,1331989737.8000002,8.526830348346769,0.0,0.28221071142228965,1.4931449432946793,0.0,8.526830348346769,0.009577438551518722,29.17750994749539,32.60262884778013,1.2489986976303433,1.1350951374207188,0.0,0.0087040154240354,0.008090684862830343,0.0,0.0018101764060918367,82.3333873198078,1.0,1.7000000000000002,0.35537769999017615,0.40575194664284403,-0.19780380813576573,0.13053475935828876,1.701313535122787,0.0,-0.11033424624864925,0.21715199103364555,-0.14640360568978236,Banks—Regional,Financial Services,BRKL
2008Q3,2008,Q3,2008-11-03,2008-09-30,1751000.0,18700000.0,0.0,0.03,18700000.0,1.0,2572986000.0,490466000.0,0.0,0.0,2081245000.0,0.0,38356000.0,737625954.3599999,1443271954.36,8.504391830196392,0.0,0.28261405231120573,1.482594104382363,0.0,8.504391830196392,0.0035700741743566323,39.445238201069515,105.3149563620788,1.503928823527013,9.457452884066248,0.0,0.022450403083183617,0.00726782034569951,0.0,0.0006805322687336814,67.6286746456404,1.0,-0.5,-0.6179937053552116,0.41871730994611,-0.202865138100435,-0.02446658667640461,-0.5234077299945563,0.0,-0.6694504882509149,0.09022236621409636,-0.1501602044964444,Banks—Regional,Financial Services,BRKL
2008Q2,2008,Q2,2008-07-31,2008-06-30,3674000.0,19169000.0,0.0,0.06,19169000.0,1.0,2494616000.0,505845000.0,0.0,0.0,1987559000.0,0.0,53433000.0,549808741.8000001,1185467741.8000002,8.786364025760204,0.0,0.2616827599919186,1.2905099388152497,0.0,8.786364025760204,0.007263094426158211,28.68218174135323,37.41213539738705,1.0869114883017525,1.542732716385411,0.0,0.010309039433319537,0.007684148582387028,0.0,0.0014727717612650604,57.087399210881536,1.0,0.1999999999999999,-0.4598525683313559,0.596250936796281,-0.1911691355522317,0.1339248742975451,0.3637713437268003,0.0,-0.2952584321780162,0.06940339463627178,-0.1389268959858896,Banks—Regional,Financial Services,BRKL
2008Q1,2008,Q1,2008-05-05,2008-03-31,2694000.0,16905000.0,0.0,0.05,16905000.0,1.0,2454340000.0,507966000.0,0.0,0.0,1944957000.0,0.0,54701000.0,659967968.52,1188559968.52,8.83595864974662,0.0,0.2222882730184082,1.0740305453514605,0.0,8.83595864974662,0.005303504565266179,39.0398088447205,61.24424355233853,1.2992365011044047,6.091685226429102,0.0,0.024866358342818078,0.006887798756488506,0.0,0.0010976474327110343,60.19408687705217,1.0,-0.21874999999999997,19.19632889904146,0.2627273851913813,-0.17232432319488877,-0.10951327433628319,-0.27169505271695055,0.0,-0.4922073106088753,-0.05599976576678684,-0.13496090653624954,Banks—Regional,Financial Services,BRKL
2007Q4,2007,Q4,2008-02-28,2007-12-31,3699000.0,18984000.0,0.0,0.064,18984000.0,1.0,2418510000.0,518708000.0,0.0,0.0,1898431000.0,0.0,68875000.0,584083149.84,1121407149.8400002,9.022813415253719,0.0,0.2294896444505088,1.070010487596104,0.0,9.022813415253719,0.007131179777447041,30.767127572692797,39.47574681265207,1.1260345894800157,1.0681265206812651,0.0,0.006764447837747607,0.007849461031792302,0.0,0.00152945408536661,80.75254387391125,1.0,-0.08571428571428578,-0.3694227883221085,0.4522002310702258,-0.18004119230977697,0.0031705770450221942,-0.12944222169922334,0.0,-0.03477207957998977,0.42729452941866053,-0.07545415038574088,Banks—Regional,Financial Services,BRKL
2007Q3,2007,Q3,2007-11-07,2007-09-30,4249000.0,18924000.0,0.0,0.07,18924000.0,1.0,2391906000.0,531483000.0,0.0,0.0,1859102000.0,0.0,70109000.0,700743275.19,1204121275.19,9.078719318819068,0.0,0.21699974831786867,0.9765937950978677,0.0,9.078719318819068,0.00799461130459488,37.02934237951808,41.22989380971993,1.3184679005537336,4.065427159331607,0.0,0.024650967924474645,0.00791168214804428,0.0,0.0017764076013020579,63.66342102207687,1.0,-0.12499999999999993,-0.2346759281606828,0.5030824878785853,-0.18000978233501708,-0.02110490378646803,-0.12427864798021435,0.0,-0.0739936661473074,0.31024701632195073,-0.10966857164969808,Banks—Regional,Financial Services,BRKL
2007Q2,2007,Q2,2007-08-07,2007-06-30,4852000.0,19332000.0,0.0,0.08,19332000.0,1.0,2371609000.0,547023000.0,0.0,0.0,1823331000.0,0.0,83133000.0,687721314.47,1158292314.47,9.155212434926876,0.0,0.20545123584874236,0.890730371483466,0.0,9.155212434926876,0.008869828142509547,35.574245524001654,35.4349399458986,1.2572073102410684,1.1525144270403958,0.0,0.008131200651108998,0.008151427996773498,0.0,0.002045868437841145,90.7164377351273,1.0,0.0,-0.08948149123701032,0.5868971320274458,0.7767590169953074,0.00781983109164842,-0.018012548067192876,0.0,0.0057941568608604575,0.3121497257339003,-0.12097489407411618,Banks—Regional,Financial Services,BRKL
2007Q1,2007,Q1,2007-05-03,2007-03-31,4941000.0,19182000.0,0.0,0.08,19182000.0,1.0,2351494000.0,567594000.0,0.0,0.0,1782481000.0,0.0,83388000.0,766968744.78,1193305744.78,9.376413353144933,0.0,0.1882424535210381,0.7798725849815185,0.0,9.376413353144933,0.008705166016554087,39.98377357835471,38.80635219489982,1.3512629534138838,3.5007083586318557,0.0,0.022552418358275518,0.008157367188689403,0.0,0.002101217353733414,62.83538790594789,1.0,-0.09090909090909084,-0.14388027758914518,0.4954317353266505,0.8600663252564822,0.03184507799892415,-0.08108610749488562,0.0,0.0014507862458928013,0.2867275573910459,-0.10229317677175932,Banks—Regional,Financial Services,BRKL
