Quarters,Year,Quarter,FillingDate,Date,NetIncome,Revenue,OperatingIncome,EPSDiluted,GrossProfit,GrossProfitRatio,TotalAssets,CommonStockEquity,CurrentAssets,CurrentLiability,TotalLiability,Inventory,RetainedEarnings,MarketCap,EnterpriseValue,bookValuePerShare,currentRatio,debtToAssets,debtToEquity,roic,shareholdersEquityPerShare,roe,priceToSalesRatio,peRatio,pbRatio,payoutRatio,inventoryTurnover,dividendYield,assetTurnover,quickRatio,returnOnAssets,priceToFreeCashFlowsRatio,grossProfitMargin,epsdilutedGrowth,fiveYNetIncomeGrowthPerShare,fiveYRevenueGrowthPerShare,fiveYShareholdersEquityGrowthPerShare,grossProfitGrowth,netIncomeGrowth,operatingIncomeGrowth,threeYNetIncomeGrowthPerShare,threeYRevenueGrowthPerShare,threeYShareholdersEquityGrowthPerShare,Industry,Sector,Symbol
2023Q1,2023,Q1,2023-05-15,2023-03-31,-7104935.0,1759802.0,-6260718.0,-0.0629,643388.0,0.3656024939,20108668.0,8225116.0,11913083.0,11498749.0,11883552.0,1669634.0,-49196899.0,99027199.1428,92150559.1428,0.0728678012633123,1.036032963238001,0.015386101157968296,0.037615761285311966,-0.761742307189683,0.0728678012633123,-0.863809701893566,56.271784634180435,-3.4844512702368142,12.039611252023679,0.0,0.6686579214366741,0.0,0.08751459818223664,0.7688431150205992,-0.35332698316964606,-19.35058875930161,0.3656024939169293,0.5507142857142858,-5.523139263632286,4.294339079058698,31.168023588270966,-0.6128439053068573,0.5038948970951297,-0.5702368403034072,-8.276888580413484,15.314236541955562,5.640569315733407,Electronic Components,Technology,KULR
2022Q4,2022,Q4,2023-03-28,2022-12-31,-14321431.0,1813404.0,-3987117.0,-0.14,1661831.0,0.9164152059,23625930.0,10493733.0,15735984.0,9680507.0,13132197.0,1962035.0,-42594038.0,126786927.6,116774967.6,0.09932001538619191,1.625533042845793,0.013612289547967001,0.030647149112713275,-1.1499415927007481,0.09932001538619191,-1.3647603765028136,69.91653685554901,-2.213237762343721,12.082156807305847,0.0,0.07725295420316151,0.0,0.07675481981026779,1.2647839622449526,-0.6061742754676747,-21.622991156853796,0.9164152058780062,-1.3769100169779287,-14.745415642367306,5.341923373245825,9.397836426237859,2.6062397329982794,-1.3044199894251851,0.1958870233244407,-19.68238879454641,25.236858729021236,10.985166998939178,Electronic Components,Technology,KULR
2022Q3,2022,Q3,2022-11-14,2022-09-30,-6214766.0,1393185.0,-4958404.0,-0.0589,460821.0,0.3307679885,25928357.0,7932448.0,19917992.0,17840144.0,17995909.0,342174.0,-38230508.0,135133209.6,119338986.6,0.07513721808321498,1.11647036032893,0.01444904511303975,0.047228799987090994,-0.6353515652903582,0.07513721808321498,-0.7834612971935019,96.99588324594365,-5.435973357645324,17.035498953160488,0.0,2.724824212242894,0.0,0.053732097255526065,0.9873146203304188,-0.23968992713267562,-20.533541768726668,0.3307679884581014,-0.15039062499999997,-4.431823106469388,66.65073688398238,4.366038392246889,1.8120446196468019,-0.16216028205560704,0.039398873100167923,-16.686631835939693,1.013847912131745,22.904035039290005,Electronic Components,Technology,KULR
2022Q2,2022,Q2,2022-08-15,2022-06-30,-5347598.0,587546.0,-5161772.0,-0.0512,163874.0,0.2789126298,19381174.0,11920875.0,15626678.0,7148965.0,7460299.0,284572.0,-32548799.0,162045988.45000002,154472519.45000002,0.11402538518070918,2.185865786166249,0.2795631988031272,0.4545189006679459,-0.2956769105454699,0.11402538518070918,-0.4485910639948829,275.8013644038084,-7.575643702555802,13.593464275902566,0.0,1.488804239348917,0.0,0.030315294625599048,1.9001610722671043,-0.2759171348443598,-34.22952376375658,0.2789126298196226,-0.28320802005012546,-4.73431475499659,38.92768533088177,4.084802604438007,1.1122955362782125,-0.3060694051735276,-0.23526110701227107,-5.578314045730376,6.9761741593047155,25.60939365877941,Electronic Components,Technology,KULR
2022Q1,2022,Q1,2022-05-16,2022-03-31,-4094421.0,200499.0,-4178689.0,-0.0399,77581.0,0.3869395857,16013756.0,13189835.0,12531107.0,2556021.0,2823921.0,287328.0,-27294114.0,222557827.87,213057837.87,0.12860451696499567,4.90258374246534,0.03950890721702017,0.04796769633585257,-0.2892399530282341,0.12860451696499567,-0.31042245790034523,1110.0196403473335,-13.589090366501148,16.87343532879676,0.0,0.427796803652968,0.0,0.012520423066268776,4.0397821457648435,-0.2556814903386813,-46.14147631152352,0.38693958573359466,0.06338028169014087,-19.272784322447293,0.0,3.2159989034779364,-0.8545461704026458,-0.00493851704587291,-0.026098331060311765,-4.556141721432698,-0.21051089792190436,21.259597052942325,Electronic Components,Technology,KULR
2021Q4,2021,Q4,2022-03-28,2021-12-31,-4074300.0,765798.0,-4072406.0,-0.0426,533372.0,0.6964917641,19231303.0,16365042.0,15761298.0,2458363.0,2866261.0,191311.0,-23157559.0,264268951.2,250231153.2,0.1709149550671846,6.411298087385793,0.04292496457468326,0.05044307249562818,-0.22806076785464788,0.1709149550671846,-0.2489636140255552,345.08963355871913,-16.215604594654295,16.148382093978125,0.0,1.2149118451108405,0.0,0.039820390745234475,6.101469555147063,-0.21185771967713263,-95.71116214535536,0.696491764146681,-0.42000000000000004,-101.46575713821032,0.0,429.83409135128335,0.19648349084644323,-0.31601727686525416,-0.2967455314184256,-7.3319572121287875,0.5837211366679103,107.04534393294396,Electronic Components,Technology,KULR
2021Q3,2021,Q3,2021-11-15,2021-09-30,-3095932.0,600921.0,-3140482.0,-0.03,445783.0,0.7418329530836832,14386568.0,12388949.0,12181957.0,1522079.0,1997619.0,190766.0,-19084206.0,205958750.4,195856658.4,0.12511735417870354,8.003498504348329,0.06172173933352277,0.07167387645231246,-0.22416561269085147,0.12511735417870354,-0.249894644008947,342.73848043253605,-16.631401335688253,16.624392464606967,0.0,0.813237159661575,0.0,0.04176958674230018,7.582021038329811,-0.21519600783174972,-77.31930235011411,0.7418329530836832,0.0,0.0,0.0,3106.476893461154,1.3581660830097653,-0.0227240668841875,-0.08779891694024883,-11.71650328276429,-0.02224076147506481,38.1716342991563,Electronic Components,Technology,KULR
2021Q2,2021,Q2,2021-08-16,2021-06-30,-3027143.0,628244.0,-2887006.0,-0.03,189038.0,0.30089901375898537,14382514.0,12589210.0,13445363.0,1250960.0,1793304.0,182458.0,-15988274.0,228507697.86,217297765.86,0.1360800926673867,10.748035908422331,0.06602816447805995,0.07543372459431529,-0.20141968840920357,0.1360800926673867,-0.2404553581996011,363.7244412362076,-18.871564529657174,18.151075235062407,0.0,2.4071621962314613,0.0,0.0436810977552325,10.211651051992071,-0.21047384344628484,-93.09092940319522,0.30089901375898537,-0.4999999999999999,-885.9194099694475,0.0,3378.5776846674435,0.3253083000904394,-0.7653830968617089,-0.9597408830151843,-2.928132911952199,2.0715638319282816,25.897073404707655,Electronic Components,Technology,KULR
2021Q1,2021,Q1,2021-05-21,2021-03-31,-1714723.0,417905.0,-1473157.0,-0.02,142637.0,0.3413144135628911,7203649.0,4719611.0,7150563.0,2451111.0,2484038.0,54135.0,-12961131.0,223395771.2,218764168.2,0.052394166716437825,2.917274248289857,0.2131075514645425,0.32527087507847574,-0.23552563062741147,0.052394166716437825,-0.3633187141906399,534.5611351862265,-32.57024184081044,47.33351354592571,0.0,5.08484344693821,0.0,0.05801295982077972,2.656776457696122,-0.23803533459223236,-134.3019031673365,0.3413144135628911,-0.9047619047619047,-1051.9506446552007,0.0,0.0,-0.14984682139493855,-0.9971173970619579,-1.17566994779244,-0.972757094760588,0.575464465868954,22.129787939282203,Electronic Components,Technology,KULR
2020Q4,2020,Q4,2021-03-19,2020-12-31,-858599.0,208488.0,-677105.0,-0.0105,167778.0,0.8047369632784621,9208137.0,6118552.0,9150280.0,2947295.0,3089585.0,55452.0,-11246408.0,120587657.39999999,114184545.39999999,0.07458699865248399,3.104636624430198,0.2690042513485627,0.40483892267320765,-0.07877362551450862,0.07458699865248399,-0.14032715583687122,578.3913577759871,-35.111751061904336,19.70852865187711,0.0,0.7341484527158624,0.0,0.022641713519249332,3.031807810212415,-0.09324350843172728,-184.32335612899675,0.8047369632784621,-0.050000000000000044,-24.20389509386648,0.0,187.01527214766313,1.2110381908753063,0.15179909489567392,0.16460420470808865,-0.215810251587994,-0.06089275230039201,6.808530923972984,Electronic Components,Technology,KULR
2020Q3,2020,Q3,2020-11-13,2020-09-30,-1012259.0,136849.0,-810520.0,-0.01,75882.0,0.554494369706757,3171398.0,-525612.0,3108368.0,3512929.0,3697010.0,48161.0,-10387809.0,131122107.06,131304990.06,-0.006373624545383354,0.8848365566169997,0.9436024743661944,-5.693437364443734,-0.32855451336825126,-0.006373624545383354,1.9258673698469593,958.1517370240192,-32.38353698509966,-249.4655887993425,0.0,1.2658997944394843,0.0,0.04315100154569058,0.8311409083417285,-0.31918384258298704,-158.99466719211344,0.554494369706757,0.0,0.0,0.0,-157.19662974182273,-0.5248912124722162,-1.3596605941932702,-1.5082549103951526,-0.1326241331416033,7.507044351284548,-1.455182063972827,Electronic Components,Technology,KULR
2020Q2,2020,Q2,2020-08-14,2020-06-30,-428985.0,201128.0,-323141.0,-0.01,159715.0,0.7940962968855654,1197565.0,-983391.0,1145583.0,2077472.0,2180956.0,40676.0,-9375550.0,158407485.6,158950271.6,-0.012105567124789966,0.5514312587606476,1.0944641835724993,-1.3328289561324032,-0.987289986892799,-0.012105567124789966,0.4362303498811765,787.5953900003977,-92.3152823525298,-161.0829116800947,0.0,1.0181187924082997,0.0,0.16794746005436031,0.5105180719643875,-0.3582143766726649,-264.31335269982327,0.7940962968855654,0.0,-142.1383878844036,0.0,-299.4663840204278,2.0968123473067823,0.2203858952154736,0.389915531674678,0.40798817820916666,16.590180351514558,-1.539830838078545,Electronic Components,Technology,KULR
2020Q1,2020,Q1,2020-06-25,2020-03-31,-550253.0,77500.0,-529666.0,-0.01,51574.0,0.6654709677419355,910140.0,-1273431.0,804908.0,1968188.0,2183571.0,31605.0,-8946565.0,102183685.38,102807158.38,-0.01570234087793086,0.40895890026765735,1.3817885160524754,-0.9875847219048381,33.501960784313724,-0.01570234087793086,0.43210272091695584,1318.4991661935483,-46.425773862205205,-80.24281282613664,0.0,0.8203132415757001,0.0,0.0851517348979278,0.35106402437165557,-0.6045806139714769,-146.37189752331292,0.6654709677419355,-0.5151515151515151,-374.30876817940816,0.0,0.0,1.0607344068406122,-0.0478813962788749,-0.007553809718563045,-2.445525324768169,0.0,-1.5147645936993976,Electronic Components,Technology,KULR
2019Q4,2019,Q4,2020-05-14,2019-12-31,-525110.0,52414.0,-525695.0,-0.0066,25027.0,0.4774869309726409,236766.0,-796965.0,209250.0,1033731.0,1033731.0,27091.0,-8396312.0,120184666.5,120075809.5,-0.009946755562199776,0.20242210014017187,0.0,0.0,0.6596211878815256,-0.009946755562199776,0.6588871531372144,2292.9878753768076,-57.21880486945592,-150.80294178539833,0.0,1.0109261378317522,0.0,0.221374690622809,0.13442375240754123,-2.217843778245187,6753.465188806474,0.4774869309726409,0.0,-14.781754887301261,0.0,-26.07329679166533,-0.9400796320548949,-0.9627785627247378,-0.966825176499639,-14.781754887301261,0.0,-26.07329679166533,Electronic Components,Technology,KULR
2019Q3,2019,Q3,2019-11-01,2019-09-30,-267534.0,526722.0,-267281.0,0.0,417671.0,0.7929628912405405,623492.0,-275729.0,588145.0,899221.0,899221.0,43645.0,-7871202.0,132628056.0,132551995.0,-0.003430291174591295,0.6540605702046549,0.0,0.0,0.969361220618796,-0.003430291174591295,0.9702787882304726,251.79896795653116,-123.93570163044697,-481.00872958593396,0.0,2.4985909038836063,0.0,0.8447935177997472,0.5246396603282174,-0.42908970764660975,-559.0152959077441,0.7929628912405405,1.0,0.0,0.0,-84.14158607703521,14.04578530259366,0.5694768078066866,0.5696297715639185,0.0,0.0,-84.14158607703521,Electronic Components,Technology,KULR
2019Q2,2019,Q2,2019-08-14,2019-06-30,-621416.0,56310.0,-621049.0,-0.01,27760.0,0.49298526016693306,419793.0,-370293.0,366035.0,790086.0,790086.0,8304.0,-7603668.0,150245930.23999998,150101616.23999998,-0.004633408964142868,0.46328500947998064,0.0,0.0,1.6771826634583964,-0.004633408964142868,1.6781737705006576,2668.192687622092,-60.44498783423664,-405.7487725665891,0.0,3.438102119460501,0.0,0.13413753921575633,0.2617297357502854,-1.4802914769898499,-220.15281472081958,0.49298526016693306,0.0,-209.76217288330736,0.0,-114.00358659718708,-0.7919586315434481,-0.09850395886107836,-0.09871950011322464,-209.76217288330736,0.0,-114.00358659718708,Electronic Components,Technology,KULR
2019Q1,2019,Q1,2019-05-14,2019-03-31,-565693.0,194952.0,-565248.0,-0.01,133435.0,0.6844505314128606,253888.0,-499770.0,212097.0,753658.0,753658.0,8304.0,-6982252.0,196827045.0,196728569.0,-0.006347831925231616,0.28142340424967294,0.0,0.0,1.1310162674830422,-0.006347831925231616,1.1319066770714528,1009.6179828880955,-86.98492159174677,-393.8352542169398,0.0,7.408116570327553,0.0,0.7678661457020418,0.1742421628908603,-2.228120273506428,-687.1972802178619,0.6844505314128606,-0.9607843137254901,-396.44162481039416,0.0,0.0,-0.5753804344367152,-0.4266407075539505,-0.42668420003180235,-396.44162481039416,0.0,0.0,Electronic Components,Technology,KULR
2018Q4,2018,Q4,2019-03-29,2018-12-31,-396521.0,392099.0,-396197.0,-0.0051,314246.0,0.8014455532913881,451107.0,-125137.0,406316.0,576244.0,576244.0,9594.0,-6416559.0,201869462.6,201639566.6,-0.0016117157880619433,0.7051110293556202,0.0,0.0,3.1661059478811224,-0.0016117157880619433,3.1686951101592653,514.8430947286272,-127.2753918455769,-1613.187647138736,0.0,8.114759224515321,0.0,0.8691928965855108,0.5937068325223342,-0.8789954489733035,-683.5802899983746,0.8014455532913881,0.0,-11.297921668278788,0.0,-5.062734631929849,-0.22868139042840943,-1.0733015775080914,-0.8414320705345399,-11.297921668278788,0.0,-5.062734631929849,Electronic Components,Technology,KULR
2018Q3,2018,Q3,2018-11-13,2018-09-30,-191251.0,482798.0,-215157.0,0.0,407414.0,0.8438601651208165,484524.0,-261820.0,437379.0,746344.0,746344.0,13767.0,-6020038.0,210020015.70000002,209845665.70000002,-0.0033659363258489654,0.5860286945429989,0.0,0.0,0.8217745015659613,-0.0033659363258489654,0.7304674967534948,435.0059770338734,-274.53453276061305,-802.1542116721412,0.0,5.47570276748747,0.0,0.9964377409581362,0.44187398840213093,-0.3947193534272812,-717.5731109979808,0.8438601651208165,1.0,0.0,0.0,-82.54426572876406,1.9604057520291234,0.7033129492943151,0.6661142173453569,0.0,0.0,-82.54426572876406,Electronic Components,Technology,KULR
2018Q2,2018,Q2,2018-08-14,2018-06-30,-644622.0,171091.0,-644403.0,-0.01,137621.0,0.8043731113851693,364449.0,-422969.0,291130.0,787418.0,787418.0,13767.0,-5828787.0,116078958.0,115970927.0,-0.005465706368590938,0.36972738748669703,0.0,0.0,1.523523000503583,-0.005465706368590938,1.5240407689452418,678.463262240562,-45.018226960916635,-274.4384529362672,0.0,2.4311760005811,0.0,0.4694511440558213,0.28824715716430155,-1.7687577685766733,-365.76429921855305,0.8043731113851693,0.0,-224.78650719042687,0.0,-134.66163499476994,-0.22985103025283446,0.13733398996847082,0.13714901650978134,-224.78650719042687,0.0,-134.66163499476994,Electronic Components,Technology,KULR
2018Q1,2018,Q1,2018-05-15,2018-03-31,-747244.0,228040.0,-746830.0,-0.01,178694.0,0.783608138922996,735964.0,175419.0,698092.0,560545.0,560545.0,13767.0,-5105564.0,116160000.0,115734609.0,0.002265224690082645,1.2453808347233497,0.0,0.0,-4.25968676427172,0.002265224690082645,-4.2597666159309995,509.3843185406069,-38.86280786463323,662.1859661724214,0.0,3.584368417229607,0.0,0.30985211233158144,1.088972339419672,-1.0153268366387487,-246.95452516104342,0.783608138922996,-0.16279069767441862,-532.7457142857143,0.0,0.0,0.10613563770520217,-0.12087720877208773,-0.1254049818417444,-532.7457142857143,0.0,0.0,Electronic Components,Technology,KULR
2017Q4,2017,Q4,2018-04-17,2017-12-31,-666660.0,209578.0,-663610.0,-0.0086,161548.0,0.7708251820324652,1220016.0,739706.0,1176523.0,480310.0,480310.0,13767.0,-4358320.0,116160000.0,115264239.0,0.009551988636363636,2.4495076096687556,0.0,0.0,-0.8973959177495759,0.009551988636363636,-0.9012499560636252,554.2566490757617,-43.560435604356044,157.03536269815305,0.0,3.488777511440401,0.0,0.17178299300992775,2.1810143449022505,-0.5464354565841759,-153.29978580789225,0.7708251820324652,0.14,-19.730122205292453,0.0,23.07818755899873,5.33360158806803,0.20564979291083013,0.20922933195423227,-19.730122205292453,0.0,23.07818755899873,Electronic Components,Technology,KULR
2017Q3,2017,Q3,2017-11-17,2017-09-30,-839252.0,15106.0,-839194.0,-0.01,-37278.0,-2.4677611545081426,1891110.0,1084343.0,1857751.0,806767.0,806767.0,28083.0,-3691660.0,116160000.0,114506508.0,0.01400236311983471,2.302710695901047,0.0,0.0,-0.7741037972742236,0.01400236311983471,-0.7739728111861284,7689.659737852509,-34.602241043214676,107.12477509422757,0.0,1.8653277783712567,0.0,0.007987901285488416,2.0817633839757947,-0.44378803982846055,-207.58908227254287,-2.4677611545081426,0.0,0.0,0.0,348.5458333333333,0.17699525333922067,-0.2149443957068448,-0.22706582658651886,0.0,0.0,348.5458333333333,Electronic Components,Technology,KULR
2017Q2,2017,Q2,2017-08-18,2017-06-30,-690774.0,10900.0,-683903.0,-0.01,-45295.0,-4.1555045871559635,2476111.0,1736572.0,2454486.0,739539.0,739539.0,12932.0,-2852408.0,116160000.0,113946941.0,0.02242474173553719,3.318940583255244,0.0,0.0,-0.3939376357467614,0.02242474173553719,-0.3977802244882447,10656.880733944954,-42.03979883435103,66.89040247107519,0.0,4.3454222084751,0.0,0.004402064366258217,3.0072234189136746,-0.2789753771135462,250.36209393751292,-4.1555045871559635,0.0,-240.7829891494575,0.0,557.5935897435897,0.0,-3.5297546836986955,-3.421977240398293,-240.7829891494575,0.0,557.5935897435897,Electronic Components,Technology,KULR
2017Q1,2017,Q1,2017-05-22,2017-03-31,-152497.0,0.0,-154660.0,0.0,0.0,0.0,2372208.0,2362224.0,2372208.0,9984.0,9984.0,0.0,-191575.0,116160000.0,114091076.0,0.03050392561983471,237.60096153846155,0.0,0.0,-0.06547219908018884,0.03050392561983471,-0.06455653655199507,0.0,-190.42997567165258,49.17399874017028,0.0,0.0,0.0,0.0,231.03936298076923,-0.06428483505662236,-568.6953201114283,0.0,1.0,-107.92642857142856,0.0,0.0,0.0,-3.741969588606611,-3.808631035662096,-107.92642857142856,0.0,0.0,Electronic Components,Technology,KULR
2016Q4,2016,Q4,2017-03-30,2016-12-31,-32159.0,0.0,-32163.0,-0.0004,0.0,0.0,268215.0,30721.0,268215.0,13494.0,237494.0,0.0,-39078.0,116160000.0,115946819.0,0.00039670712809917357,19.87661182747888,0.0,0.0,-1.0469385762182222,0.00039670712809917357,-1.0468083721233032,0.0,-903.0131533940731,3781.126916441522,0.0,0.0,0.0,0.0,17.72750852230621,-0.11990008015957347,-3723.196256290266,0.0,0.0,0.0,0.0,0.0,0.0,0.0,0.0,0.0,0.0,0.0,Electronic Components,Technology,KULR
2016Q3,2016,Q3,2016-11-16,2016-09-30,0.0,0.0,0.0,0.0,0.0,0.0,380.0,-3120.0,380.0,3500.0,3500.0,0.0,-6919.0,116160000.0,116159620.0,-4.028925619834711e-05,0.10857142857142857,0.0,0.0,,-4.028925619834711e-05,0.0,0.0,0.0,-37230.76923076923,0.0,0.0,0.0,0.0,0.10857142857142857,0.0,0.0,0.0,0.0,0.0,0.0,0.0,0.0,1.0,1.0,0.0,0.0,0.0,Electronic Components,Technology,KULR
2016Q2,2016,Q2,2016-08-15,2016-06-30,-2857.0,0.0,-2857.0,0.0,0.0,0.0,380.0,-3120.0,380.0,3500.0,3500.0,0.0,-6919.0,116160000.0,116159620.0,-4.028925619834711e-05,0.10857142857142857,0.0,0.0,0.9157051282051282,-4.028925619834711e-05,0.9157051282051282,0.0,-10164.508225411271,-37230.76923076923,0.0,0.0,0.0,0.0,0.10857142857142857,-7.518421052631579,0.0,0.0,0.0,0.0,0.0,0.0,0.0,-1.0407142857142857,-1.0407142857142857,0.0,0.0,0.0,Electronic Components,Technology,KULR
2016Q1,2016,Q1,2016-05-23,2016-03-31,-1400.0,0.0,-1400.0,0.0,0.0,0.0,,,,,,,,116160000.0,,,0.0,0.0,0.0,0.0,,0.0,0.0,-20742.85714285714,0.0,0.0,0.0,0.0,0.0,0.0,0.0,0.0,0.0,0.0,0.0,0.0,0.0,0.0,0.0,0.0,0.0,0.0,0.0,Electronic Components,Technology,KULR
