Year,Date,FillingDate,NetIncome,Revenue,OperatingIncome,EPSDiluted,GrossProfit,GrossProfitRatio,TotalAssets,CommonStockEquity,CurrentAssets,CurrentLiability,TotalLiability,Inventory,RetainedEarnings,EnterpriseValue,bookValuePerShare,currentRatio,debtToAssets,debtToEquity,roic,shareholdersEquityPerShare,roe,priceToSalesRatio,peRatio,pbRatio,payoutRatio,inventoryTurnover,dividendYield,assetTurnover,quickRatio,returnOnAssets,priceToFreeCashFlowsRatio,grossProfitMargin,epsdilutedGrowth,fiveYNetIncomeGrowthPerShare,fiveYRevenueGrowthPerShare,fiveYShareholdersEquityGrowthPerShare,grossProfitGrowth,netIncomeGrowth,operatingIncomeGrowth,threeYNetIncomeGrowthPerShare,threeYRevenueGrowthPerShare,threeYShareholdersEquityGrowthPerShare,Industry,Sector,Price,MarketCap,AvgVolume,Symbol
2022,2022-12-31,2023-03-28,-20586976.0,3994634.0,-18285982.0,-0.19,2364107.0,0.5918206774,23625930.0,10493733.0,15735984.0,9680507.0,13132197.0,1962035.0,-42594038.0,116774967.6,0.09932001538619191,1.625533042845793,0.013612289547967001,0.030647149112713275,-1.7391114395002953,0.09932001538619191,-1.9618353163740683,31.739310184612656,-6.158598892814563,12.082156807305847,0.0,0.8310386919703268,0.0,0.1690783812531401,1.2647839622449526,-0.871372089902916,-5.762492369478021,0.5918206774387841,-0.4615384615384615,-5.2235859407668785,11.428059255714267,9.397836426237859,0.8035191443589176,-0.7082455574942671,-0.5882326833524197,-6.88389508865377,2.6480037114222297,10.985166998939178,Electronic Components,Technology,0.768,90872056,339706,KULR
2021,2021-12-31,2022-03-28,-12051532.0,2412868.0,-11513415.0,-0.13,1310830.0,0.5432663536,19231303.0,16365042.0,15761298.0,2458363.0,2866261.0,191311.0,-23157559.0,250231153.2,0.1709149550671846,6.411298087385793,0.04292496457468326,0.05044307249562818,-0.6522156937262426,0.1709149550671846,-0.7364192526973045,109.52482738384361,-21.928245404816582,16.148382093978125,0.0,5.760452875161387,0.0,0.12546565357531936,6.101469555147063,-0.6266622703620238,-27.69270368186472,0.5432663535676217,-2.170731707317073,-277.35819386300574,0.0,429.83409135128335,1.8812680102604908,-2.587021692025621,-3.9193546319653807,-3.747955884376142,0.5357297970490889,107.04534393294396,Electronic Components,Technology,0.768,90872056,339706,KULR
2020,2020-12-31,2021-03-19,-3359760.0,623965.0,-2340432.0,-0.041,454949.0,0.7291258324,9208137.0,6118552.0,9150280.0,2947295.0,3089585.0,55452.0,-11246408.0,114184545.39999999,0.07458699865248399,3.104636624430198,0.2690042513485627,0.40483892267320765,-0.320973817368804,0.07458699865248399,-0.5491103123745619,193.2602908817001,-35.89174744624616,19.70852865187711,0.0,3.0479694149895407,0.0,0.06776234975652512,3.031807810212415,-0.36486859394033777,-43.434038122132016,0.7291258323784187,-0.6599190283400811,0.0,0.0,0.0,-0.24663971928801956,-0.696648828698441,-0.18247053337260702,-0.30816973145134696,1.5003123080279692,6.808530923972984,Electronic Components,Technology,0.768,90872056,339706,KULR
2019,2019-12-31,2020-05-14,-1980233.0,830398.0,-1979273.0,-0.0247,603893.0,0.7272332062,236766.0,-796965.0,209250.0,1033731.0,1033731.0,27091.0,-8396312.0,120075809.5,-0.009946755562199776,0.20242210014017187,2.8265713827154237,-0.8397307284510612,15.49963503685025,-0.009946755562199776,2.4847176475754895,144.73140168931042,-60.6921844550616,-150.80294178539833,0.0,8.360894762098114,0.0,3.5072518858282016,0.13442375240754123,-8.363671304156847,-101.13668448144847,0.7272332062456798,0.17666666666666664,0.0,0.0,0.0,-0.35576088092906355,0.03789938874931434,0.04915237789610624,-53.65844859700453,0.0,-26.07329679166533,Electronic Components,Technology,0.768,90872056,339706,KULR
2018,2018-12-31,2019-03-29,-2058239.0,1274028.0,-2081588.0,-0.03,937374.0,0.7357562000207217,451107.0,-125137.0,406316.0,576244.0,576244.0,9594.0,-6416559.0,201639566.6,-0.0016117157880619433,0.7051110293556202,0.0,0.0,16.634472618010662,-0.0016117157880619433,16.44788511791077,158.44978493408308,-98.07872778622891,-1613.187647138736,0.0,35.090056285178235,0.0,2.8242257380178097,0.5937068325223342,-4.562640349185449,-146.73699763687893,0.7357562000207217,0.0,0.0,0.0,0.0,10.869249762583095,0.1510701131362626,0.1372535691697344,0.0,0.0,0.0,Electronic Components,Technology,0.768,90872056,339706,KULR
2017,2017-12-31,2018-04-17,-2424510.0,235584.0,-2412746.0,-0.03,78975.0,0.3352307457212714,1220016.0,739706.0,1176523.0,480310.0,480310.0,13767.0,-4358320.0,115264239.0,0.009551988636363636,2.4495076096687556,0.0,0.0,-3.2628400757668534,0.009551988636363636,-3.2776670731344617,493.07253463732684,-47.91071185517898,157.03536269815305,0.0,11.375680976247548,0.0,0.19309910689695872,2.1810143449022505,-1.987277216036511,-109.83493556558467,0.3352307457212714,0.0,0.0,0.0,0.0,0.0,-68.24006168608636,-67.89623072529983,0.0,0.0,0.0,Electronic Components,Technology,0.768,90872056,339706,KULR
2016,2016-12-31,2017-03-30,-35016.0,0.0,-35020.0,0.0,0.0,0.0,268215.0,30721.0,268215.0,13494.0,237494.0,0.0,-39078.0,115946819.0,0.00039670712809917357,19.87661182747888,0.0,0.0,-1.1399368510139645,0.00039670712809917357,-1.1398066469190455,0.0,-3317.340644276902,3781.126916441522,0.0,0.0,0.0,0.0,17.72750852230621,-0.13055198255131145,-3723.196256290266,0.0,0.0,0.0,0.0,0.0,0.0,0.0,0.0,0.0,0.0,0.0,Electronic Components,Technology,0.768,90872056,339706,KULR
2015,,,,,,,,,0.0,-3750.0,0.0,3750.0,3750.0,0.0,-4062.0,0.0,0.0,0.0,0.0,0.0,,0.0,,0.0,0.0,0.0,0.0,0.0,,0.0,0.0,0.0,0.0,0.0,0.0,0.0,0.0,0.0,0.0,0.0,0.0,0.0,0.0,0.0,Electronic Components,Technology,0.768,90872056,339706,KULR
TTM,,,,,,,,,,,,,,,,83995416.0,0.0728678012633123,1.036032963238001,0.015386101157968296,0.037615761285311966,-3.4687328836484093,0.0728678012633123,-3.4209875451141305,16.361736908430903,-2.62785858224915,10.539634607949601,0.0,1.5716156954158815,0.0,0.27619616575299766,0.7688431150205992,-1.6405228829676834,-4.075665642234261,0.5275382129829704,,,,,,,,,,,Electronic Components,Technology,0.768,90872056,339706,KULR
