Quarters,Year,Quarter,FillingDate,Date,NetIncome,Revenue,OperatingIncome,EPSDiluted,GrossProfit,GrossProfitRatio,TotalAssets,CommonStockEquity,CurrentAssets,CurrentLiability,TotalLiability,Inventory,RetainedEarnings,MarketCap,EnterpriseValue,bookValuePerShare,currentRatio,debtToAssets,debtToEquity,roic,shareholdersEquityPerShare,roe,priceToSalesRatio,peRatio,pbRatio,payoutRatio,inventoryTurnover,dividendYield,assetTurnover,quickRatio,returnOnAssets,priceToFreeCashFlowsRatio,grossProfitMargin,epsdilutedGrowth,fiveYNetIncomeGrowthPerShare,fiveYRevenueGrowthPerShare,fiveYShareholdersEquityGrowthPerShare,grossProfitGrowth,netIncomeGrowth,operatingIncomeGrowth,threeYNetIncomeGrowthPerShare,threeYRevenueGrowthPerShare,threeYShareholdersEquityGrowthPerShare,Industry,Sector,Symbol
2023Q1,2023,Q1,2023-04-28,2023-03-31,228700000.0,6973800000.0,379000000.0,8.3,1211500000.0,0.1737216439,16421400000.0,5481800000.0,5147700000.0,3948000000.0,10939600000.0,3855600000.0,4282500000.0,6291275007.81,14501275007.810001,199.47442647827424,1.3038753799392098,0.5181896793208861,1.552300339304608,0.019201474629755078,199.47442647827424,0.041719873034404754,0.9021301166953455,6.877213607138173,1.1476659140811412,0.050284215128989944,1.494527440605872,0.0018279283588340804,0.4246775548978772,0.289387031408308,0.013926948981207448,-71.57309451433447,0.17372164386704522,-0.0777777777777777,2.9938987522505025,1.3838759721487628,3.421831635526133,0.001902084022494211,-0.07670569236980218,-0.05226306576644161,3.1069846020623855,1.0635801531908975,2.1225656874044994,Auto & Truck Dealerships,Consumer Cyclical,LAD
2022Q4,2022,Q4,2023-02-24,2022-12-31,247700000.0,6990200000.0,399900000.0,9.0,1209200000.0,0.1729850362,15006600000.0,5251100000.0,4630900000.0,3178200000.0,9755500000.0,3409400000.0,4065300000.0,5589402000.0,12969802000.0,192.34798534798534,1.4570826253854383,0.5082497034638093,1.452476623945459,0.02247661146143649,192.34798534798534,0.04717106891889319,0.7996054476266774,5.641301978199436,1.064424977623736,0.046023415421881306,1.6956062650319705,0.002039574179849651,0.4658083776471686,0.3334591907368951,0.016506070662241946,-30.066713286713288,0.1729850361935281,-0.24496644295302014,1.5356293111091552,1.3667657833192743,3.436608710268306,-0.07989651499010805,-0.24848300970873785,-0.23551902121965207,2.095582848524025,0.8172442545167313,2.040453267066335,Auto & Truck Dealerships,Consumer Cyclical,LAD
2022Q3,2022,Q3,2022-10-27,2022-09-30,329600000.0,7295700000.0,523100000.0,11.92,1314200000.0,0.1801335033,14074500000.0,5028200000.0,4686800000.0,2826600000.0,9046300000.0,3309300000.0,3829100000.0,5900125000.0,12552325000.0,182.84363636363636,1.6581051439892451,0.48919677430814595,1.3693170518276918,0.030948469761356203,182.84363636363636,0.0655502963287061,0.8087126663651192,4.475216171116505,1.1734069846068176,0.03519417475728155,1.8074819448221677,0.001966060041100824,0.5183629969093041,0.4394325337861742,0.02341823865856691,-18.010149572649574,0.1801335032964623,0.027586206896551748,4.767044254361835,1.4711154051508084,3.4260039262640842,-0.027023025098097283,-0.005131300935707818,-0.009842892296043914,2.2636448997012377,0.846992503355485,2.1209331692439406,Auto & Truck Dealerships,Consumer Cyclical,LAD
2022Q2,2022,Q2,2022-07-28,2022-06-30,331300000.0,7240100000.0,528300000.0,11.6,1350700000.0,0.1865581967,13007700000.0,4737800000.0,4161800000.0,2614400000.0,8269900000.0,2985000000.0,3510800000.0,7557275000.0,13636775000.0,172.28363636363636,1.59187576499388,0.4760795528802171,1.3070834564565832,0.033769395728711266,172.28363636363636,0.06992697032377897,1.0438080965732517,5.702742982191368,1.5951021571193382,0.03591910654995473,1.972998324958124,0.001574641653241413,0.5566010901235422,0.41753365973072215,0.025469529586321947,-20.68785929373118,0.1865581967099902,-0.0008613264427217732,4.665614969241285,1.669969689059333,3.36348095180818,0.05680306705265629,-0.03579743888242142,0.030226209048361933,3.515294463210457,0.8958970842609913,2.1356243536803667,Auto & Truck Dealerships,Consumer Cyclical,LAD
2022Q1,2022,Q1,2022-04-28,2022-03-31,343600000.0,6705300000.0,512800000.0,11.61,1278100000.0,0.1906104127,12080800000.0,4942600000.0,3884600000.0,2825100000.0,7138200000.0,2697300000.0,3191400000.0,8823528000.0,13448328000.0,168.1156462585034,1.375030972354961,0.3961823720283425,0.9683567353214907,0.03718512069087921,168.1156462585034,0.06951806741391171,1.315903538991544,6.419912689173458,1.7851996924695503,0.029976717112922,2.0120861602343085,0.0011673335201066966,0.555037745844646,0.3841279954691869,0.028441825044699026,-256.49790697674416,0.19061041265864317,0.20560747663551387,4.795039982598595,1.5654836891791306,3.450393773656536,0.02757678083293134,0.17429938482570062,0.1046962516156829,3.786727456940223,0.8487735551110644,2.1055349288855885,Auto & Truck Dealerships,Consumer Cyclical,LAD
2021Q4,2021,Q4,2022-02-18,2021-12-31,292600000.0,6309500000.0,464200000.0,9.63,1243800000.0,0.1971313099,11146900000.0,4626400000.0,3533300000.0,2402800000.0,6483700000.0,2385500000.0,2859500000.0,8760025000.0,13546425000.0,156.8271186440678,1.4704927584484768,0.445074415308292,1.0723672834169116,0.03161580859236086,156.8271186440678,0.06324572021442158,1.3883865599492828,7.484642002734108,1.8934862960401173,0.036226930963773066,2.123538042339132,0.0012100422087836507,0.5660318115350457,0.45147328117196606,0.02624945051987548,-33.9141502129307,0.19713130992947142,-0.04747774480712153,3.8596891295753615,1.3463596322668605,3.3295619023628658,0.04600117736102935,-0.049691458265670674,-0.031908237747653806,2.8102754803467738,0.6545197907330064,2.0128831680701302,Auto & Truck Dealerships,Consumer Cyclical,LAD
2021Q3,2021,Q3,2021-10-27,2021-09-30,307900000.0,6169800000.0,479500000.0,10.11,1189100000.0,0.19272909980874584,10204600000.0,4542700000.0,3075500000.0,2181800000.0,5660000000.0,2012600000.0,2579100000.0,9606312000.0,13618412000.0,149.92409240924093,1.4096159134659456,0.4066695411873077,0.9135316001496907,0.03885826466355133,149.92409240924093,0.06777907411891607,1.5569892054847807,7.79986359207535,2.11467013009884,0.034751542708671646,2.474759018185432,0.0011138509763164053,0.6046096858279599,0.43560363003025027,0.03017266722850479,14.902748991622712,0.19272909980874584,0.0013841089553453274,3.732331209472236,1.2575655186717571,3.3565214165541293,0.07068251395641996,0.009839291571006888,0.07438942415415639,1.60976035202197,0.5747499980402652,1.9747406510517174,Auto & Truck Dealerships,Consumer Cyclical,LAD
2021Q2,2021,Q2,2021-07-28,2021-06-30,304900000.0,6009400000.0,446300000.0,10.096026,1110600000.0,0.18481046360701567,10092500000.0,4228400000.0,3870800000.0,2595800000.0,5864100000.0,2238800000.0,2281800000.0,10377928000.0,14094228000.0,140.01324503311258,1.4911780568610833,0.44559821649739906,1.0635701447355974,0.03620030082907832,140.01324503311258,0.07210765301295999,1.726949113056212,8.50928829124303,2.4543392299687823,0.03050180387012135,2.188136501697338,0.0008961326384226216,0.5954322516720337,0.608906695431081,0.030210552390388903,14.73928135208067,0.18481046360701567,0.7376981067125646,3.998542165553127,1.374962795395803,3.361085415736179,0.5522012578616352,0.9519846350832266,0.872849349559379,3.0665383322088378,0.5700905185715399,1.9468842417002101,Auto & Truck Dealerships,Consumer Cyclical,LAD
2021Q1,2021,Q1,2021-04-29,2021-03-31,156200000.0,4343000000.0,238300000.0,5.81,715500000.0,0.1647478701358508,8251600000.0,2807600000.0,3288900000.0,2610900000.0,5444000000.0,2329700000.0,1986200000.0,10376394000.0,14454194000.0,105.54887218045113,1.259680569918419,0.5148213679771196,1.5130716626300043,0.02412892024798742,105.54887218045113,0.055634705798546805,2.389222657149436,16.60754481434059,3.6958234791280806,0.052496798975672214,1.5570674335751384,0.0007902552659430627,0.5263221678219981,0.3489218277222414,0.018929662126133114,23.244610215053765,0.1647478701358508,-0.17236467236467237,2.7644949224314823,1.1257142025959888,2.3446994136455634,0.10297518113149376,-0.1673773987206823,0.014042553191489362,1.8181638572334105,0.5337632312556732,1.3397452512663608,Auto & Truck Dealerships,Consumer Cyclical,LAD
2020Q4,2020,Q4,2021-02-19,2020-12-31,187600000.0,3941800000.0,235000000.0,7.02,648700000.0,0.1645694860216145,7902100000.0,2661500000.0,3337600000.0,2479700000.0,5240600000.0,2492900000.0,1838200000.0,7755755000.0,11770155000.0,100.43396226415095,1.3459692704762674,0.5282899482416067,1.5685139958669922,0.024228783733522465,100.43396226415095,0.07048656772496713,1.967566847633061,10.335494402985075,2.9140541048281046,0.04371002132196162,1.3209916161899795,0.0010572794009093892,0.49882942508953315,0.3122151873210469,0.023740524670657168,-25.800914836992682,0.1645694860216145,0.023323615160349743,2.8288317318866816,0.9264995800137947,2.13078468734613,-0.004450583179864948,0.181360201511335,-0.019198664440734557,0.9783784103197443,0.3749187625801735,1.3165628222295156,Auto & Truck Dealerships,Consumer Cyclical,LAD
2020Q3,2020,Q3,2020-10-23,2020-09-30,158800000.0,3620200000.0,239600000.0,6.86,651600000.0,0.1799900557980222,6395700000.0,1694400000.0,2750400000.0,2212400000.0,4701300000.0,2128700000.0,1658800000.0,5197032000.0,8849632000.0,74.3157894736842,1.2431748327608028,0.5800303328799037,2.1893885741265344,0.030709849275365502,74.3157894736842,0.09372049102927289,1.435564885917905,8.181725440806046,3.0671813031161475,0.044710327455919394,1.394560060130596,0.0013661643799768792,0.5660365558109355,0.2570963659374435,0.024829182106727958,-141.60850136239782,0.1799900557980222,1.0295857988165682,3.2197824191046163,1.0021564521204467,1.4802025477219296,0.40310077519379844,1.0437580437580438,0.8473400154202004,2.3513086381682915,0.47896014762295275,0.7989249313538419,Auto & Truck Dealerships,Consumer Cyclical,LAD
2020Q2,2020,Q2,2020-07-24,2020-06-30,77700000.0,2758600000.0,129700000.0,3.38,464400000.0,0.16834626259696947,5539000000.0,1532200000.0,2430100000.0,2026400000.0,4006800000.0,1812800000.0,1507100000.0,3452965616.4800005,6429465616.4800005,67.15034314079536,1.1992202921437032,0.5590900884636216,2.0211460644824437,0.01918390768232345,67.15034314079536,0.050711395379193315,1.2517094237946786,11.109927980952381,2.253599801905757,0.08751608751608751,1.2655560458958517,0.0019693216658589296,0.49803213576457844,0.27965850769838135,0.014027802852500451,5.4670133256491455,0.16834626259696947,0.715736040609137,0.7505423951326893,0.5941853651818637,1.350389651474306,0.007593838142764157,0.6818181818181818,0.3961248654467169,0.6014453098862924,0.22607198821602584,0.7007375127826625,Auto & Truck Dealerships,Consumer Cyclical,LAD
2020Q1,2020,Q1,2020-04-24,2020-03-31,46200000.0,2803800000.0,92900000.0,1.97,460900000.0,0.1643840502175619,6014100000.0,1456500000.0,2925800000.0,2431500000.0,4557600000.0,2512800000.0,1436200000.0,1864812000.0000002,5329612000.0,63.88157894736842,1.2032901501130988,0.5855240185563925,2.4177136972193614,0.012833692510949355,63.88157894736842,0.03171987641606591,0.6651016477637492,10.090974025974027,1.280337796086509,0.15151515151515152,0.9323861827443489,0.003753729598479632,0.4662044196139073,0.14591815751593668,0.007681947423554647,23.28104868913858,0.1643840502175619,-0.3183391003460208,0.3131068122116966,0.8106902408609753,1.3775404117532857,-0.07561171279582832,-0.3205882352941177,-0.24286878565607173,0.004749365281439478,0.3832814702678316,0.6910869840250629,Auto & Truck Dealerships,Consumer Cyclical,LAD
2019Q4,2019,Q4,2020-02-21,2019-12-31,68000000.0,3268900000.0,122700000.0,2.89,498600000.0,0.15252837345896172,6083900000.0,1467700000.0,3070500000.0,2569100000.0,4616200000.0,2433700000.0,1401800000.0,3410400000.0,6863900000.0,63.26293103448276,1.1951656222023277,0.5814526865990566,2.4102336989848063,0.01680218102120795,63.26293103448276,0.04633099407235811,1.0432867325399982,12.538235294117648,2.3236356203583837,0.10147058823529412,1.138307926202901,0.0020232230823363827,0.5373033744801854,0.22926316608929198,0.011177041042752182,262.33846153846156,0.15252837345896172,-0.20604395604395603,0.8769044599601026,1.0698769694446992,1.476007857480605,-0.024075161479741633,-0.20187793427230047,-0.16416893732970028,0.43607496316145605,0.5457359219988172,0.7465141131639774,Auto & Truck Dealerships,Consumer Cyclical,LAD
2019Q3,2019,Q3,2019-10-25,2019-09-30,85200000.0,3332400000.0,146800000.0,3.64,510900000.0,0.15331292761973353,5737500000.0,1359200000.0,2929900000.0,2483400000.0,4378300000.0,2386400000.0,1340700000.0,3071216000.0,6360216000.0,58.58620689655172,1.1797938310380929,0.5779694989106754,2.4397439670394347,0.021695608634766755,58.58620689655172,0.06268393172454385,0.9216228543992318,9.011784037558686,2.259576221306651,0.08215962441314555,1.1823248407643312,0.002279227511187751,0.5808104575163399,0.19602158331319963,0.01484967320261438,17.549805714285714,0.15331292761973353,0.3840304182509507,1.7771984668117053,1.892223936701347,1.4525126928339973,0.035048622366288494,0.3764135702746365,0.2557741659538067,0.7102503271781516,0.5925058868013622,0.7024086053014318,Auto & Truck Dealerships,Consumer Cyclical,LAD
2019Q2,2019,Q2,2019-07-26,2019-06-30,61900000.0,3221700000.0,116900000.0,2.63,493600000.0,0.15321103765092964,5774600000.0,1274700000.0,3031500000.0,2605300000.0,4499900000.0,2431900000.0,1262500000.0,2780288000.0,6208788000.0,54.94396551724138,1.1635896058035542,0.601461573095972,2.724719541852985,0.01696661430918488,54.94396551724138,0.04856044559504197,0.8629878635502995,11.228949919224556,2.18113124656782,0.11308562197092084,1.1217977712899379,0.0025177247824685785,0.5579087729020192,0.2049284151537251,0.010719357184913242,20.074281588447654,0.15321103765092964,0.08677685950413222,0.8182022141191276,1.967130270105845,1.4235274820742103,0.09518526736188151,0.0975177304964539,0.07642725598526703,0.3209778719763552,0.6574092303192318,0.7113761390451655,Auto & Truck Dealerships,Consumer Cyclical,LAD
2019Q1,2019,Q1,2019-04-26,2019-03-31,56400000.0,2849700000.0,108600000.0,2.42,450700000.0,0.15815699898234903,5692000000.0,1250500000.0,3027900000.0,2585200000.0,4441500000.0,2441000000.0,1212700000.0,2172093000.0,5573593000.0,54.134199134199136,1.1712440043323533,0.605498945888967,2.7560975609756095,0.01596204950439007,54.134199134199136,0.04510195921631348,0.7622181282240236,9.628071808510638,1.7369796081567372,0.11879432624113476,0.9827939369111021,0.0030845824741389987,0.5006500351370344,0.2073340553922327,0.009908643710470837,45.15785862785863,0.15815699898234903,-0.04724409448818902,1.5638634027087166,1.971993224481384,1.5250253738752169,0.01986092599842054,-0.05799037947621593,0.013863604537179667,0.5652166060907058,0.6061416490432947,0.7154387381115276,Auto & Truck Dealerships,Consumer Cyclical,LAD
2018Q4,2018,Q4,2019-02-25,2018-12-31,59872000.0,2973232000.0,107115000.0,2.54,441923000.0,0.14863387720837123,5384000000.0,1197200000.0,2991400000.0,2493500000.0,4186800000.0,2365300000.0,1162100000.0,1755590000.0,5165790000.0,52.052173913043475,1.199679165831161,0.6392644873699851,2.8748747076511862,0.017731912216569154,52.052173913043475,0.05001002338790511,0.5904651907419266,7.330596940138963,1.466413297694621,0.11332509353287012,1.0701851773559379,0.0038647975894143846,0.5522347696879644,0.22498496089833567,0.011120356612184249,18.325574112734863,0.14863387720837123,-0.33854166666666663,1.4700828139196516,2.276065695626126,1.528325210190488,-0.0521535092516928,-0.3569549013500596,-0.22135556750941365,0.40791115612896645,0.6742533236969066,0.6226000185218511,Auto & Truck Dealerships,Consumer Cyclical,LAD
2018Q3,2018,Q3,2018-10-26,2018-09-30,93107000.0,3091952000.0,137566000.0,3.84,466239000.0,0.1507911507035038,5174569000.0,1205142000.0,2825734000.0,2363210000.0,3969427000.0,2275965000.0,1109017000.0,1934480800.0000002,5179823800.0,50.399046503847444,1.1957185353819593,0.6332459766214346,2.7189949400153677,0.026221343213798973,50.399046503847444,0.07725811564114436,0.625650333510999,5.194241034508684,1.6051890980481969,0.07493528950562256,1.1536702014310414,0.0036066524930100105,0.5975284125112642,0.21247413475738508,0.017993189384468544,18.976288477761866,0.1507911507035038,0.5737704918032787,2.2469971919304093,2.127883788125408,1.570591973380576,0.011963700846705316,0.534899439498846,0.2672353439699326,1.3590700596401426,0.630486229222187,0.6820092261263246,Auto & Truck Dealerships,Consumer Cyclical,LAD
2018Q2,2018,Q2,2018-07-27,2018-06-30,60660000.0,3096537000.0,108556000.0,2.44,460727000.0,0.14878782330067428,5164162000.0,1160868000.0,2893329000.0,2412211000.0,4003294000.0,2333112000.0,1022888000.0,2310628810.0,5617880810.0,47.51229893995826,1.1994510430472294,0.6462312762457878,2.8747824903434327,0.018128955486322932,47.51229893995826,0.05225400303910522,0.7461977073098109,9.522868488295416,1.990431995713552,0.11834817012858556,1.1297400210534256,0.003106946459306028,0.5996204224422085,0.21307671675487758,0.011746339483540601,14.709042708273653,0.14878782330067428,0.17874396135265708,1.5047612146355493,2.239947903458444,1.5726336629976703,0.1289257089370294,0.1651716255930543,0.15777012254300737,0.27627554296455414,0.6711552071028878,0.6630207758147404,Auto & Truck Dealerships,Consumer Cyclical,LAD
2018Q1,2018,Q1,2018-04-27,2018-03-31,52061000.0,2659679000.0,93763000.0,2.07,408111000.0,0.15344370504861676,5086983000.0,1127105000.0,2971440000.0,2503925000.0,3959878000.0,2365924000.0,969406000.0,2511492200.0,5770565200.0,45.11126676005603,1.1867128608085307,0.6542302185794605,2.952748856583903,0.01569797546291421,45.11126676005603,0.046190017788937145,0.9442839530635088,12.060334031232593,2.22826817377263,0.12982847044812815,0.9516653958453442,0.0026912287444093995,0.5228401588918226,0.2191052048284194,0.010234160405096695,365.6270490609987,0.15344370504861676,-0.4215141380698851,1.4210675777490978,2.02067824625324,1.5815399226740237,0.030213913192744017,-0.4176882466108899,-0.16982017477842806,0.3502869734937166,0.5674072343827384,0.678948164944101,Auto & Truck Dealerships,Consumer Cyclical,LAD
2017Q4,2017,Q4,2018-02-23,2017-12-31,89404000.0,2703031000.0,112943000.0,3.5783069841905144,396142000.0,0.14655473799597563,4683066000.0,1083218000.0,2782782000.0,2300981000.0,3599848000.0,2132744000.0,922662000.0,2838046150.0,5747171150.0,43.35473283970382,1.209389386526877,0.6334264774402069,2.7384866204217433,0.02727282343684858,43.35473283970382,0.08253555609304868,1.0499495381296033,7.936015586550937,2.620013838396334,0.07539931099279674,1.0816530253982664,0.0023752256459959255,0.5771925913493425,0.25171481207363294,0.019090911808631355,-19.588402791198476,0.14655473799597563,0.7286507170002486,3.623724020616485,2.2654632782496353,1.595201561664771,-0.01706858947796765,0.7230852253016228,0.06598270915131381,1.2913890564032149,0.5892878191793872,0.6968334760140593,Auto & Truck Dealerships,Consumer Cyclical,LAD
2017Q3,2017,Q3,2017-11-07,2017-09-30,51886000.0,2680342000.0,105952000.0,2.07,403021000.0,0.15036178219048166,4371593000.0,1031376000.0,2511268000.0,2074762000.0,3340217000.0,1966456000.0,839999000.0,3003659460.0,5686978460.0,41.311223263638546,1.210388468653272,0.6226325277764879,2.6390918539892336,0.01692455917219982,41.311223263638546,0.05030755030173283,1.1206254500358537,14.472398431176039,2.912283648252432,0.1301121689858536,1.1580838828837259,0.002247591676055048,0.613127068324979,0.23385332871914946,0.011868899963926193,71.39161600076058,0.15036178219048166,-0.02358490566037748,1.2773036191760054,2.077923263827438,1.569466805300354,0.07394656128504468,-0.024699248120300752,0.01925925925925926,0.5716525158989079,1.1617427975957553,0.7293541394388504,Auto & Truck Dealerships,Consumer Cyclical,LAD
2017Q2,2017,Q2,2017-08-02,2017-06-30,53200000.0,2467036000.0,103950000.0,2.12,375271000.0,0.15211411588643214,3976495000.0,987827000.0,2323768000.0,1957652000.0,2988668000.0,1878780000.0,794863000.0,2357540370.0,4759725370.0,39.48307286462288,1.1870179173826605,0.6119363912189001,2.4633483393347215,0.018402910285439278,39.48307286462288,0.05385558402432815,0.9556165252554077,11.07866715225564,2.3865923587834716,0.12706766917293233,1.1133634592661195,0.0028673952251345755,0.6204046528412585,0.19931376976091766,0.013378616092815406,66.12274555449599,0.15211411588643214,0.05472636815920415,1.6329969214612552,1.95345858944627,1.6021356434898204,0.09840129722641752,0.04875115816034853,0.20674243391648575,0.4490427667569688,1.1069054269668865,0.7415618123545369,Auto & Truck Dealerships,Consumer Cyclical,LAD
2017Q1,2017,Q1,2017-04-28,2017-03-31,50727000.0,2236101000.0,86141000.0,2.01,341652000.0,0.15278916292242614,3801964000.0,950166000.0,2233496000.0,1939866000.0,2851798000.0,1812217000.0,748423000.0,2154354450.0,4407254450.0,37.77545422017254,1.1513661252890663,0.6008315702095023,2.4041483277658853,0.016624487880373608,37.77545422017254,0.05338751333977431,0.9634423713419027,10.617395322017861,2.2673453375515438,0.12403650915685926,1.045376464297598,0.0029205964691650438,0.5881436541745266,0.19229730300958933,0.013342314656319734,19.472630270709992,0.15278916292242614,-0.009852216748768483,2.119123109934668,2.0430528862638813,1.570990215016865,0.020356234096692113,-0.011535688536409516,0.05672436424304133,1.117761979631208,1.1417179546163925,0.7619911616155919,Auto & Truck Dealerships,Consumer Cyclical,LAD
2016Q4,2016,Q4,2017-02-28,2016-12-31,51319000.0,2291990000.0,81517000.0,2.03,334836000.0,0.14608964262496782,3844150000.0,910776000.0,2287194000.0,1921994000.0,2933374000.0,1772587000.0,703820000.0,2434693520.0,4776789520.0,36.22239898186446,1.1900109989937533,0.6223425204531561,2.626746862016566,0.01915365102108672,36.22239898186446,0.05634645620877142,1.062261842329155,11.860585358249383,2.6732078139959774,0.12291743798593113,1.1041229570114188,0.002590880514603744,0.596228034806134,0.2434950369251933,0.01334989529544893,-19.847020289713303,0.14608964262496782,-0.05140186915887865,1.8252774262176747,2.452399978389315,1.5630493988409626,-0.007190276966503687,-0.050369164153142985,-0.1274418505079049,0.9366868392930314,1.3100957988772821,0.7594270831496844,Auto & Truck Dealerships,Consumer Cyclical,LAD
2016Q3,2016,Q3,2016-10-28,2016-09-30,54041000.0,2269967000.0,93423000.0,2.14,337261000.0,0.14857528765836683,3563606000.0,866090000.0,2032698000.0,1735179000.0,2697516000.0,1657693000.0,658916000.0,2403951840.0,4559402840.0,34.41371637461756,1.1714630017998142,0.6116184000139185,2.516559479961667,0.02070086055526802,34.41371637461756,0.06239651768291979,1.0590250166632378,11.120962972557873,2.7756374510732136,0.11655964915527099,1.165901044403276,0.0026202687987293455,0.6369859630946856,0.19697103295971194,0.01516469553592625,28.19388776168416,0.14857528765836683,0.06467661691542306,2.35557954359775,2.163767846126248,1.5567556996874883,0.04727732303220758,0.050808897876643076,0.032195693245975536,0.7906364029773153,1.1818347899460606,0.7552638238906823,Auto & Truck Dealerships,Consumer Cyclical,LAD
2016Q2,2016,Q2,2016-07-29,2016-06-30,51428000.0,2133339000.0,90509000.0,2.01,322036000.0,0.1509539740285065,3322070000.0,817461000.0,1940803000.0,1663706000.0,2504609000.0,1582274000.0,611062000.0,1809584339.9999998,3822650340.0,32.105137067001806,1.1665540666439864,0.6104958655296246,2.4809868605352428,0.02116048546690226,32.105137067001806,0.06291186980173978,0.8482404062364208,8.796688282647583,2.2136644316976586,0.12392082134245937,1.1447467379227618,0.003521803244605886,0.6421715978290644,0.19254423558008446,0.015480709316781404,404.8287114093959,0.1509539740285065,0.2967741935483869,2.6050043304415373,2.217569542239014,1.470846965026937,0.04835569792500863,0.2770797119443755,0.24129465816361517,1.037735634709466,1.1419331257515797,0.7383868643800822,Auto & Truck Dealerships,Consumer Cyclical,LAD
2016Q1,2016,Q1,2016-04-29,2016-03-31,40270000.0,1982861000.0,72915000.0,1.55,307182000.0,0.15491857472611545,3267618000.0,814677000.0,1899409000.0,1643703000.0,2452941000.0,1541085000.0,566007000.0,2254511280.0,4214923280.0,31.55705763867369,1.1555670337037773,0.6065491743526936,2.4328304346385132,0.01749272527386246,31.55705763867369,0.049430633244832003,1.1369991542523656,13.996221008194684,2.7673682698787374,0.12791159672212565,1.0873371682937671,0.002284752374359378,0.6068215440115705,0.18729113471229292,0.01232396198086802,120.60724763280372,0.15491857472611545,-0.16167770049442723,3.7174659993837893,2.35330490358597,1.5261613339000981,0.046891347985672564,-0.15633118243526356,-0.045802525682130474,0.8124516792083235,1.1795052325938824,0.8058859789877512,Auto & Truck Dealerships,Consumer Cyclical,LAD
2015Q4,2015,Q4,2016-02-26,2015-12-31,47732000.0,1993282000.0,76415000.0,1.8489308955686397,293423000.0,0.14720596483588375,3227299000.0,828164000.0,1878865000.0,1590825000.0,2399135000.0,1470987000.0,530893000.0,2753792720.0,4668093720.0,32.07948559033158,1.1810632847736238,0.6071048886390756,2.3658466197516432,0.019715407697780362,32.07948559033158,0.057635927183504715,1.3815369425901602,14.423199949719265,3.3251780082205937,0.10990530461744741,1.1555907700068049,0.0019050090305998049,0.6176316480127809,0.22219288733833073,0.014790076779374951,-51.18764117625191,0.14720596483588375,0.12739688754185352,10.115541163905002,2.6585539826754903,1.637350726698049,-0.05708464685221426,0.10004378788227973,0.04969985026855502,1.3891036269585497,1.3305204819976324,0.9202685761954236,Auto & Truck Dealerships,Consumer Cyclical,LAD
2015Q3,2015,Q3,2015-11-02,2015-09-30,43391000.0,2084845000.0,72797000.0,1.64,311187000.0,0.14926145588760795,3059829000.0,787713000.0,1738037000.0,1502269000.0,2272116000.0,1386960000.0,488407000.0,2842103790.0,4654246790.0,29.963596941686635,1.1569412668436878,0.6029258497778798,2.3420332024481,0.01915532621359213,29.963596941686635,0.05508478341731062,1.3632206662845439,16.3749613399092,3.6080447955029307,0.1211541563918785,1.2788097710099786,0.0018496861439391697,0.6813599714232397,0.21197069233273136,0.014180857819178784,44.79916442048518,0.14926145588760795,-0.150259067357513,3.3970527712080174,2.5503557089949034,1.485445603803187,0.045483102580556295,-0.15290006442418444,-0.14978626988390834,0.8086115663508219,1.2736114551993554,0.8636695219051707,Auto & Truck Dealerships,Consumer Cyclical,LAD
2015Q2,2015,Q2,2015-07-31,2015-06-30,51223000.0,1996947000.0,85622000.0,1.93,297649000.0,0.14905202792062083,3004855000.0,752302000.0,1710547000.0,1493102000.0,2252553000.0,1367317000.0,450273000.0,2979729120.0,4808881120.0,28.56987695579523,1.1456330511914123,0.6165176023468687,2.462503090514182,0.02225984899295562,28.56987695579523,0.06808834749874386,1.4921423152442204,14.542925638873161,3.9608150981919494,0.10280538039552545,1.2427973908025718,0.0017672747380473297,0.6645734985548387,0.20842648392407218,0.017046746016030723,-93.1456430134417,0.14905202792062083,0.261437908496732,30.438279420691284,2.693740974203742,1.4330031758226,0.08879378143575674,0.26000541165473645,0.26098290157729637,1.4087394755724039,1.2714754030269175,0.8829004371492272,Auto & Truck Dealerships,Consumer Cyclical,LAD
2015Q1,2015,Q1,2015-05-01,2015-03-31,40653000.0,1789178000.0,67901000.0,1.53,273375000.0,0.15279362925321013,2924385000.0,707837000.0,1634799000.0,1433241000.0,2216548000.0,1286614000.0,404316000.0,2618880003.71,4415857003.71,26.86876682792525,1.140630919712735,0.6216691714668212,2.568387919817698,0.018824191811094102,26.86876682792525,0.05743271402879477,1.463733627235524,16.105084518424224,3.699834854224913,0.10370698349445305,1.1781334572762305,0.0016098484825679154,0.6118134240190672,0.21745191492568242,0.01390138439364174,196.73076950946515,0.15279362925321013,-0.020255871900826377,30.538887836415476,2.795329318799151,1.2554824558286957,0.04692843547627345,-0.011837627613028683,0.02855368395540475,1.3866580660433585,1.3247480853557367,0.8286831496860299,Auto & Truck Dealerships,Consumer Cyclical,LAD
2014Q4,2014,Q4,2015-03-02,2014-12-31,41140000.0,1793307000.0,66016000.0,1.561632222250101,261121000.0,0.1456086436956974,2880932000.0,673105000.0,1615509000.0,1442600000.0,2207827000.0,1249659000.0,367879000.0,2283781385.39,4073540385.39,25.550375716034377,1.1198592818522113,0.6316209476655471,2.7033776305331263,0.019207488679222746,25.550375716034377,0.06111973614814925,1.2735027440309996,13.878107592306758,3.3929050971096633,0.10204180845892076,1.2260832755175612,0.0018381794452200207,0.622474601969085,0.2254796894496049,0.014280101022863435,-25.59805177701559,0.1456086436956974,0.19208566583977163,27.0221791474687,2.3789298933286713,1.1548700133752505,0.3198594824100283,0.19118626400671743,0.09759585009809464,1.161703092688419,1.5781719118967563,0.8079110428862011,Auto & Truck Dealerships,Consumer Cyclical,LAD
2014Q3,2014,Q3,2014-10-31,2014-09-30,34537000.0,1297111000.0,60146000.0,1.31,197840000.0,0.15252356968678857,1904903000.0,623913000.0,1165785000.0,929770000.0,1280990000.0,941756000.0,330937000.0,1976871420.0,2967216420.0,23.88823799678383,1.2538423481075964,0.5312664214398318,1.6220386496194181,0.022676654735648397,23.88823799678383,0.0553554742407996,1.5240572472209395,14.309808466282536,3.168504935784316,0.12085589367924256,1.1672566991874753,0.0021114170389493515,0.6809328349002548,0.21889392000172087,0.018130581977140042,27.088965290433972,0.15252356968678857,-0.09655172413793096,3.8414992107813424,1.2671566888836012,0.8944485381461104,0.028809152366094645,-0.09846250228405858,-0.014193929063135121,1.0664281220415428,0.7420224124053286,0.7747687575764484,Auto & Truck Dealerships,Consumer Cyclical,LAD
2014Q2,2014,Q2,2014-08-08,2014-06-30,38309000.0,1221802000.0,61012000.0,1.45,192300000.0,0.1573904773441196,1940127000.0,591851000.0,1212904000.0,1003986000.0,1348276000.0,981223000.0,300574000.0,2455791420.0,3523283420.0,22.671071784264154,1.2080885590038108,0.5647542660867046,1.8513021013734876,0.02227889768986477,22.671071784264154,0.06472743984550165,2.009974955025446,16.026204155681434,4.149340661754394,0.1090866376047404,1.0492028825251751,0.0017016917503523163,0.6297536192218345,0.2185598205552667,0.01974561459120975,-557.2478829135466,0.1573904773441196,0.5425531914893618,7.4452939703456815,1.4553392736174766,0.8551482759073243,0.11762688813850902,0.5488396539176842,0.3641587479038569,1.6191426409627037,0.7973020976631173,0.7447908350353019,Auto & Truck Dealerships,Consumer Cyclical,LAD
2014Q1,2014,Q1,2014-04-28,2014-03-31,24734000.0,1078106000.0,44725000.0,0.94,172061000.0,0.15959562417795653,1844276000.0,556837000.0,1167550000.0,940428000.0,1287439000.0,935850000.0,266444000.0,1726165579.9999998,2745689580.0,21.439071343318062,1.241509185179514,0.5649176153677649,1.871039460380686,0.01697217326779247,21.439071343318062,0.04441874372572225,1.6011093343326164,17.44729501900218,3.0999477046245127,0.13657313819034528,0.9681519474274723,0.0019569385690102804,0.5845686871162451,0.21811026468799313,0.013411224784142937,-49.295073250135644,0.15959562417795653,-0.10804398655560427,13.868438507233753,1.165162448492258,0.7681971873836391,0.08015418128856887,-0.09637585854157533,-0.018349026579750224,1.879972510666038,0.8122122968602591,0.7162104807846069,Auto & Truck Dealerships,Consumer Cyclical,LAD
2013Q4,2013,Q4,2014-02-21,2013-12-31,27372000.0,1024874000.0,45561000.0,1.0538636276132907,159293000.0,0.15542691101540287,1725121000.0,534722000.0,1081549000.0,872511000.0,1190399000.0,859019000.0,245088000.0,1803045660.0,2745768660.0,20.58761021060332,1.2395820797674757,0.5601978064147385,1.8073110887526602,0.019988755830189393,20.58761021060332,0.051189216078635254,1.7592851999367727,16.46797512056116,3.371930947295978,0.12297238053485314,1.0076389462864035,0.001866841242389835,0.5940881827999311,0.22258172103274343,0.015866713117514655,-18.619387837293598,0.15542691101540287,-0.1068952308361943,6.111657380312244,1.013754684667618,0.7201729538179812,-0.03685855770335391,-0.11754465149268167,-0.11908352668213457,5.335696245843227,0.8697262919962017,0.6925691840356476,Auto & Truck Dealerships,Consumer Cyclical,LAD
2013Q3,2013,Q3,2013-10-25,2013-09-30,31018000.0,1069290000.0,51720000.0,1.18,165389000.0,0.15467179156262567,1539178000.0,507129000.0,935198000.0,746040000.0,1032049000.0,755698000.0,221082000.0,1887183359.9999998,2684576360.0,19.606007886801205,1.2535494075384699,0.5285197683438823,1.6041007317664737,0.02535581262458534,19.606007886801205,0.06116392476076107,1.7648938641528489,15.210388806499452,3.721308306170619,0.10842091688696885,1.196114056144121,0.001782020799505142,0.6947149712378945,0.20934400300251998,0.020152315066873358,24.659715402004466,0.15467179156262567,0.20408163265306117,11.213078871709623,0.4773081441913731,0.5413708849350718,0.03476128208817954,0.21377421248288006,0.1329434185450483,2.194630278398119,0.8507100917025728,0.6262956081412867,Auto & Truck Dealerships,Consumer Cyclical,LAD
2013Q2,2013,Q2,2013-07-26,2013-06-30,25555000.0,1008505000.0,45651000.0,0.98,159833000.0,0.15848508435753914,1572516000.0,476151000.0,971343000.0,734677000.0,1096365000.0,783840000.0,193427000.0,1393001460.0,2260705460.0,18.468350011636026,1.3221361224048118,0.5646753355768717,1.8648726979466599,0.020506254500692992,18.468350011636026,0.0536699492387919,1.381253895617771,13.62748444531403,2.92554559372972,0.13132459401291333,1.0827107572974077,0.0024091862760861715,0.6413321072726764,0.22334985306468014,0.016251027016577255,-34.11710653930933,0.15848508435753914,0.15294117647058825,1.0952423669674285,0.168716583083489,0.420614814484168,0.09147215886586815,0.15869417365676716,0.12479672793574138,15.999975180089884,0.905220283369612,0.572759809222745,Auto & Truck Dealerships,Consumer Cyclical,LAD
2013Q1,2013,Q1,2013-04-26,2013-03-31,22055000.0,903080000.0,40586000.0,0.85,146438000.0,0.16215396199672233,1459703000.0,447803000.0,891040000.0,728797000.0,1011900000.0,714121000.0,171228000.0,1208778420.0,2007030420.0,17.474557090455008,1.2226175464498346,0.5571393632814347,1.816106636177069,0.0197951066613221,17.474557090455008,0.04925156821191461,1.3385064667582052,13.701863749716619,2.6993531083981126,0.0,1.0595431306459269,0.0,0.6186737987111077,0.20460429996281543,0.015109237975122336,27.999129528398036,0.16215396199672233,0.09833098023396533,8.840630988750616,-0.007897721053606723,-0.31612704639152894,0.09745642040259604,0.11209156918112143,0.13727687953596548,16.589987902603113,0.969367852577297,0.46689117492116927,Auto & Truck Dealerships,Consumer Cyclical,LAD
2012Q4,2012,Q4,2013-02-22,2012-12-31,19832000.0,849000000.0,35687000.0,0.7739015062826816,133434000.0,0.1571660777385159,1492702000.0,428101000.0,933209000.0,721304000.0,1064601000.0,723326000.0,149173000.0,958924920.0,1792727920.0,16.705728556934364,1.2937804309971939,0.5872853389357018,2.0477457422430687,0.01689638966705168,16.705728556934364,0.046325516642100814,1.1294757597173144,12.088101553045584,2.239950198668071,0.2583198870512303,0.9892717806355641,0.005342441199671815,0.5687672422224932,0.24398589221742845,0.013285974025626012,-14.582413357867365,0.1571660777385159,-0.14010943746368712,4.237526339606279,-0.06782193227217757,-0.3528573152535422,-0.07481417794541824,-0.14675386137761906,-0.1789107976899892,13.8958684074582,0.644511563519054,0.4089293213928417,Auto & Truck Dealerships,Consumer Cyclical,LAD
2012Q3,2012,Q3,2012-10-26,2012-09-30,23243000.0,888373000.0,43463000.0,0.9,144224000.0,0.16234622168841242,1366537000.0,409484000.0,837496000.0,642491000.0,957053000.0,658694000.0,134463000.0,857286539.9999999,1610766540.0,16.077741568180926,1.3035139791841441,0.5658368562285544,1.8883204227759816,0.02234269016889801,16.077741568180926,0.056761680554063165,0.9650074236835202,9.220911026975863,2.0935776245225695,0.10949533192789226,1.129733988771721,0.0029686690286773896,0.6500907037277439,0.23091218398390018,0.01700868692175916,-23.44490893179456,0.16234622168841242,0.15384615384615383,0.5860245788299566,-0.20765741170978116,-0.39033645026590735,0.04367207230676827,0.13430286467229516,0.15100235692910674,2.3412999264895062,0.5923105363974202,0.27503979216181845,Auto & Truck Dealerships,Consumer Cyclical,LAD
2012Q2,2012,Q2,2012-07-27,2012-06-30,20491000.0,847123000.0,37761000.0,0.78,138189000.0,0.16312743249799616,1283575000.0,384993000.0,766126000.0,623805000.0,898582000.0,617568000.0,113766000.0,584847650.0,1297197650.0,15.173333858826311,1.2281498224605445,0.5676310305202267,1.892494149244272,0.021111245110763302,15.173333858826311,0.05322434433872824,0.6903928355150315,7.13542103850471,1.519112425420722,0.12610414328241668,1.1479448417016427,0.0044182446488414545,0.659971563796428,0.21480109970263142,0.015964006777944413,-4.667988809871577,0.16312743249799616,0.23809523809523814,0.9812052471224756,-0.26497756487635465,-0.41662325836322983,0.08069069609215537,0.21999285544177186,0.18124941345762818,3.6477806491600684,0.7515626117512239,0.24161682411088084,Auto & Truck Dealerships,Consumer Cyclical,LAD
2012Q1,2012,Q1,2012-04-27,2012-03-31,16796000.0,758894000.0,31967000.0,0.63,127871000.0,0.16849652257100464,1198727000.0,381679000.0,694266000.0,508507000.0,817048000.0,559216000.0,95859000.0,680597400.0,1330265400.0,14.692959156176618,1.3653027391953307,0.549443701526703,1.7256202201326245,0.019280220267290503,14.692959156176618,0.04400556488567618,0.8968280155067769,10.130349487973326,1.783167006830347,0.10800190521552751,1.1284065548911333,0.002665305509542058,0.633083262494296,0.23599478473256022,0.0140115305653414,-13.764458196820774,0.16849652257100464,-0.12791697751252262,0.7813400410882637,-0.28878228579515564,-0.42465399329382186,0.1405851395950406,-0.10497708621975914,0.055295127426383206,9.095085271502402,0.5238536640387994,0.211808507852716,Auto & Truck Dealerships,Consumer Cyclical,LAD
2011Q4,2011,Q4,2012-02-24,2011-12-31,18766000.0,685877000.0,30292000.0,0.7224082842514532,112110000.0,0.16345496349928632,1146133000.0,367121000.0,648191000.0,456584000.0,779012000.0,506484000.0,80877000.0,567857220.0,1177820220.0,14.132540324132886,1.4196533387065688,0.5503846412240115,1.718272722072559,0.02029983367385412,14.132540324132886,0.051116661809049335,0.8279286519303024,7.564974155387403,1.546784901980546,0.09677075562186933,1.1328432882381279,0.003197986986940133,0.5984270586397914,0.2633863648310059,0.016373317930816058,-44.122550116550116,0.16345496349928632,0.16517465201847292,1.5467864490195922,-0.2625241024189919,-0.4416793995901883,-0.09348189955608024,0.13300730543983577,-0.04966274509803922,4.503967250635263,0.3474586566271623,0.18082737071613617,Auto & Truck Dealerships,Consumer Cyclical,LAD
2011Q3,2011,Q3,2011-10-28,2011-09-30,16563000.0,737901000.0,31875000.0,0.62,123671000.0,0.16759836346610182,1115215000.0,348383000.0,604164000.0,436483000.0,766832000.0,489217000.0,63927000.0,372197540.0,978155540.0,13.459915774832902,1.3841638735071011,0.5576449384199459,1.7850871024131487,0.01992204782656927,13.459915774832902,0.047542503509069044,0.504400373491837,5.617906478294995,1.068357353831846,0.11097023486083439,1.255536908979042,0.0049382379045277945,0.6616670328143004,0.22952325749227348,0.01485184471155786,67.40266932270916,0.16759836346610182,0.12727272727272718,0.1894711832470447,-0.3670092290063473,-0.46395519804518826,0.03286396739493552,0.11715904492108459,0.06292517006802721,6.450000685888673,0.01879861647053589,0.05818188020685483,Auto & Truck Dealerships,Consumer Cyclical,LAD
2011Q2,2011,Q2,2011-07-29,2011-06-30,14826000.0,689068000.0,29988000.0,0.55,119736000.0,0.1737651436432979,1101201000.0,343836000.0,607175000.0,444708000.0,757365000.0,497530000.0,49203000.0,519449060.0,1130366060.0,12.993575693447207,1.3653341068746234,0.5654326503517523,1.81090694400819,0.019411132734328904,12.993575693447207,0.043119394129759535,0.7538429588952034,8.759089774720087,1.5107465768564083,0.12491568865506543,1.1443169256125258,0.003565315913749079,0.6257422577712879,0.2260606960072677,0.013463482143586865,-45.09889390519187,0.1737651436432979,0.6666666666666667,-0.06351890383273777,-0.4000996922789565,-0.47500840234887326,0.14106009491680485,0.7031591039632396,0.45445727034629935,1.0538359311984056,-0.2219864307331365,-0.0005135211536251358,Auto & Truck Dealerships,Consumer Cyclical,LAD
2011Q1,2011,Q1,2011-04-29,2011-03-31,8705000.0,602997000.0,20618000.0,0.33,104934000.0,0.174020766272469,1020790000.0,328867000.0,561417000.0,409948000.0,691923000.0,456945000.0,36228000.0,383833080.0,930982080.0,12.492099065562561,1.3694834466810424,0.5488562779807796,1.7036279103710619,0.013613365837192082,12.492099065562561,0.026469667069058313,0.6365422713545839,11.023350947731188,1.167137718287332,0.15117748420448018,1.0899845714473295,0.0034285736914598398,0.5907160140675359,0.22631406910144702,0.008527708931317901,-28.279163044279084,0.174020766272469,0.9839187029002056,-0.30990177830769605,-0.4052907932356981,-0.4840333122536415,0.10645521837238238,0.9878967800867778,0.6097751405371643,4.012372490542619,-0.3551758129958122,-0.511117298108673,Auto & Truck Dealerships,Consumer Cyclical,LAD
2010Q4,2010,Q4,2011-03-07,2010-12-31,4379000.0,555591000.0,12808000.0,0.16633746106510675,94838000.0,0.17069750949889398,971676000.0,320217000.0,508544000.0,345869000.0,651459000.0,415228000.0,28839000.0,376198540.0,898923540.0,12.163526551697942,1.4703370351202334,0.5475395090544585,1.6614701905270488,0.009469029483024801,12.163526551697942,0.013675101571746659,0.677114172115819,21.47742292760904,1.1748237601376565,0.2996117835122174,1.1096385600200371,0.003487520180168695,0.571786274437158,0.243783050808254,0.004506646248337924,-44.41541204250295,0.17069750949889398,-0.5504392944186304,-0.6599735327106426,-0.35336739144426493,-0.48591883787003065,-0.09629897850282056,-0.5527982026143791,-0.4488338066959291,1.6958532928152903,-0.40619706856971055,-0.5288120956937707,Auto & Truck Dealerships,Consumer Cyclical,LAD
2010Q3,2010,Q3,2010-10-29,2010-09-30,9792000.0,582687000.0,23238000.0,0.37,104944000.0,0.18010355473865042,955089000.0,314483000.0,489403000.0,323597000.0,640606000.0,392906000.0,25772000.0,250164740.0,753499740.0,12.05562370620256,1.5123842310033777,0.543023739148917,1.6491702254175902,0.01655209037139057,12.05562370620256,0.031136818206389534,0.42932953712713684,6.386967422385621,0.7954793740838138,0.13347630718954248,1.215921874443251,0.005224557225770507,0.6100865992593361,0.17471113761870474,0.010252447677650984,-21.18424422050978,0.18010355473865042,6.285714285714286,-0.5907974641465832,-0.5061112404193614,-0.4849771444579098,0.09610102044013662,6.696335078534031,6.110771113831089,-0.34763066375469565,-0.49259191674376135,-0.5428540562234256,Auto & Truck Dealerships,Consumer Cyclical,LAD
2010Q2,2010,Q2,2010-08-05,2010-06-30,-1719000.0,534101000.0,3268000.0,-0.07,95743000.0,0.17926010248997848,909292000.0,305473000.0,449385000.0,335225000.0,603819000.0,361063000.0,17287000.0,160766520.0,636185520.0,11.74263857922657,1.3405473935416512,0.5397584054407165,1.606682096290016,0.0023779768051560915,11.74263857922657,-0.005627338586388977,0.3010039674144029,-23.380820244328095,0.5262871677693282,0.0,1.214076213846337,0.0,0.5873811712849117,0.15382504288164667,-0.001890481825420217,61.88087759815242,0.17926010248997848,-2.4,-1.0997948396471087,-0.4845345001302271,-0.47887932191091614,0.10539866534278523,-2.356748224151539,-0.615121893769874,-1.1621089065620067,-0.5479960848049935,-0.5485249124349446,Auto & Truck Dealerships,Consumer Cyclical,LAD
2010Q1,2010,Q1,2010-04-30,2010-03-31,1267000.0,463377000.0,8491000.0,0.05,86614000.0,0.18691907453326342,921500000.0,308478000.0,444634000.0,344823000.0,613022000.0,360025000.0,20306000.0,165728000.0,649115000.0,11.912647229194825,1.2894557497614718,0.5369593054801953,1.6040301091163713,0.006489197633529062,11.912647229194825,0.004107262106211788,0.3576526241052102,32.7008681925809,0.5372441470704556,0.0,1.0464912158877855,0.0,0.5028507867607163,0.13995006133581578,0.0013749321758003256,-14.747108026339207,0.18691907453326342,1.8331724581724582,-0.9066491863556935,-0.49155361557123345,-0.45860383180145037,-0.08532747586964327,1.8153153153153154,17.94810379241517,-0.8651997622909045,-0.5643587471634912,-0.5335252797095388,Auto & Truck Dealerships,Consumer Cyclical,LAD
2009Q4,2009,Q4,2010-03-03,2009-12-31,-1554000.0,521682000.0,-501000.0,-0.060011585248117394,94694000.0,0.18151670941301407,895100000.0,307038000.0,418063000.0,321177000.0,588062000.0,328726000.0,19039000.0,212856900.00000003,681936900.0,11.85703803823132,1.3016592097192514,0.5383264439727404,1.5693692637393417,-0.00040912458405032034,11.85703803823132,-0.005061262775291658,0.40802040323415417,-34.243388030888035,0.693259140562406,0.0,1.298917639614755,0.0,0.582819796670763,0.1700806720281963,-0.001736118869400067,-3.258978167008605,0.18151670941301407,-1.2308137894158362,-1.1157479067829508,-0.42669998276183685,-0.4432876663184538,0.10323535237030047,-1.2720112025205672,-1.0287633482604202,-1.2115655307752404,-0.4372953257780838,-0.5315754673430615,Auto & Truck Dealerships,Consumer Cyclical,LAD
2009Q3,2009,Q3,2009-10-30,2009-09-30,5713000.0,458200000.0,17418000.0,0.26,85833000.0,0.18732649498035792,857221000.0,263755000.0,442898000.0,349964000.0,593466000.0,255036000.0,20593000.0,326096030.0,731495030.0,12.60959984701439,1.2655530283114835,0.4780342525439764,1.5536425849746924,0.015547941262009184,12.60959984701439,0.02166025288620121,0.7116892841553907,14.269912042709608,1.236359614035753,0.0,1.4600566194576452,0.0,0.5345179364481272,0.45723274393937663,0.006664559081030446,-61.03238442822384,0.18732649498035792,0.5294117647058822,-0.6448026142354392,-0.45465814748531114,-0.39910189744657526,0.10373427976236402,0.5596505596505597,0.4616094654694974,-0.49231496352489407,-0.5136268634085198,-0.4978192608485199,Auto & Truck Dealerships,Consumer Cyclical,LAD
2009Q2,2009,Q2,2009-08-05,2009-06-30,3663000.0,401828000.0,11917000.0,0.17,77766000.0,0.1935305653165036,938212000.0,257623000.0,522013000.0,462875000.0,680589000.0,300130000.0,14880000.0,194788440.0,671995440.0,12.22062520753285,1.127762354847421,0.5267636738818092,1.9183690897163685,0.009484987491521851,12.22062520753285,0.014218450992341522,0.4847557661487004,13.294324324324325,0.7560987955267969,0.0,1.0797387798620597,0.0,0.4282912603974368,0.41095112071293544,0.0039042348637621347,3.690642869323026,0.1935305653165036,1.8333333333333337,-0.6995134476035241,-0.4762750855966522,-0.40044742411525114,-0.005320917858330562,1.7562076749435667,1.0490027510316369,-0.7095687160163149,-0.560874501930947,-0.5062386441298203,Auto & Truck Dealerships,Consumer Cyclical,LAD
2009Q1,2009,Q1,2009-05-11,2009-03-31,1329000.0,397802000.0,5816000.0,0.06,78182000.0,0.1965349596030186,1048285000.0,251590000.0,611028000.0,504109000.0,796695000.0,391959000.0,11217000.0,46687500.0,635451500.0,12.124819277108434,1.2120950032631832,0.5703296336397068,2.376358360825152,0.0038103478156455164,12.124819277108434,0.005282403911125244,0.11736366332999834,8.78244920993228,0.1855697762232203,0.0,0.8154424314788026,0.0,0.3794788630954368,0.09034950774534872,0.0012677850012162723,6.988100583744949,0.1965349596030186,1.2910238429172511,-0.8404918253036211,-0.4401772015875571,-0.38412881589489434,0.004238812105019781,1.3106591865357644,0.3037435552566689,-0.8663300179661491,-0.5022362694749406,-0.4992032316507164,Auto & Truck Dealerships,Consumer Cyclical,LAD
2008Q4,2008,Q4,2009-03-16,2008-12-31,-4278000.0,406593000.0,4461000.0,-0.20616867469879518,77852000.0,0.19147402931186716,1133459000.0,248343000.0,696552000.0,597028000.0,885116000.0,422812000.0,9888000.0,67645000.0,738289000.0,11.96833734939759,1.1666990492908205,0.6012727412283991,2.7442609616538416,0.0013674481827863282,11.96833734939759,-0.01722617508848649,0.16637030150543664,-3.9530738662926597,0.27238537023391035,-0.23959794296400186,0.7775110450980578,0.015152635080198094,0.3587187538322957,0.08825381724140241,-0.0037742873804875164,-7.611679981996174,0.19147402931186716,-0.7180722891566266,-1.3847022375215146,-0.3167937659470976,-0.3789186309437614,-0.17455335842654934,-0.8104104951333051,-0.6221092757306226,-1.4214492975585389,-0.3996160512081924,-0.4941683444195748,Auto & Truck Dealerships,Consumer Cyclical,LAD
2008Q3,2008,Q3,2008-11-07,2008-09-30,-2363000.0,563159000.0,11805000.0,-0.12,94315000.0,0.167474904955794,1194862000.0,255987000.0,779533000.0,667817000.0,938875000.0,426620000.0,14166000.0,86738749.99999999,757791750.0,12.71985093167702,1.167285349130076,0.5763627933602374,2.6902694277443775,0.00712355871711209,12.71985093167702,-0.009230937508545355,0.15402177715352144,-9.176761531950909,0.33884044892904713,-1.200169276343631,1.0989733252074445,0.03269588275136545,0.4713171897675213,0.10049459657361223,-0.001977634237259198,1.6241994981649313,0.167474904955794,0.9902200488997556,-1.1671591756552213,-0.29539399587854454,-0.3301227243914752,-0.1487278077134837,0.9885746059375302,1.040498260684611,-1.1279977201249,-0.38127673963736936,-0.4566009931504788,Auto & Truck Dealerships,Consumer Cyclical,LAD
2008Q2,2008,Q2,2008-08-18,2008-06-30,-206820000.0,665144000.0,-291494000.0,-12.27,110793000.0,0.16656994575610695,1391619000.0,258354000.0,895633000.0,783018000.0,1133265000.0,623162000.0,17586000.0,97775160.0,846495160.0,13.000251597645047,1.1438217256819128,0.5533641032495245,2.980685416134451,-0.19405988045806633,13.000251597645047,-0.8005295060266147,0.14699848453868636,-0.11818871482448505,0.3784542139854618,-0.013572188376365922,0.8895776700119712,0.028708723156269957,0.477964155418976,0.09827360290568032,-0.1486182640507208,20.9682950889985,0.16656994575610695,-110.54545454545455,-23.267912336186054,-0.08605960214974825,-0.29098871977513907,-0.06164087709937241,-94.70569180934753,-33.940897276528425,-16.716956281857254,-0.15969762049744826,-0.42306834344043154,Auto & Truck Dealerships,Consumer Cyclical,LAD
2008Q1,2008,Q1,2008-05-12,2008-03-31,-2161000.0,699308000.0,8849000.0,-0.11,118071000.0,0.16883976731282926,1674452000.0,503049000.0,819456000.0,625265000.0,1171403000.0,640480000.0,266981000.0,200019920.0,1143780920.0,25.552344186519022,1.3105739166593364,0.5802590937214086,1.9314539935473483,0.003768808811803727,25.552344186519022,-0.004295804186073325,0.2860254994937853,-23.13974086071263,0.39761518261640516,-1.2845904673762147,0.9075021858606045,0.013878617689678109,0.4176339483006978,0.20827809008980191,-0.001290571482490988,-9.33015766396119,0.16883976731282926,0.5398278793030175,-1.4778921331320154,0.10391307048211343,0.42600141305524514,0.015778108519662413,0.5407989800254993,0.3284792073262273,-1.2094269817132621,0.009289047613684083,0.16128186832969119,Auto & Truck Dealerships,Consumer Cyclical,LAD
2007Q4,2007,Q4,2008-04-11,2007-12-31,-4706000.0,699693000.0,6661000.0,-0.2390409915172449,116237000.0,0.16612571513506638,1626735000.0,508212000.0,778538000.0,585091000.0,1118523000.0,601759000.0,271918000.0,270302510.0,1169049510.0,25.814598465992788,1.3306272015806089,0.5658032808048022,1.811078841113551,0.002869179351759894,25.814598465992788,-0.00925991515351861,0.3863158699601111,-14.35946185720357,0.5318695937915673,-0.5869103272418189,0.969584169077654,0.010218181103830668,0.4301210707337089,0.1411370197114637,-0.002892911260899901,-6.83566016741269,0.16612571513506638,-1.4510207387117828,-1.5969605149679384,0.10999587756876342,0.4628323556573025,-0.19665355827245648,-1.4187950520601584,-0.7919412775261596,-1.461052549920936,0.011393145101447327,0.21204851571840233,Auto & Truck Dealerships,Consumer Cyclical,LAD
2007Q3,2007,Q3,2007-11-07,2007-09-30,11237000.0,859707000.0,32015000.0,0.53,144691000.0,0.1683026891720086,1561528000.0,515009000.0,727993000.0,571371000.0,1046519000.0,559267000.0,279386000.0,353670190.0,1186790190.0,26.371498796661374,1.2741161171988078,0.5436143316034039,1.6482605158356456,0.01395601987032256,26.371498796661374,0.0218190361721834,0.41138456474124324,7.868429963513393,0.6867262319687617,0.2457061493281125,1.278487734838637,0.007806708278127711,0.5505549692352619,0.22447236559083328,0.007196156585088452,16.097136680169314,0.1683026891720086,0.3947368421052632,-0.03733411160827042,0.14913385813420602,0.5206034101825928,-0.024414747289497815,0.41470477149691554,0.030083655083655084,-0.2517007524436132,0.09593197504558076,0.25670788769365926,Auto & Truck Dealerships,Consumer Cyclical,LAD
2007Q2,2007,Q2,2007-08-09,2007-06-30,7943000.0,885109000.0,31080000.0,0.38,148312000.0,0.167563543021255,1747102000.0,506821000.0,934046000.0,742905000.0,1240281000.0,684926000.0,270910000.0,493775240.0,1469694240.0,26.009493995689212,1.257288616983329,0.5774259316284911,1.9904897389808236,0.012358916532364862,26.009493995689212,0.01567219984965106,0.5578694149534125,15.541207352385747,0.9742596301258235,0.34621679466196653,1.0757322688874418,0.005569335554370851,0.5066155267408543,0.22099864720253598,0.004546385958003597,-12.988274719204567,0.167563543021255,0.11764705882352934,-0.07948959332346008,0.39295973550530056,0.5542879536204091,0.0594395353987042,0.12268551236749117,0.29150218159152297,-0.2950777888411133,0.24803942720088498,0.2760442986961196,Auto & Truck Dealerships,Consumer Cyclical,LAD
2007Q1,2007,Q1,2007-05-08,2007-03-31,7075000.0,800656000.0,24065000.0,0.34,139991000.0,0.17484537679103135,1608986000.0,497779000.0,780117000.0,639590000.0,1111207000.0,599942000.0,265717000.0,534275720.0,1443190720.0,25.53760517135235,1.2197141919041887,0.5779652526498056,1.86817443082171,0.010232039877511881,25.53760517135235,0.014213134744535226,0.6672974660778161,18.879000706713782,1.073319123546795,0.38798586572438165,1.101214784095796,0.005137796641778893,0.49761526824969265,0.23631076158163825,0.00439717934152317,-6.244237813073408,0.17484537679103135,0.19863989871586182,-0.14860356352880943,0.1742461294151296,0.3255252949921336,0.2045863270662135,0.27961656719117384,0.040918724858341624,-0.09604646618850729,0.19947521769339613,0.2971636753203859,Auto & Truck Dealerships,Consumer Cyclical,LAD
