Year,Date,FillingDate,NetIncome,Revenue,OperatingIncome,EPSDiluted,GrossProfit,GrossProfitRatio,TotalAssets,CommonStockEquity,CurrentAssets,CurrentLiability,TotalLiability,Inventory,RetainedEarnings,EnterpriseValue,bookValuePerShare,currentRatio,debtToAssets,debtToEquity,roic,shareholdersEquityPerShare,roe,priceToSalesRatio,peRatio,pbRatio,payoutRatio,inventoryTurnover,dividendYield,assetTurnover,quickRatio,returnOnAssets,priceToFreeCashFlowsRatio,grossProfitMargin,epsdilutedGrowth,fiveYNetIncomeGrowthPerShare,fiveYRevenueGrowthPerShare,fiveYShareholdersEquityGrowthPerShare,grossProfitGrowth,netIncomeGrowth,operatingIncomeGrowth,threeYNetIncomeGrowthPerShare,threeYRevenueGrowthPerShare,threeYShareholdersEquityGrowthPerShare,Industry,Sector,Price,MarketCap,AvgVolume,Symbol
2022,2022-12-31,2023-03-06,-10453000.0,0.0,-11789000.0,-0.23,-180000.0,0.0,168408000.0,141968000.0,76088000.0,25062000.0,26440000.0,0.0,-353278000.0,-39626495.0,3.1612019728565226,3.0359907429574653,0.001033205073393188,0.0012256283106052068,-0.07790650236414773,3.1612019728565226,-0.07362926856756452,0.0,-3.3940978666411556,0.24990494336751945,0.0,0.0,0.0,0.0,3.000399010454074,-0.06206949788608617,-0.5378220170691407,0.0,0.54,0.9940297615093083,0.0,-0.9619629374018275,-0.38461538461538464,0.36215523553819867,0.3531412894375857,0.9655270392991904,0.0,-0.6366977887868432,Other Industrial Metals & Mining,Basic Materials,0.8369,42598042,337073,WWR
2021,2021-12-31,2022-02-11,-16388000.0,0.0,-18225000.0,-0.5,-130000.0,0.0,132983000.0,126198000.0,115613000.0,5324000.0,6785000.0,0.0,-342157000.0,-44853858.650000006,3.8648104624956003,21.715439519158526,0.0017671431686756955,0.0018621531244552212,-0.14605466400651002,3.8648104624956003,-0.12985942724924326,0.0,-4.283874868806443,0.5563015368706319,0.0,0.0,0.0,0.0,21.6553343350864,-0.12323379680109488,-3.4636213602052393,0.0,0.861878453038674,0.9973110333550146,0.0,-0.990569693686813,-1.5490196078431373,0.48604403186351375,-0.6220185119259523,0.9869524303683597,0.0,-0.8275535364570652,Other Industrial Metals & Mining,Basic Materials,0.8369,42598042,337073,WWR
2020,2020-12-31,2021-02-16,-31886000.0,0.0,-11236000.0,-3.62,-51000.0,0.0,61937000.0,57471000.0,52589000.0,4252000.0,4466000.0,0.0,-326013000.0,-6571993.3000000045,6.531396639917992,12.368062088428974,0.005860794032646076,0.006316229054653651,-0.4425084879802331,6.531396639917992,-0.55481895216718,0.0,-1.360471890484852,0.7548155887317082,0.0,0.0,0.0,0.0,12.190733772342426,-0.5148134394626798,-2.2491837351583968,0.0,0.4637037037037037,0.9871179215615363,0.0,-0.9913140605271854,0.9825641025641025,-1.4081262744505703,-0.028749313312580113,0.9070506631094459,0.0,-0.9214111768310824,Other Industrial Metals & Mining,Basic Materials,0.8369,42598042,337073,WWR
2019,2019-12-31,2020-02-14,-13241000.0,0.0,-10922000.0,-6.75,-2925000.0,0.0,26979000.0,17064000.0,2361000.0,3669000.0,9915000.0,0.0,-302439000.0,2760891.46,8.70130121779463,0.6434995911692559,0.018273471959672338,0.028891233005157054,-0.7583614532382967,8.70130121779463,-0.7759610876699484,0.0,-0.3125059632958236,0.24249246718237225,0.0,0.0,0.0,0.0,0.5096756609430363,-0.4907891322880759,-0.4117714658174943,0.0,0.8246753246753247,0.9744245389621874,0.0,-0.988690571979184,0.19950738916256158,0.6289373388633561,0.6970234957973869,0.9638250551149694,0.0,-0.978768445023789,Other Industrial Metals & Mining,Basic Materials,0.8369,42598042,337073,WWR
2018,2018-12-31,2019-02-15,-35684000.0,0.0,-36049000.0,-38.5,-3654000.0,0.0,29958000.0,20791000.0,4180000.0,3172000.0,9167000.0,0.0,-291874000.0,4916809.0,22.411653930689983,1.3177805800756621,0.0,0.0,-1.733875234476456,22.411653930689983,-1.7163195613486604,0.0,-0.18198097186414078,0.3123375018036651,0.0,0.0,0.0,0.0,1.1150693568726355,-1.1911342546231392,-0.5575042067307693,0.0,0.01282051282051282,0.9393764454878792,0.0,-0.9716038774462766,0.22683030046550995,-0.8500622148486106,-0.45253445080183735,0.8632584013565756,0.0,-0.9701953073347438,Other Industrial Metals & Mining,Basic Materials,0.8369,42598042,337073,WWR
2017,2017-12-31,2018-03-01,-19288000.0,0.0,-24818000.0,-39.0,-4726000.0,0.0,50238000.0,41117000.0,7833000.0,3968000.0,9121000.0,0.0,-256190000.0,22414536.5,83.10846729285542,1.9740423387096775,0.0,0.0,-0.6035946202300752,83.10846729285542,-0.4691003721088601,0.0,-1.372279992741601,0.6437370552326288,0.0,0.0,0.0,0.0,1.805695564516129,-0.3839324813885903,-2.2616881568828506,0.0,0.7908847184986595,0.9491100338709375,0.0,-0.9624530262670028,-0.35221745350500716,0.01616934455496047,-0.8662956835614378,0.8523238452473527,0.0,-0.8919806124115407,Other Industrial Metals & Mining,Basic Materials,0.8369,42598042,337073,WWR
2016,2016-12-31,2017-03-02,-19605000.0,0.0,-13298000.0,-186.5,-3495000.0,0.0,56914000.0,43048000.0,3911000.0,8143000.0,13866000.0,0.0,-236902000.0,9317171.5,409.8287302811337,0.4802898194768513,0.09542467582668587,0.1261614941460695,-0.27430433796076653,409.8287302811337,-0.45542185467385243,0.0,-0.3670069625095639,0.1671429915443226,0.0,0.0,0.0,0.0,0.4063612919071595,-0.3444670906982465,-0.5833134576408593,0.0,0.33724501159245535,0.7403495488457056,0.0,-0.7272627523059038,0.2181208053691275,-0.29465759756983423,0.20618433619866286,0.7058386535625012,0.0,-0.4807368127720502,Other Industrial Metals & Mining,Basic Materials,0.8369,42598042,337073,WWR
2015,2015-12-31,2016-03-18,-15143000.0,0.0,-16752000.0,-281.401126,-4470000.0,0.0,56966000.0,40479000.0,2005000.0,10890000.0,16487000.0,0.0,-217297000.0,22084584.0,751.9505127061971,0.18411386593204776,0.10802935084085244,0.15202944736777094,-0.359230587781185,751.9505127061971,-0.3740952098619037,0.0,-1.1091318761143762,0.41492092195953456,0.0,0.0,0.0,0.0,0.10018365472910927,-0.265825229084015,-1.393824398340249,0.0,-0.06590909242423625,0.6725849883735714,0.0,-0.722662898522827,-0.2764134780125643,-0.41735305129165107,-0.236309963099631,0.6328085853013,0.0,-0.660281712937805,Other Industrial Metals & Mining,Basic Materials,0.8369,42598042,337073,WWR
2014,2014-12-31,2015-03-19,-10684000.0,0.0,-13550000.0,-264.001056,-3502000.0,0.0,43104000.0,31137000.0,6433000.0,2672000.0,11967000.0,0.0,-202154000.0,43939520.0,769.3847294292068,2.407559880239521,0.10080270972531552,0.13954459324918908,-0.38188377205343554,769.3847294292068,-0.34312875357291966,0.0,-4.22730438038188,1.4505096830137778,0.0,0.0,0.0,0.0,2.0845808383233533,-0.2478656273199703,-3.7446745709311005,0.0,0.5849056603773585,0.7534655831428476,-1.0,-0.683644399449345,0.6497516307001997,0.47353386647145435,0.3175290866081276,0.6327401196798422,0.0,-0.4879815444406662,Other Industrial Metals & Mining,Basic Materials,0.8369,42598042,337073,WWR
2013,2013-12-31,2014-03-27,-20293803.0,0.0,-19854326.0,-636.002544,-9998619.0,0.0,36654817.0,25243388.0,1802981.0,3029203.0,11411429.0,0.0,-191470046.0,58064867.0,789.250500250125,0.5951997934770301,0.028243436599342454,0.04101105604366577,-0.7550986769294101,789.250500250125,-0.8039254873394965,0.0,-2.865254580425364,2.303451184920186,0.0,0.0,0.0,0.0,0.3688438840183375,-0.5536462779230353,-3.748277215774929,0.0,0.17187500000000006,0.7823360852234554,-1.0,-0.7729204524328427,-1.0901814172676594,-0.29885551247400455,-0.25372236523400477,0.2614875114143644,0.0,-0.7089057825214851,Other Industrial Metals & Mining,Basic Materials,0.8369,42598042,337073,WWR
2012,2012-12-31,2013-03-18,-15624373.0,0.0,-15836302.0,-768.003072,-4783613.0,0.0,58578770.0,45143377.0,5372824.0,9130132.0,13435393.0,0.0,-162201908.0,40055944.0,2213.453150281932,0.5884716672223359,0.09495146449814498,0.12321054315453626,-0.3115221313309848,2213.453150281932,-0.34610554279091704,0.0,-2.5062381703252985,0.8674229223037524,0.0,0.0,0.0,0.0,0.5412185716482522,-0.2667241562088108,-1.9703880243013718,0.0,-0.06666666666666662,-7.383750099487262,-1.0,-0.5364769973663319,-0.6801980855291418,-0.3951084152119976,-0.3921107084904915,0.28458874184907584,-1.0,-0.08987236961711671,Other Industrial Metals & Mining,Basic Materials,0.8369,42598042,337073,WWR
2011,2011-12-31,2012-03-12,-11199397.0,0.0,-11375749.0,-720.00288,-2847053.0,0.0,31404929.0,23411293.0,3179108.0,3480931.0,7993636.0,0.0,-146577535.0,65865298.0,1502.6503851091143,0.9132924496348822,0.01640382629108953,0.022004807679780865,-0.4730889773741535,1502.6503851091143,-0.47837584194943866,0.0,-6.093220911804448,2.914849683868379,0.0,0.0,0.0,0.0,0.8657451124426195,-0.35661271515691056,-6.190674000237864,0.0,0.1428571428571429,-1.2722973340122203,-1.0,-0.6670166768349313,-0.25420450245307613,-0.08159008483889282,-0.06315013775649436,0.7534057423860309,-1.0,-0.5676642973377216,Other Industrial Metals & Mining,Basic Materials,0.8369,42598042,337073,WWR
2010,2010-12-31,2011-03-30,-10354567.0,0.0,-10700040.0,-840.00336,-2270007.0,0.0,42561515.0,32676867.0,15611947.0,5011003.0,9884648.0,0.0,-135378138.0,231007511.0,2711.323182874212,3.115533357293939,0.012527350118998349,0.016316833556901278,-0.3202375519265494,2711.323182874212,-0.3168775941708243,0.0,-23.74418939971126,7.524001612516892,0.0,0.0,0.0,0.0,3.079765867232568,-0.24328473739715328,-26.797953613510153,0.0,0.22222222222222218,0.8508514045738793,-1.0,1.4588635656395534,0.3344783983201935,-0.02868159726409919,-0.051350621861742406,-8.159287591823064,-1.0,-0.4322171839616066,Other Industrial Metals & Mining,Basic Materials,0.8369,42598042,337073,WWR
2009,2009-12-31,2010-03-16,-10065862.0,4673169.0,-10177423.0,-1080.00432,-3410869.0,-0.7298835115956646,32011758.0,22861035.0,6281358.0,3005412.0,9150723.0,0.0,-125023571.0,37898491.0,2432.025,2.0900156118362476,0.01757351158283778,0.024607766008844307,,2432.025,-0.4403064865610853,9.293051460368757,-4.314384600146515,1.8996515249637647,0.0,0.0,0.0,0.14598289166124523,2.048290883246623,-0.31444264947898204,-7.613721950829536,-0.7298835115956646,0.6326530612244898,-1.2307600248977033,1.8249066274159953,24.20294639275479,0.7791404770373358,0.6202902099922759,0.623007345846806,-1.4056386429760457,-0.5279294316472086,-0.4610697374814027,Other Industrial Metals & Mining,Basic Materials,0.8369,42598042,337073,WWR
2008,2008-12-31,2009-03-11,-26509356.0,18551065.0,-26996343.0,-2940.01176,-15443613.0,-0.8324919890044049,43224406.0,31607620.0,13809368.0,4315300.0,11616786.0,1213927.0,-114957709.0,30580756.0,3475.656476797889,3.200094547308414,0.01406770054862061,0.01923801918651262,,3475.656476797889,-0.8387014270609429,2.264790727648251,-1.5848849741955255,1.329245289585233,0.0,28.00388985499128,0.0,0.42918033390672855,2.7997942205640394,-0.6132960161442126,-4.459921481107824,-0.8324919890044049,-25.5,-25.501872256563722,0.0,3.563705613547587,-1.7891763922421464,-25.6018742796051,-84.09788718087628,0.49395332482981674,1.5539108101198709,1.5882191152848928,Other Industrial Metals & Mining,Basic Materials,0.8369,42598042,337073,WWR
TTM,,,,,,,,,,,,,,,,2984042.0,2.8489706960240375,2.2724008303877015,0.0005621732368061064,0.0006389232014311879,-0.10861135913606,2.8489706960240375,-0.0938355408678474,193.62746363636364,-3.0891337908174687,0.2937552152319291,0.0,0.0,0.0,0.001374201245526038,2.2276833305279693,-0.08367011674464217,-0.48374433050568366,0.09545454545454546,,,,,,,,,,,Other Industrial Metals & Mining,Basic Materials,0.8369,42598042,337073,WWR
