Quarters,Year,Quarter,FillingDate,Date,NetIncome,Revenue,OperatingIncome,EPSDiluted,GrossProfit,GrossProfitRatio,TotalAssets,CommonStockEquity,CurrentAssets,CurrentLiability,TotalLiability,Inventory,RetainedEarnings,MarketCap,EnterpriseValue,bookValuePerShare,currentRatio,debtToAssets,debtToEquity,roic,shareholdersEquityPerShare,roe,priceToSalesRatio,peRatio,pbRatio,payoutRatio,inventoryTurnover,dividendYield,assetTurnover,quickRatio,returnOnAssets,priceToFreeCashFlowsRatio,grossProfitMargin,epsdilutedGrowth,fiveYNetIncomeGrowthPerShare,fiveYRevenueGrowthPerShare,fiveYShareholdersEquityGrowthPerShare,grossProfitGrowth,netIncomeGrowth,operatingIncomeGrowth,threeYNetIncomeGrowthPerShare,threeYRevenueGrowthPerShare,threeYShareholdersEquityGrowthPerShare,Industry,Sector,Symbol
2023Q1,2023,Q1,2023-04-27,2023-04-01,-8956000.0,410000000.0,-12976000.0,-0.73,155662000.0,0.3796634146,1392508000.0,1041357000.0,403822000.0,207639000.0,351151000.0,150762000.0,408050000.0,4045968300.0,3975346300.0,84.60126736534244,1.9448273204937416,0.03729816992074731,0.04987530693124452,-0.008182185871956144,84.60126736534244,-0.008600316702149216,9.868215365853658,-112.94016022778025,3.8852845854015476,0.0,1.6870166222257599,0.0,0.29443277884220415,1.0309286791017103,-0.006431560895879952,-115.15820288040075,0.3796634146341463,0.21505376344086027,-1.9168825060457628,1.0518055495334147,1.2716479878290543,-0.05951798348166005,0.21555575019707454,0.1506185769457354,-1.485105031847249,0.22498461101362477,0.3564346817619686,Beverages—Brewers,Consumer Defensive,SAM
2022Q4,2022,Q4,2023-02-22,2022-12-31,-11417000.0,447525000.0,-15277000.0,-0.93,165513000.0,0.369840791,1420773000.0,1068549000.0,423269000.0,204267000.0,352224000.0,148450000.0,439121000.0,4062652080.0,3936232080.0,86.66955957498581,2.072135978890374,0.03810601693585112,0.050666838862794314,-0.009637776730107052,86.66955957498581,-0.010684582550730008,9.078044980727334,-88.96058684417972,3.802026935592097,0.0,1.8997103401818793,0.0,0.31498698243843315,1.210954290218195,-0.008035766445449061,-89.72882655652981,0.3698407910172616,-1.420814479638009,-1.3538804265210842,1.0526141449853694,1.3875297246226521,-0.3578445446292086,-1.418419702411493,-1.1609324962076522,-1.8098876454928858,0.4500150037915295,0.41803122610167154,Beverages—Brewers,Consumer Defensive,SAM
2022Q3,2022,Q3,2022-10-20,2022-09-24,27286000.0,596453000.0,94928000.0,2.21,257746000.0,0.4321312828,1530698000.0,1073986000.0,528771000.0,313597000.0,456712000.0,192172000.0,450538000.0,3913642440.0,3747602440.0,87.16711305900495,1.6861481455498617,0.03659114991984049,0.05215151780377025,0.05712123437277625,87.16711305900495,0.025406290212349136,6.5615269602131265,35.85760499890053,3.6440348756873924,0.0,1.7625200341360865,0.0,0.3896607952711769,1.016116225601648,0.017825854610119044,46.62539541089852,0.432131282766622,-0.4872389791183294,-0.21851818254125613,1.3290907534592864,1.5008346970818265,-0.03020976389803405,-0.48853774203827627,0.32980317993976327,-0.40096223120659163,0.5475791724992445,0.4668487313985102,Beverages—Brewers,Consumer Defensive,SAM
2022Q2,2022,Q2,2022-07-21,2022-06-25,53349000.0,616243000.0,71385000.0,4.31,265775000.0,0.4312827894,1480466000.0,1044037000.0,449584000.0,290929000.0,436429000.0,164247000.0,423252000.0,4204351510.0000005,4124807510.0000005,84.75014205698514,1.5453392408457047,0.03935044776442012,0.05579974656070618,0.04630468868371331,84.75014205698514,0.05109876374113178,6.822554592912212,19.702110208251327,4.027013898932701,0.0,2.133786309643403,0.0,0.41624934311223627,0.9071422924493605,0.03603527537950888,31.034150286030638,0.431282789419109,27.937499999999996,0.8225064753946154,1.4730428966535667,1.4635313690342713,0.5366980433877607,28.28849104859335,27.11539976368649,0.7981058839404108,0.8170928727956439,0.8749393039246102,Beverages—Brewers,Consumer Defensive,SAM
2022Q1,2022,Q1,2022-04-21,2022-03-26,-1955000.0,430113000.0,2539000.0,-0.16,172952000.0,0.4021082832,1389997000.0,984924000.0,356533000.0,245534000.0,405073000.0,162592000.0,369903000.0,4713360000.0,4772646000.0,80.07512195121951,1.4520718108286428,0.053996519416948385,0.07620384923100666,0.0019378140106573486,80.07512195121951,-0.0019849247251564586,10.958422554073,-602.7314578005115,4.785506292871328,0.0,1.581633782719937,0.0,0.30943448079384345,0.6920793046991456,-0.0014064778557076022,-72.76735676902413,0.4021082831720966,0.962085308056872,-1.3470809434937283,1.6970074507937634,1.2935039442128442,0.7333854495525021,0.9622484841462944,1.0340471752510962,-1.077304809766254,0.6013344497329879,0.8839358810126489,Beverages—Brewers,Consumer Defensive,SAM
2021Q4,2021,Q4,2022-02-22,2021-12-25,-51786000.0,348094000.0,-74573000.0,-4.22,99777000.0,0.286638092,1391576000.0,983409000.0,350133000.0,259898000.0,408167000.0,153910000.0,371858000.0,6447503080.0,6482133080.0,80.05608922175188,1.3471938991450492,0.044182279659896406,0.06252027386367219,-0.04763150614053414,80.05608922175188,-0.0526596766960644,18.522304549920424,-31.12570520990229,6.556278293161848,0.0,1.6133909427587552,0.0,0.25014372193829154,0.5205619127503867,-0.03721392148183067,-297.11995760368666,0.2866380920096296,0.11344537815126052,-3.3705147974228264,0.6100409973339627,1.2343468748402653,-0.42223907907536945,0.1135721743893463,-1.8477106961469432,-3.2219983729556936,0.4464141912054348,0.9993282926619255,Beverages—Brewers,Consumer Defensive,SAM
2021Q3,2021,Q3,2021-10-21,2021-09-25,-58421000.0,561643000.0,-26187000.0,-4.76,172696000.0,0.3074835794,1463526000.0,1029378000.0,431126000.0,285487000.0,434148000.0,196455000.0,423645000.0,6320194380.0,6296953380.0,83.81191988275525,1.5101423182141394,0.04322642713556165,0.06145750152033558,-0.01731096965873261,83.81191988275525,-0.0567536900924636,11.253045760385156,-27.045901217028128,6.139818783770394,0.0,1.9798274413987935,0.0,0.3837601791836975,0.7374906738310326,-0.039917978908471735,-363.4802380952381,0.3074835794267889,-2.002105263157895,-2.8779131471834862,1.246092680068962,1.3171726794209733,-0.37358400226342003,-1.9869245713320383,-1.3269084326821048,-2.4486294246047895,0.7248757789029319,1.2324977623609286,Beverages—Brewers,Consumer Defensive,SAM
2021Q2,2021,Q2,2021-07-22,2021-06-26,59195000.0,602805000.0,80105000.0,4.75,275689000.0,0.4573435854,1560952000.0,1084135000.0,515097000.0,317351000.0,476817000.0,247550000.0,482066000.0,12715607260.0,12677966260.0,88.26304648701458,1.6231144694675612,0.04184113284713431,0.06024341986929672,0.048742608524811555,88.26304648701458,0.05460113362265769,21.09406401738539,53.70220145282541,11.728804309426408,0.0,1.3214138557867097,0.0,0.3861777940641352,0.7225658655558042,0.03792237045085307,-384.5872201554608,0.4573435854048988,-0.09695817490494293,1.283542160429912,1.528630796392314,1.7007851607522022,0.10439049793694669,-0.09715549454739572,0.04578448523460143,1.3927376710296224,1.0998071523478419,1.3298372117521897,Beverages—Brewers,Consumer Defensive,SAM
2021Q1,2021,Q1,2021-04-22,2021-03-27,65565000.0,545080000.0,76598000.0,5.26,249630000.0,0.4579694724,1464170000.0,1028724000.0,450547000.0,271629000.0,435446000.0,160671000.0,422871000.0,14234237290.0,14154962290.0,83.8337543802461,1.6586851919345873,0.04465533373856861,0.06355737787783701,0.05657226226676436,83.8337543802461,0.06373429607941489,26.114033334556396,54.27528898802715,13.836789352634915,0.0,1.838850819376241,0.0,0.37227917523238424,0.9344179008868714,0.04477963624442517,-731.0480863848801,0.4579694723710281,0.9924242424242422,8.728791876738157,2.0120478252046543,1.4656363569397999,0.15425162990706062,0.9978974312094341,1.6647416942076882,5.733090978607795,1.7362476792354855,1.251039321049897,Beverages—Brewers,Consumer Defensive,SAM
2020Q4,2020,Q4,2021-02-17,2020-12-26,32817000.0,460937000.0,28745000.0,2.64,216270000.0,0.4691964412,1378825000.0,956967000.0,413173000.0,259423000.0,421858000.0,130910000.0,357360000.0,12360832470.0,12264953470.0,78.57517037523606,1.5926614062746942,0.04888437618987181,0.07043398570692615,0.020311479735386915,78.57517037523606,0.03429271855769321,26.816750380203803,94.16485716244628,12.91667577878861,0.0,1.868971048812161,0.0,0.33429695574130147,0.9715137054154798,0.023800699871267202,2558.119302566225,0.46919644116224124,-0.5944700460829493,1.1531368433077216,1.265361955423488,1.1937692969789204,-0.10106615125631274,-0.5936880942947702,-0.7175799019463358,0.029721166849328847,1.140167719124838,1.1645495351323991,Beverages—Brewers,Consumer Defensive,SAM
2020Q3,2020,Q3,2020-10-22,2020-09-26,80768000.0,492792000.0,101781000.0,6.51,240585000.0,0.4882080066,1312336000.0,918530000.0,400025000.0,231939000.0,393806000.0,123831000.0,324543000.0,10702785170.0,10614574170.0,75.1599705425088,1.7246991665912157,0.05251627631947916,0.07503184436001002,0.07633071237333636,75.1599705425088,0.08793180407825547,21.718666638257115,33.12817319359152,11.652080138917617,0.0,2.036703248782615,0.0,0.37550749198376027,1.0950292964960615,0.06154521403055315,165.575265625,0.4882080066234841,0.33401639344262296,1.2557428447522012,0.813694887770532,1.0024937179908924,0.1476977826966378,0.3429773365923413,0.2921453871446889,1.3321557208553008,0.9400505508651034,1.1563483700225197,Beverages—Brewers,Consumer Defensive,SAM
2020Q2,2020,Q2,2020-07-23,2020-06-27,60141000.0,452138000.0,78769000.0,4.88,209624000.0,0.4636283613,1208252000.0,827483000.0,320687000.0,219808000.0,380769000.0,108523000.0,243775000.0,6876470680.000001,6860094680.000001,67.84872089209577,1.458941439802009,0.05821633235450883,0.08500476746954318,0.062327567515740756,67.84872089209577,0.07267943873167183,15.208787317146538,28.584786917410753,8.310105077687398,0.0,2.234678363111967,0.0,0.3742083605075762,0.8619840952103655,0.04977521245567978,131.20782079413843,0.4636283612525379,2.275167785234899,1.1980543621626312,0.9612030467310977,0.7588290131427594,0.41663681887911985,2.2982889108259297,2.658229611740665,1.0752550600562767,0.8327730869718687,0.9722380188358929,Beverages—Brewers,Consumer Defensive,SAM
2020Q1,2020,Q1,2020-04-22,2020-03-28,18234000.0,330565000.0,21532000.0,1.49,147973000.0,0.4476366221,1193564000.0,758236000.0,336003000.0,186784000.0,435328000.0,124529000.0,183634000.0,4314762440.0,4353965440.0,62.370321625401004,1.7988853434983725,0.1413472591331508,0.22249932738619638,0.018569805638279754,62.370321625401004,0.02404792175523188,13.052689909700058,59.15819951738511,5.690527012697894,0.0,1.466260870961784,0.0,0.27695624197780766,1.052445605619325,0.015276935296305853,-509.4170531286895,0.44763662214693023,0.33035714285714274,0.4491276784272825,0.8097295832129352,0.6726345192611766,0.03630531763651262,0.3249527684929516,3.6727430555555554,2.2752514895620797,1.0971772636799912,0.7864047554847626,Beverages—Brewers,Consumer Defensive,SAM
2019Q4,2019,Q4,2020-02-19,2019-12-28,13762000.0,301300000.0,4608000.0,1.12,142789000.0,0.4739097245,1054057000.0,735636000.0,218648000.0,180649000.0,318421000.0,106038000.0,165400000.0,4558635000.0,4581073000.0,61.11964107676969,1.2103471372661903,0.056076663785734546,0.08034952068686144,0.004242525875329199,61.11964107676969,0.018707621704212408,15.129887155658812,82.81200043598314,6.196862306901783,0.0,1.4948509025066485,0.0,0.2858479190404314,0.5565101384452723,0.013056219919795609,501.61036531690144,0.47390972452704944,-0.6931506849315068,-0.21908815687082955,0.49716475082176365,0.8255733578829705,-0.2398168605424974,-0.6923248898924635,-0.9229895046460325,-0.35706142122820983,0.4223194784823933,0.7058350009200044,Beverages—Brewers,Consumer Defensive,SAM
2019Q3,2019,Q3,2019-10-29,2019-09-28,44729000.0,378466000.0,59836000.0,3.65,187835000.0,0.4963061411,1016176000.0,718980000.0,209392000.0,166484000.0,297196000.0,92632000.0,151967000.0,4261025820.0,4277711820.0,59.424745846764196,1.2577304725979674,0.04311654673993481,0.06093910818103424,0.05630193207627581,59.424745846764196,0.06221174441570002,11.25867533675416,23.815789644302352,5.926487273637654,0.0,2.057938941186631,0.0,0.37244138810599736,0.6114401383916773,0.044016981310324194,65.58552263387153,0.49630614110646665,0.5466101694915255,0.27197888639871026,0.5132787437077299,0.8803675907756509,0.18133734166865825,0.6057222860425043,0.57745439207002,0.45953771227734874,0.5364336439411309,0.6429333411080698,Beverages—Brewers,Consumer Defensive,SAM
2019Q2,2019,Q2,2019-07-25,2019-06-29,27856000.0,318407000.0,37932000.0,2.36,159002000.0,0.4993671622,813330000.0,522801000.0,178756000.0,188266000.0,290529000.0,80361000.0,107238000.0,4369172160.0,4445209160.0,45.201538993601936,0.9494863650367034,0.09719793933581695,0.15121241160594567,0.04310122280019044,45.201538993601936,0.053282224020229495,13.72197269532391,39.21212808730615,8.357237572231117,0.0,1.9836114533169074,0.0,0.3914856208427084,0.4359045180754889,0.03424932069393727,225.34283150239827,0.4993671621540984,0.16831683168316824,0.2349072483611098,0.5497127778796141,0.5853917235589865,0.27671430865585356,0.17565628429138178,0.28831980436776145,0.14120594928810398,0.41844482697274316,0.3831342857063372,Beverages—Brewers,Consumer Defensive,SAM
2019Q1,2019,Q1,2019-04-24,2019-03-30,23694000.0,251651000.0,29443000.0,2.02,124540000.0,0.494891735,704020000.0,489818000.0,260860000.0,132002000.0,214202000.0,85861000.0,79382000.0,3396468520.0,3324469520.0,42.50416522040958,1.976182179057893,0.043873753586545834,0.0630601570379202,0.042401065992885345,42.50416522040958,0.04837306918079776,13.496741598483615,35.836799611716046,6.934143947343707,0.0,1.4804276679749828,0.0,0.35744865202693105,1.198807593824336,0.03365529388369649,-402.5682730828494,0.4948917349821777,0.08602150537634404,2.208833519129103,0.5414090077597228,0.6029542344238743,0.06490863538807515,0.08633258447572326,0.8386935614812965,2.743707745106518,0.480733776602035,0.25009091938643024,Beverages—Brewers,Consumer Defensive,SAM
2018Q4,2018,Q4,2019-02-20,2018-12-29,21811000.0,225222000.0,16013000.0,1.86,116949000.0,0.5192609958,639851000.0,460317000.0,231571000.0,120514000.0,179534000.0,70249000.0,55688000.0,2745474720.0,2637075720.0,40.04149269311065,1.9215277893024876,0.0,0.0,0.026186822921350664,40.04149269311065,0.04738256462394393,12.190082318778805,31.468923020494245,5.964313114657942,0.0,1.5412746088912297,0.0,0.3519913229798812,1.2296164760940638,0.03408762352485188,71.06369312004969,0.5192609958174601,-0.42056074766355134,0.337291551696311,0.21559292093870758,0.689089962720125,-0.2561773741151329,-0.4261320283105744,-0.6573146721451806,0.5160488959075675,0.17265893738967553,0.1179332714884747,Beverages—Brewers,Consumer Defensive,SAM
2018Q3,2018,Q3,2018-10-25,2018-09-29,38007000.0,306870000.0,46728000.0,3.21,157227000.0,0.5123570241,623704000.0,434546000.0,220644000.0,131646000.0,189158000.0,72254000.0,33878000.0,3327812500.0,3258925500.0,37.541771058315334,1.6760402898682831,0.0,0.0,0.08692053739251876,37.541771058315334,0.08746369774431245,10.844372209730505,21.889471018496593,7.658136307778693,0.0,2.071068729758906,0.0,0.49201223657375937,1.0493140695501573,0.06093756012467452,81.10285874439462,0.512357024147033,0.6212121212121212,0.6282206625992695,0.5603255866620415,0.6991252890500794,0.10746636613369022,0.6149139579349905,0.5042492917847026,0.12072638058052292,0.19245159201978565,0.0002287143528113894,Beverages—Brewers,Consumer Defensive,SAM
2018Q2,2018,Q2,2018-07-26,2018-06-30,23535000.0,273100000.0,31064000.0,1.98,141970000.0,0.5198462102,618497000.0,442672000.0,212020000.0,131510000.0,175825000.0,63646000.0,44456000.0,3501994500.0,3425815500.0,37.88378262729996,1.6121967911185462,0.0,0.0,0.053046240060787356,37.88378262729996,0.05316577511114324,12.823121567191505,37.19985659655832,7.911036839917591,0.0,2.0603022970807277,0.0,0.4415542840143121,1.0270397688388715,0.03805192264473393,69.81230189581963,0.5198462101794215,1.5384615384615383,0.31441422816860404,0.6582960980580341,0.9224597188677004,0.4773614160691801,1.5279269602577874,2.3626326044598396,-0.10221843023905118,0.23640840713693828,-0.01794617295060636,Beverages—Brewers,Consumer Defensive,SAM
2018Q1,2018,Q1,2018-04-25,2018-03-31,9310000.0,190457000.0,9238000.0,0.78,96097000.0,0.5045600844,579887000.0,436926000.0,174903000.0,99923000.0,142961000.0,56225000.0,44005000.0,2217934600.0,2171289600.0,37.24224343675418,1.7503777908989921,0.0,0.0,0.02149409236536593,37.24224343675418,0.02130795603832228,11.645329916989137,59.557857142857145,5.076224806946714,0.0,1.6782570031124944,0.0,0.32843812673848527,1.0468460714750358,0.016054852066005963,-101.31256166636214,0.5045600844285062,-0.6964980544747081,0.48194762109962,0.5415660413387938,0.9573646187926682,-0.11051769301257902,-0.6950540452014412,1.3864634461379488,-0.2332942073178673,0.0804585697879962,-0.0012451383339723322,Beverages—Brewers,Consumer Defensive,SAM
2017Q4,2017,Q4,2018-02-21,2017-12-30,30530000.0,206320000.0,3871000.0,2.57,108037000.0,0.523638038,569624000.0,423523000.0,168348000.0,101758000.0,146101000.0,50651000.0,52105000.0,2229563700.0,2163926700.0,36.30093425902117,1.6543957231863833,0.0,0.0,0.018987764299205297,36.30093425902117,0.07208581352134359,10.806338212485459,18.25715443825745,5.264327321066388,0.0,1.9403960435134548,0.0,0.36220383972585424,1.0515340317223216,0.05359675856354367,122.69225731895223,0.5236380379992245,-0.07553956834532373,1.0781653446607675,0.5488005664824142,0.9847016784414101,-0.1784321031779226,-0.0936080515393522,-0.9248291129408109,0.7871880063751201,0.05763246206940544,0.08426714035004534,Beverages—Brewers,Consumer Defensive,SAM
2017Q3,2017,Q3,2017-10-26,2017-09-30,33683000.0,247047000.0,51496000.0,2.78,131501000.0,0.5322914263,587114000.0,414289000.0,179143000.0,109394000.0,172825000.0,54943000.0,44640000.0,1856593199.9999998,1786548199.9999998,34.85520780750463,1.6375943836042197,0.0,0.0,0.08066560553539691,34.85520780750463,0.08130314828537567,7.515141653207689,13.77989787132975,4.481396319960221,0.0,2.1030158527928946,0.0,0.4207819946381793,1.0476534362030825,0.057370459570032395,45.83954372623574,0.5322914263277838,0.1829787234042552,0.7672224283301811,0.6158444604207141,0.9574183944427755,-0.018788380751982928,0.15649785407725322,0.13707825472531354,-0.024976170861667788,0.005507691132071934,0.10291768516753284,Beverages—Brewers,Consumer Defensive,SAM
2017Q2,2017,Q2,2017-07-27,2017-07-01,29125000.0,247930000.0,45288000.0,2.35,134019000.0,0.5405517686,601507000.0,421664000.0,190714000.0,112805000.0,179843000.0,56331000.0,54309000.0,1619762550.0,1548111550.0,34.40189279595333,1.690652010105935,0.0,0.0,0.06874522237400722,34.40189279595333,0.06907158306139485,6.533144637599323,13.903541201716738,3.8413584038476136,0.0,2.0221725160213735,0.0,0.41218140437268397,1.1148087407473073,0.04842005163697181,28.74875847502751,0.5405517686443754,4.222222222222222,1.1374313959732862,0.7702583101357109,1.1090891713745195,0.7554621188305565,4.099807389248818,10.243296921549156,0.218373717392683,0.1386668817495477,0.2066066184425242,Beverages—Brewers,Consumer Defensive,SAM
2017Q1,2017,Q1,2017-04-26,2017-04-01,5711000.0,161695000.0,4028000.0,0.45,76344000.0,0.4721481802,586955000.0,435411000.0,166073000.0,84478000.0,151544000.0,54444000.0,70093000.0,1803930150.0,1744037150.0,34.913880202068796,1.9658727716091764,0.0,0.0,0.013077383515031469,34.913880202068796,0.013116342949535037,11.156375583660596,78.96735028891612,4.143051392821955,0.0,1.5676842259936816,0.0,0.2754810845805897,1.2086578754231871,0.009729877077459089,-150.06489892687796,0.4721481802158385,-0.7428571428571429,-0.22022055000511906,0.46047192969958495,1.277714021649874,-0.29085234450471875,-0.7423531534783001,-0.8129035254772632,-0.28530139894489065,-0.08479624536152791,0.3167027706545968,Beverages—Brewers,Consumer Defensive,SAM
2016Q4,2016,Q4,2017-02-22,2016-12-31,22166000.0,219370000.0,21529000.0,1.75,107656000.0,0.4907507863,623297000.0,446582000.0,201238000.0,101519000.0,176715000.0,52499000.0,97648000.0,2117010400.0,2026446400.0,35.82974967907574,1.9822693288940987,0.00075565901969687,0.0010546775284270302,0.031106812675524204,35.82974967907574,0.0496347815182878,9.650409809910197,23.87677524136064,4.740474089864795,0.0,2.1279262462142134,0.0,0.35195099607410274,1.3067209093864203,0.035562500701912574,64.10909090909091,0.4907507863427087,-0.29435483870967744,0.27582954906757845,0.5808219775957842,1.474501481259722,-0.19423383505355257,-0.2969869965112591,-0.5720646405215767,0.25350816424647754,0.0920534660210939,0.5114239375025643,Beverages—Brewers,Consumer Defensive,SAM
2016Q3,2016,Q3,2016-10-20,2016-09-24,31530000.0,253433000.0,50309000.0,2.48,133607000.0,0.5271886455,627495000.0,450243000.0,204551000.0,106289000.0,177252000.0,57232000.0,102084000.0,1895830400.0000002,1819035400.0000002,36.169906812339335,1.9244794851772056,0.0007506035904668563,0.0010461017717099434,0.07016067578952048,36.169906812339335,0.07002885108707964,7.480598027881137,15.031956866476374,4.210682675799513,0.0,2.093688845401174,0.0,0.4038805090080399,1.2089209607767502,0.05024741232997872,38.778260958497825,0.5271886455197231,0.20388349514563103,1.0100602305295476,0.9529787042727776,1.7178289574743892,0.05305179860651345,0.1844032906352128,0.20391021345840912,0.2560156816242509,0.19824432692297875,0.6370352712440297,Beverages—Brewers,Consumer Defensive,SAM
2016Q2,2016,Q2,2016-07-21,2016-06-25,26621000.0,244816000.0,41788000.0,2.06,126876000.0,0.5182504411,590573000.0,412232000.0,168320000.0,111138000.0,178341000.0,61245000.0,80933000.0,2031106280.0000002,2003997280.0000002,32.68051371491993,1.5145134877359678,0.0007975305339052073,0.0011425604999126704,0.06479240728655115,32.68051371491993,0.06457771352054183,8.296460525455853,19.074286089929004,4.927095130897165,0.0,1.9257082210792718,0.0,0.4145397774703551,0.7895589267397289,0.04507656123798413,69.77588649558557,0.5182504411476374,2.8867924528301887,-0.004023926367706948,0.9158061198709738,1.3744563409163333,0.38615332510297057,2.7856939704209327,2.7187861528877812,0.37726751604368913,0.3770701568535884,0.658413359271109,Beverages—Brewers,Consumer Defensive,SAM
2016Q1,2016,Q1,2016-04-21,2016-03-26,7032000.0,188827000.0,11237000.0,0.53,91531000.0,0.4847347043,607831000.0,435347000.0,182495000.0,101521000.0,172484000.0,61737000.0,118208000.0,2360417400.0,2309760400.0,34.00085910652921,1.7976083765920352,0.0007748864404744082,0.0010818955913328907,0.016421607577013806,34.00085910652921,0.01615263226805284,12.50042313864013,83.91700085324231,5.421921823281198,0.0,1.5759755090140435,0.0,0.3106570740880278,0.9982171176406852,0.01156900520045868,-350.00258007117435,0.4847347042530994,-0.5619834710743802,0.8414058059495962,0.9158934130037659,1.621040244027485,-0.15846718214164224,-0.5636363636363636,-0.25632031767041696,0.02562458780242297,0.40041152989159745,0.7870050910519226,Beverages—Brewers,Consumer Defensive,SAM
2015Q4,2015,Q4,2016-02-18,2015-12-26,16115000.0,215133000.0,15110000.0,1.21,108767000.0,0.5055802689,645400000.0,461221000.0,223603000.0,111160000.0,184179000.0,56462000.0,171948000.0,2644935800.0,2551271800.0,35.81742641919702,2.011541921554516,0.0008196467307096375,0.0011469555809470948,0.020310296785929157,35.81742641919702,0.034939866137925206,12.29442159036503,41.032202916537386,5.7346387089920015,0.0,1.883851085685948,0.0,0.3333328168577626,1.3323587621446564,0.02496901146575767,342.20931556475614,0.5055802689499054,-0.5754385964912281,0.44011056903536194,1.0208980280422861,2.028262735637596,-0.30726068403286416,-0.5827723695111847,-0.7518068331143233,-0.006133376863084487,0.4632067815089069,0.9582665786064769,Beverages—Brewers,Consumer Defensive,SAM
2015Q3,2015,Q3,2015-10-29,2015-09-26,38624000.0,293094000.0,60880000.0,2.85,157010000.0,0.5356984449,690917000.0,494800000.0,272269000.0,132792000.0,196117000.0,57317000.0,210742000.0,2867038840.0,2732897840.0,37.53318667981491,2.050341888065546,0.0006817027226135701,0.0009518997574777687,0.07866655474404159,37.53318667981491,0.07805982215036378,9.781977249619576,18.557366145401822,5.794338803556993,0.0,2.3742345202993875,0.0,0.42421014391019474,1.4601858545695523,0.055902517958018115,60.494985335387085,0.5356984448675169,0.30733944954128434,1.5772143523431927,1.426956707247081,2.0407816408200277,0.15257845476234172,0.2903915541894962,0.30032679040560456,0.8270867647179785,0.7284163707408258,1.107809840494078,Beverages—Brewers,Consumer Defensive,SAM
2015Q2,2015,Q2,2015-07-30,2015-06-27,29932000.0,252204000.0,46819000.0,2.18,136225000.0,0.5401381421,692513000.0,514682000.0,281258000.0,118368000.0,177831000.0,57119000.0,233127000.0,3170326040.0,3023814040.0,38.57607555089192,2.376132062719654,0.0006801316365180148,0.0009151281762330915,0.05802257244138972,38.57607555089192,0.058156298452248185,12.57048278377821,26.479403648269408,6.159776405625221,0.0,2.0304802254941436,0.0,0.3641866650878756,1.7156241551770748,0.04322229329990917,85.8306316159948,0.5401381421389034,1.1800000000000002,0.9080975485172499,1.0189397780893883,2.093651383196036,0.3675149324900868,1.1779815178636397,1.1148703586593187,1.018018933641151,0.6543324227508629,1.364997289570121,Beverages—Brewers,Consumer Defensive,SAM
2015Q1,2015,Q1,2015-04-29,2015-03-28,13743000.0,199503000.0,22138000.0,1.0,99615000.0,0.4993157998,655624000.0,495119000.0,250407000.0,102057000.0,160505000.0,55796000.0,216486000.0,3560362920.0,3438735920.0,37.288672992920624,2.453599459125783,0.0008068649103754591,0.0010684300137946635,0.028144329454021726,37.288672992920624,0.027756963477467034,17.84616231334867,64.76684348395547,7.190923636539901,0.0,1.7902358592013765,0.0,0.3042948397252084,1.7196076702235026,0.020961709760472465,1460.961395157981,0.4993157997624096,-0.28571428571428564,1.30796307471534,1.2305123774565223,2.096132968754968,-0.08104243542435424,-0.2794904057879836,-0.006730078966259871,0.7624215196120081,0.6924454093141886,1.4326409105241655,Beverages—Brewers,Consumer Defensive,SAM
2014Q4,2014,Q4,2015-02-24,2014-12-27,19074000.0,217817000.0,22288000.0,1.4,108400000.0,0.4976654715,605161000.0,436140000.0,207462000.0,110170000.0,169021000.0,51307000.0,212233000.0,3852604980.0,3776785980.0,33.47969601596684,1.8831079241172732,0.0009633799930927472,0.0013367267391204659,0.03105351950695596,33.47969601596684,0.04373366350254505,17.687347544039262,50.49550408933627,8.83341353693768,0.0,2.1325939930223945,0.0,0.3599323155325608,1.2215939003358447,0.03151888505703441,254.2134595842956,0.49766547147376006,-0.49820788530465954,1.8459452434426247,1.2618780897585438,1.8035898023823693,-0.24193683739405297,-0.4970732479038127,-0.6324962487839464,0.050413109046523276,0.5017945683756055,1.3122002840007623,Beverages—Brewers,Consumer Defensive,SAM
2014Q3,2014,Q3,2014-10-30,2014-09-27,37926000.0,269734000.0,60647000.0,2.79,142996000.0,0.530137098,572297000.0,412384000.0,187670000.0,122390000.0,159913000.0,59610000.0,201018000.0,2873259310.0,2816664310.0,31.602728178404476,1.533376909878258,0.0010187018278970535,0.0014137308915961823,0.09235561183960415,31.602728178404476,0.09196768060836502,10.652195533377327,18.939904748721194,6.9674364427329865,0.0,2.126119778560644,0.0,0.47131821414405456,0.8730206716234986,0.06626978649197882,117.74205261648159,0.5301370980299109,0.4840425531914895,2.9245484863499556,1.6632820487860374,1.6780093664058768,0.16166244232144017,0.4915054270882492,0.4977156545575779,1.3064523647188668,0.9828615181584704,1.374648356825679,Beverages—Brewers,Consumer Defensive,SAM
2014Q2,2014,Q2,2014-07-30,2014-06-28,25428000.0,231611000.0,40493000.0,1.88,123096000.0,0.5314773478,533870000.0,371730000.0,174422000.0,124823000.0,162140000.0,64332000.0,163092000.0,2898738540.0,2868039540.0,28.511274735388863,1.3973546541903334,0.0010920261486878828,0.0015683426142630403,0.06796838317409042,28.511274735388863,0.06840448712775402,12.515547793498582,28.499474398301086,7.797967718505367,0.0,1.6867966175464777,0.0,0.4338340794575458,0.7133621207630004,0.047629572742427934,1017.458244998245,0.5314773477943621,2.0322580645161286,1.3032774117537487,1.1176639586836574,1.6183330194996755,0.35989129354058264,2.0580877931449186,2.0238966470017177,-0.07959579791419884,0.7535283434468822,1.0715334426381615,Beverages—Brewers,Consumer Defensive,SAM
2014Q1,2014,Q1,2014-04-30,2014-03-29,8315000.0,183845000.0,13391000.0,0.62,90519000.0,0.4923658517,479363000.0,344100000.0,156471000.0,98206000.0,135263000.0,61007000.0,137664000.0,3145624800.0,3118231800.0,26.516143946983124,1.5932936887766531,0.0012161973285380807,0.0016942749200813717,0.024378486822926863,26.516143946983124,0.024164487067712875,17.11020044058854,94.57681298857487,9.141600697471665,0.0,1.5297588801285098,0.0,0.38351937884233867,0.7529377023807099,0.017345936169458218,-59.373816534541334,0.4923658516685251,-0.5338345864661654,5.603561250555804,1.4600403773149664,1.6178086262474116,-0.13484917995182935,-0.5400741191437579,-0.5401442307692308,1.1483461627166627,0.8404771703827058,1.0440624804131036,Beverages—Brewers,Consumer Defensive,SAM
2013Q4,2013,Q4,2014-02-25,2013-12-28,18079000.0,205375000.0,29120000.0,1.33,104628000.0,0.5094485697,444075000.0,302085000.0,164278000.0,104377000.0,141990000.0,56397000.0,129349000.0,3085080300.0,3036193300.0,23.705956211253238,1.5738907996972513,0.001434442380228565,0.00210867802108678,0.060082533531888624,23.705956211253238,0.05984739394541271,15.021693487522825,42.66110266054538,10.212623268285416,0.0,1.786389346951079,0.0,0.462478184991274,0.876869425256522,0.040711591510443054,555.970499189043,0.5094485696895922,-0.2962962962962962,4.679691877474866,1.236337125215818,1.4378393567147043,-0.09317986808691356,-0.2961535466791248,-0.31058973934042,0.6326118529661403,0.949521170546903,1.0042719699346891,Beverages—Brewers,Consumer Defensive,SAM
2013Q3,2013,Q3,2013-10-30,2013-09-28,25686000.0,216414000.0,42239000.0,1.89,115379000.0,0.533140185,432428000.0,281421000.0,173372000.0,125146000.0,151007000.0,59513000.0,111270000.0,3115852310.0,3072763310.0,22.094763288058413,1.3853579019704985,0.0014730775990453903,0.002263512673183593,0.09112462507257636,22.094763288058413,0.09127250631615977,14.397646686443576,30.326367573775595,11.071854303694465,0.0,1.6976963016483793,0.0,0.5004625047406736,0.7695012225720359,0.05939948384470941,145.9210560576968,0.5331401850157569,0.30344827586206896,96.25397753508732,1.3411141574045784,1.262174905990021,0.18785776057324055,0.3028658381942683,0.3179917623564653,0.7739316171499977,0.8547592977123373,0.790025215224376,Beverages—Brewers,Consumer Defensive,SAM
2013Q2,2013,Q2,2013-07-31,2013-06-29,19715000.0,181332000.0,32048000.0,1.45,97132000.0,0.5356583504,376766000.0,253536000.0,138996000.0,98032000.0,123230000.0,51434000.0,85584000.0,2195454240.0,2171398240.0,19.705891496968754,1.4178635547576302,0.002171108858017974,0.003226366275400732,0.07806056136977689,19.705891496968754,0.07776016029281838,12.107373436569386,27.839896525488204,8.659339265429761,0.0,1.637049422560952,0.0,0.48128546631065433,0.697262118491921,0.052326908479002884,341.28,0.5356583504290473,1.8431372549019607,1.4955912352591771,0.6671742912357977,1.079159491936425,0.43298467167283833,1.8522858796296295,2.308692958909767,0.30328383218406235,0.5053006022604446,0.5803359366165192,Beverages—Brewers,Consumer Defensive,SAM
2013Q1,2013,Q1,2013-05-01,2013-03-30,6912000.0,135932000.0,9686000.0,0.51,67783000.0,0.4986537386,345327000.0,245597000.0,132250000.0,74771000.0,99730000.0,51711000.0,80757000.0,2060633119.9999998,2029136119.9999998,19.02672761078401,1.7687338674084871,0.0023079573853188426,0.0032451536460135913,0.02841641762556807,19.02672761078401,0.02814366624999491,15.159293764529322,74.5310011574074,8.390302487408233,0.0,1.31788207538048,0.0,0.3936327017580438,0.836661272418451,0.020015811100782738,-60.5925993883792,0.4986537386340229,-0.5952380952380952,2.983961050752489,0.916419974830665,1.2029391012987338,-0.15033343361411952,-0.5903514490606294,-0.6410997480361642,0.1940561417195764,0.563329853288751,0.5798169769799247,Beverages—Brewers,Consumer Defensive,SAM
2012Q4,2012,Q4,2013-02-20,2012-12-29,16873000.0,153000000.0,26988000.0,1.26,79776000.0,0.5214117647,359484000.0,245091000.0,162342000.0,88894000.0,114393000.0,44361000.0,88541000.0,1781931999.9999998,1708096999.9999998,18.29037313432836,1.8262424910567643,0.0017469484038232577,0.0025623135896462946,0.06889250696208113,18.29037313432836,0.06884381719442982,11.646614379084966,26.402121732946124,7.270491368512102,0.0,1.6506390748630553,0.0,0.42561004105885103,1.2252457983665939,0.04693672041036597,126.89112013102611,0.5214117647058824,-0.17647058823529413,1.7401825071533528,0.8206827815428374,1.0126694394303895,-0.14441989661311427,-0.1868433734939759,-0.18979285499849896,1.4474660877916048,0.5445731004640195,0.531635877957675,Beverages—Brewers,Consumer Defensive,SAM
2012Q3,2012,Q3,2012-11-01,2012-09-29,20750000.0,166448000.0,33310000.0,1.53,93242000.0,0.5601869653,335987000.0,230419000.0,150510000.0,83457000.0,105568000.0,38140000.0,77144000.0,1448891800.0,1386683800.0,17.806723338485316,1.803443689564686,0.0018691199361880074,0.0027254696878295627,0.08969009323331532,17.806723338485316,0.09005333761538761,8.704771460155724,17.456527710843375,6.288074334147792,0.0,1.9194022024121657,0.0,0.49540011964748637,1.1618677882023078,0.061758341840606926,60.91876051126808,0.5601869652984716,0.4433962264150943,6.184955478397427,1.1760988669456907,0.9188831443813141,0.15997163579363796,0.4458922723155181,0.4207720196203881,1.1652782532958241,0.6573071538154669,0.5089384567136238,Beverages—Brewers,Consumer Defensive,SAM
2012Q2,2012,Q2,2012-08-01,2012-06-30,14351000.0,147503000.0,23445000.0,1.06,80383000.0,0.5449584076,305582000.0,210562000.0,134087000.0,72982000.0,95020000.0,37166000.0,61382000.0,1561989000.0,1521474000.0,16.3112557130684,1.8372612424981503,0.002055094868153229,0.0029824944671878115,0.06801394908263789,16.3112557130684,0.06815569760925523,10.589540551717592,27.210455717371612,7.418190366732839,0.0,1.8059516762632513,0.0,0.482695315823576,1.0407497739168563,0.04696284467017036,479.4318600368324,0.5449584076256077,0.8928571428571428,1.3252331012441805,0.747643409072222,0.8266939688284877,0.3005063987445194,0.9152542372881356,0.9799847985812009,0.3129088810203313,0.36212540431055396,0.49794422800812826,Beverages—Brewers,Consumer Defensive,SAM
2012Q1,2012,Q1,2012-05-02,2012-03-31,7493000.0,113271000.0,11841000.0,0.56,61809000.0,0.5456736499,277534000.0,195576000.0,120023000.0,61341000.0,81958000.0,38130000.0,50881000.0,1362533610.0,1324372610.0,15.328474018339996,1.9566521576107334,0.0,0.0,0.038318944125913336,15.328474018339996,0.038312471877940034,12.028971316577058,45.46021653543307,6.9667730703153765,0.0,1.349645948072384,0.0,0.40813377820375163,1.0264260445705156,0.02699849387822753,-115.81246153846153,0.5456736499192203,-0.5971223021582733,0.43743104728554183,0.7300110374697054,0.8251753946336621,-0.2282460762401828,-0.5786899072251898,-0.5397979012825496,5.052424166583185,0.5415826515364903,0.5133049357648107,Beverages—Brewers,Consumer Defensive,SAM
2011Q4,2011,Q4,2012-02-22,2011-12-31,17785000.0,142054000.0,25730000.0,1.39,80089000.0,0.5637926422,272488000.0,184745000.0,125723000.0,67049000.0,87743000.0,34072000.0,47119000.0,1385117040.0,1335667040.0,14.479583039423153,1.8750913511014333,0.0,0.0,0.0971513661207708,14.479583039423153,0.0962678286286503,9.750637363256226,19.47029856620748,7.497453462881269,0.0,1.8186487438365813,0.0,0.5213220398696456,1.238407731658936,0.06526892927394967,183.9953560042508,0.5637926422346432,0.16806722689075626,7.159794618682172,1.201132376008529,0.9334735016588762,0.053372966290065896,0.09137211585665193,-0.025858478779388936,4.580322343233359,0.5448923050132676,0.48903073505079975,Beverages—Brewers,Consumer Defensive,SAM
2011Q3,2011,Q3,2011-11-01,2011-09-24,16296000.0,134813000.0,26413000.0,1.19,76031000.0,0.5639738007,274808000.0,172104000.0,128165000.0,82551000.0,102704000.0,30770000.0,41285000.0,957097320.0000001,908974320.0000001,13.308382307454377,1.5525553900013325,0.0,0.0,0.09451874429562339,13.308382307454377,0.0946869334820806,7.099443822183321,14.68300994108984,5.561156742434807,0.0,1.9103672408189796,0.0,0.490571599080085,0.95589393223583,0.05929958370935344,103.79539312438999,0.5639738007462188,-0.4079601990049751,1.9572953971411524,0.9051669546113534,0.7947216859040679,-0.0005521012711474505,-0.41839466076590887,44.80265339966832,60.52084803430723,0.43638369002783156,0.3625802685795794,Beverages—Brewers,Consumer Defensive,SAM
2011Q2,2011,Q2,2011-08-02,2011-06-25,28019000.0,133957000.0,-603000.0,2.01,76073000.0,0.567891189,285257000.0,181993000.0,142200000.0,82581000.0,103264000.0,31828000.0,53230000.0,1174070170.0,1107755170.0,13.763366860772896,1.7219457260144586,0.0,0.0,-0.0020654953037984375,13.763366860772896,0.15395647085327457,8.764530185059385,10.475660890824084,6.451183122427786,0.0,1.8186502450672364,0.0,0.46960109655503635,1.1239631392208862,0.09822370704312251,28.654028652316104,0.5678911889636227,6.178571428571427,2.6931875450419085,0.7774179926490818,1.0246705559675957,0.4524955130408218,6.077292245516545,-1.091516163302474,2.450983244116323,0.19835506261404423,0.4521664677784853,Beverages—Brewers,Consumer Defensive,SAM
2011Q1,2011,Q1,2011-05-04,2011-03-26,3959000.0,102176000.0,6589000.0,0.28,52374000.0,0.5125861259,262770000.0,172194000.0,118822000.0,70047000.0,90576000.0,33896000.0,46309000.0,1192270680.0,1146948680.0,12.972276631007986,1.6963181863605865,0.0,0.0,0.022960148014391082,12.972276631007986,0.022991509576408005,11.668793845912935,75.28862591563525,6.923996654935711,0.0,1.4692589096058533,0.0,0.38884195303877916,0.9557725527146059,0.015066407885222819,-261.3482419991232,0.5125861259004071,-0.6781609195402298,1.2694029617961382,0.874840353594025,1.0150657511126306,-0.21087840891969264,-0.674584908762124,-0.6509324009324009,2.105024882793153,0.40079641730160953,0.5019469457855846,Beverages—Brewers,Consumer Defensive,SAM
2010Q4,2010,Q4,2011-03-08,2010-12-25,12166000.0,115738000.0,18876000.0,0.87,66370000.0,0.5734503793,258530000.0,165588000.0,112004000.0,72199000.0,92942000.0,26614000.0,43876000.0,1370740000.0,1321771000.0,11.827714285714286,1.5513234255322095,0.0,0.0,0.07350655522362642,11.827714285714286,0.07347150759716888,11.843474053465586,28.16743383199079,8.278015315119452,0.0,1.854963553017209,0.0,0.44767725215642284,0.955497998587238,0.04705836846787607,127.8436858795001,0.573450379304982,-0.20183486238532117,4.522330097087378,0.8384729429206818,0.9809382025178908,-0.049017781662392,-0.21235271267642108,-0.2557956158334648,0.8910880829015545,0.3182433531842883,0.3015195975686438,Beverages—Brewers,Consumer Defensive,SAM
2010Q3,2010,Q3,2010-11-04,2010-09-25,15446000.0,124467000.0,25364000.0,1.09,69791000.0,0.5607189054,266918000.0,167708000.0,119768000.0,81245000.0,99210000.0,26133000.0,47781000.0,929486670.0,876296670.0,12.343269301538236,1.4741584097482923,0.0,0.0,0.09236274298118928,12.343269301538236,0.09210055572781263,7.467735785388898,15.044132299624497,5.542291780952608,0.0,2.0922205640378064,0.0,0.466311751174518,0.9780294171949043,0.057867959448220055,45.22169261457624,0.5607189054126797,-0.035398230088495415,2.8201779335390436,1.0391020144084375,1.0680638635893516,-0.0343286473323002,-0.05064535955746773,-0.0476834121799204,4.093692361185388,0.5497618456679694,0.33013193719309875,Beverages—Brewers,Consumer Defensive,SAM
2010Q2,2010,Q2,2010-08-03,2010-06-26,16270000.0,129563000.0,26634000.0,1.13,72272000.0,0.5578135733,266094000.0,172552000.0,120468000.0,76398000.0,93542000.0,25337000.0,54020000.0,970043799.9999999,916364799.9999999,12.469431998843763,1.5768475614544883,0.0,0.0,0.094255027814952,12.469431998843763,0.09429041680189161,7.487043368863024,14.905405654578978,5.621747647086095,0.0,2.261159569009749,0.0,0.4869068825302337,1.0534307180816251,0.061143806324080965,33.93422654446232,0.5578135733195434,1.5681818181818181,2.2595399834708547,1.1659726673933157,1.0613714108096928,0.5089990395456634,1.599041533546326,1.5848214285714286,1.4591847660441912,0.43203040844094937,0.39644896920814626,Beverages—Brewers,Consumer Defensive,SAM
2010Q1,2010,Q1,2010-05-05,2010-03-27,6260000.0,94030000.0,10304000.0,0.44,47894000.0,0.5093480804,254257000.0,168117000.0,106486000.0,68878000.0,86140000.0,28744000.0,54437000.0,730055700.0,691391700.0,12.043627767032023,1.5460088852754146,0.0,0.0,0.03723235917782901,12.043627767032023,0.03723597256672437,7.764072104647453,29.155579073482425,4.342545370188618,0.0,1.6050654049540773,0.0,0.36982265974978074,0.9166206916577136,0.024620757737250105,-129.4425,0.5093480803998723,-0.15384615384615388,0.6153702137348741,0.9741449272144591,1.0490171786470668,-0.13693619015010902,-0.16085790884718498,-0.200434546442151,0.09766028687739077,0.31268011243553484,0.4340457527744255,Beverages—Brewers,Consumer Defensive,SAM
2009Q4,2009,Q4,2010-03-09,2009-12-26,7460000.0,107188000.0,12887000.0,0.52,55493000.0,0.5177165354,262936000.0,173155000.0,113030000.0,73786000.0,89781000.0,25558000.0,61704000.0,678745000.0,623264000.0,11.941724137931034,1.531862412923861,0.0,0.0,0.043046044141365744,11.941724137931034,0.04308278709826456,6.332285330447438,22.746146112600535,3.919869481100748,0.0,2.0226543548008453,0.0,0.40765813734140627,1.0575447916949015,0.028371923205647003,56.94169463087248,0.5177165354330708,-0.27777777777777773,1.659246326203987,0.9473228172753041,1.2399303920835294,-0.04822913986793585,-0.2808945440524388,-0.24988358556461002,2.0117077109406543,0.4614618982043276,0.5945906123087974,Beverages—Brewers,Consumer Defensive,SAM
2009Q3,2009,Q3,2009-11-05,2009-09-26,10374000.0,108722000.0,17180000.0,0.72,58305000.0,0.5362760067,251561000.0,165306000.0,101989000.0,73982000.0,86255000.0,24132000.0,57245000.0,523759120.0,478957120.0,11.800828098229584,1.3785650563650618,0.0,0.0,0.06260329630721984,11.800828098229584,0.06275634278247613,4.817416162322253,12.621918257181415,3.1684217148802825,0.0,2.089217636333499,0.0,0.432189409328155,0.9344570300883999,0.04123850676376704,34.58754011754606,0.5362760066959769,-0.1325301204819277,2.4671235799141935,1.0082080424390705,1.2268264827065605,-0.05921742638160549,-0.12955193824467193,-0.19764617971231085,0.7379989024551983,0.4184311577844113,0.5914182212556114,Beverages—Brewers,Consumer Defensive,SAM
2009Q2,2009,Q2,2009-08-04,2009-06-27,11918000.0,118070000.0,21412000.0,0.83,61975000.0,0.5249004828,238444000.0,153264000.0,86409000.0,72788000.0,85180000.0,23651000.0,48101000.0,421827750.0,393233750.0,10.889094138543516,1.1871324943672035,0.0,0.0,0.07758370319484353,10.889094138543516,0.07776124856456833,3.572692047090709,8.848543169994965,2.7522950595051676,0.0,2.3717813200287514,0.0,0.4951686769220446,0.7360279166895642,0.04998238580127829,15.883264929588071,0.5249004827644618,7.3,1.2303159103773007,0.9107312551182394,1.140303665067425,0.6289919831778158,7.7247437774524155,6.669054441260745,0.4758210705324016,0.47178820108928166,0.6018484798442933,Beverages—Brewers,Consumer Defensive,SAM
2009Q1,2009,Q1,2009-05-06,2009-03-28,1366000.0,81073000.0,2792000.0,0.1,38045000.0,0.4692684371,216686000.0,142598000.0,65356000.0,61578000.0,74088000.0,27429000.0,39030000.0,313235500.0,309090500.0,10.129137661599659,1.0613530806456852,0.0,0.0,0.009600007378208191,10.129137661599659,0.009579376989859605,3.863622907749806,57.32714128843338,2.1966331926113973,0.0,1.5687046556564221,0.0,0.3741496912583185,0.3427035629607977,0.006304052869128601,-61.99000593706709,0.46926843708756305,-0.6,0.07024011104145074,0.8079325546622222,1.1672168260731604,-0.21629416005767843,-0.6202390881289964,-0.5335783494821249,-0.26169184177367805,0.4026602574174952,0.573422998196467,Beverages—Brewers,Consumer Defensive,SAM
2008Q4,2008,Q4,2009-03-10,2008-12-27,3597000.0,103777000.0,5986000.0,0.25,48545000.0,0.4677818785,219757000.0,140028000.0,68854000.0,67057000.0,79729000.0,22708000.0,37664000.0,385344000.0,376270000.0,9.724166666666667,1.026798097141238,0.0,0.0,0.02461054569770151,9.724166666666667,0.025687719598937356,3.7131927112944103,26.78231859883236,2.751906761504842,0.0,2.4322705654394925,0.0,0.4722352416532807,0.5990127801720924,0.016368079287576734,-252.0235448005232,0.4677818784509092,12.79245283018868,-0.019341535342364838,1.016029092763692,1.2084826093446783,0.1060354058918685,13.193220338983052,10.533718689788055,0.5873786407766989,0.6026840869780082,0.6286302469207599,Beverages—Brewers,Consumer Defensive,SAM
2008Q3,2008,Q3,2008-11-04,2008-09-27,-295000.0,101128000.0,519000.0,-0.0212,43891000.0,0.4340143185,202979000.0,136094000.0,60767000.0,63018000.0,66885000.0,23804000.0,34067000.0,674266260.0,663697260.0,9.767044639012488,0.9642800469707068,0.0,0.0,-0.0017605547560299215,9.767044639012488,-0.0021676194395050478,6.667453722015663,-571.4120847457627,4.9544157714520844,0.0,2.4045118467484454,0.0,0.49821902758413433,0.5058713383477736,-0.001453352317234788,20.820326076887447,0.4340143184874614,-1.0353333333333334,-1.0752937908025786,0.8531848618339537,1.4015046740827297,-0.2660490627247036,-1.0346041055718476,-0.9652121455861653,-1.0711438471632053,0.6154886801423132,0.6364280466187849,Beverages—Brewers,Consumer Defensive,SAM
2008Q2,2008,Q2,2008-08-05,2008-06-28,8525000.0,117372000.0,14919000.0,0.6,59801000.0,0.5094997103,205903000.0,131590000.0,78795000.0,70336000.0,74313000.0,25526000.0,34362000.0,555360000.0,535974000.0,9.477816191299338,1.1202655823475887,0.0,0.0,0.06257823387833804,9.477816191299338,0.06478455809711985,4.731622533483284,16.286217008797653,4.220381487955011,0.0,2.2553866645772938,0.0,0.5700354050208107,0.6786993858052776,0.04140299072864407,-10.228001031345537,0.5094997103227346,3.222222222222222,2.0253629682612355,1.2646331246520257,1.193327804370542,0.8894470774091627,3.2800213960952127,3.026487367563162,0.7022442220486034,0.9556683292482931,0.5668155001338694,Beverages—Brewers,Consumer Defensive,SAM
2008Q1,2008,Q1,2008-05-06,2008-03-29,-3739000.0,76123000.0,-7362000.0,-0.27,31650000.0,0.4157744703,186526000.0,119648000.0,122076000.0,62815000.0,66878000.0,24934000.0,25837000.0,663697230.0,592535230.0,8.636973940662672,1.943421157366871,0.0,0.0,-0.03543784658040666,8.636973940662672,-0.03125,8.718747684668234,-44.37665351698315,5.547081689622893,0.0,1.783628779979145,0.0,0.40810932524152127,1.4538884024516436,-0.020045462830919014,177.22222429906543,0.4157744702652286,-1.5869565217391304,-37.96047820595943,0.9077914092078407,0.83190191666963,-0.404885019649136,-1.5535159141376758,-1.5173940543959519,-1.9722180403337088,0.6104192922042637,0.4694333234367399,Beverages—Brewers,Consumer Defensive,SAM
2007Q4,2007,Q4,2008-03-13,2007-12-29,6755000.0,92187000.0,14229000.0,0.46,53183000.0,0.576903468,195855000.0,133588000.0,135793000.0,58057000.0,62267000.0,18090000.0,44896000.0,554190000.0,474901000.0,9.087619047619048,2.3389599875983946,0.0,0.0,0.047078614329389486,9.087619047619048,0.05056591909452945,6.011585147580462,20.51036269430052,4.14850136239782,0.0,2.1561083471531233,0.0,0.4706900513134717,1.9543035292901803,0.034489801128385796,24.011698440207972,0.5769034679510127,1.1904761904761905,2.575801514419204,0.8606574208630822,0.8559806508355322,0.23348640875776974,1.1262197041233868,2.960200389646535,1.3751758087201125,0.6520079565614753,0.7045808345029986,Beverages—Brewers,Consumer Defensive,SAM
2007Q3,2007,Q3,2007-11-06,2007-09-29,3177000.0,84144000.0,3593000.0,0.21,43116000.0,0.5124073018,181546000.0,132097000.0,135810000.0,44751000.0,49449000.0,18980000.0,44223000.0,692675100.0,621095100.0,9.279733052335793,3.034792518602936,0.0,0.0,0.017563714727739797,9.279733052335793,0.024050508338569386,8.232020108385624,54.50701133144475,5.243685322149632,0.0,2.1616438356164385,0.0,0.463485838299935,2.501530692051574,0.01749969704647858,2584.6085820895523,0.512407301768397,-0.5434782608695652,8.789194790678179,0.6594331337021901,0.9433598623694287,-0.18244908794417689,-0.5321749374171698,-0.6592697961119014,0.044862047043865275,0.5294422535844687,0.7510936640530246,Beverages—Brewers,Consumer Defensive,SAM
2007Q2,2007,Q2,2007-08-09,2007-06-30,6791000.0,92868000.0,10545000.0,0.46,52738000.0,0.5678812939,175868000.0,126833000.0,139806000.0,44225000.0,49035000.0,18559000.0,41046000.0,558927400.0,486887400.0,8.929386088425796,3.1612436404748445,0.0,0.0,0.047884770486170895,8.929386088425796,0.05354284768159706,6.018514450618081,20.57603445737005,4.406797915369029,0.0,2.1622932270057653,0.0,0.5280551322582846,2.6463312605992084,0.03861418791366252,58.78496003365587,0.5678812938794848,0.15,0.6279253034205541,0.816229111807759,0.7381767335219781,0.30792123406577054,0.17735783633841887,0.23796665884010332,0.2593152766698909,0.4892372035943107,0.7551136512091999,Beverages—Brewers,Consumer Defensive,SAM
2007Q1,2007,Q1,2007-05-10,2007-03-31,5768000.0,72448000.0,8518000.0,0.4,40322000.0,0.5565647085,160288000.0,118568000.0,125227000.0,36806000.0,41720000.0,18951000.0,34255000.0,470835300.0,409386300.0,8.398356707748974,3.402352877248275,0.0,0.0,0.04294059717114737,8.398356707748974,0.04864718979825923,6.498941309628975,20.407216539528434,3.9710149450104577,0.0,1.6952139728774207,0.0,0.45198642443601517,2.7498505678422,0.035985226592134156,-100.84285714285714,0.5565647084805654,1.352941176470588,4.061147814738976,0.8377574609401008,0.7212499703592308,-0.01835621774272081,1.3286233346790473,0.6734774066797642,3.5063358860560356,0.6110171559897544,0.7969012344851021,Beverages—Brewers,Consumer Defensive,SAM
