Quarters,Year,Quarter,FillingDate,Date,NetIncome,Revenue,OperatingIncome,EPSDiluted,GrossProfit,GrossProfitRatio,TotalAssets,CommonStockEquity,CurrentAssets,CurrentLiability,TotalLiability,Inventory,RetainedEarnings,MarketCap,EnterpriseValue,bookValuePerShare,currentRatio,debtToAssets,debtToEquity,roic,shareholdersEquityPerShare,roe,priceToSalesRatio,peRatio,pbRatio,payoutRatio,inventoryTurnover,dividendYield,assetTurnover,quickRatio,returnOnAssets,priceToFreeCashFlowsRatio,grossProfitMargin,epsdilutedGrowth,fiveYNetIncomeGrowthPerShare,fiveYRevenueGrowthPerShare,fiveYShareholdersEquityGrowthPerShare,grossProfitGrowth,netIncomeGrowth,operatingIncomeGrowth,threeYNetIncomeGrowthPerShare,threeYRevenueGrowthPerShare,threeYShareholdersEquityGrowthPerShare,Industry,Sector,Symbol
2023Q4,2023,Q4,2023-06-01,2023-03-31,25643000.0,148652000.0,46818000.0,4.1,148652000.0,1.0,1117319000.0,385227000.0,16509000.0,50560000.0,732092000.0,0.0,97154898.0,521478690.00000006,1183968690.0,61.52803066602779,0.3265229430379747,0.607703798109582,1.7625945221908121,0.030197044770289925,61.52803066602779,0.06656594683134878,3.5080502785028123,5.084025757516671,1.3536919530562501,0.0,0.0,0.0,0.13304347281304624,0.3265229430379747,0.022950473410010927,6.18083291258888,1.0,3.1836734693877546,0.28162984735612734,0.47486532447205676,0.036949226456784966,1.0106831903537083,3.4526827574231636,1.289612676056338,0.5117526306244846,0.19675839889441232,0.16612552985788503,Credit Services,Financial Services,WRLD
2023Q3,2023,Q3,2023-02-03,2022-12-31,5759000.0,132426000.0,20448000.0,0.98,-13914570000.0,-105.0743056499,1216977000.0,359626000.0,999109539000.0,42385118000.0,857351000.0,0.0,73393372.0,379943246.76,1167531246.76,62.41389639695145,23.57217783373872,0.6643921783238302,2.2483079643852224,0.014721479261519016,62.41389639695145,0.01601385884224166,2.8690985664446558,16.493455754471263,1.0564954890914449,0.0,0.0,0.0,0.10881553225738859,0.0005603853692232259,0.004732217617917183,5.6013968485283865,-105.0743056499479,5.083333333333333,4.275419431009985,0.5448782116758907,0.1320617749743171,0.037637989790140505,5.219047619047619,0.5695484270703812,2.361238651176564,0.3026177716509776,0.26242207081660573,Credit Services,Financial Services,WRLD
2023Q2,2023,Q2,2022-11-04,2022-09-30,-1365000.0,138195000.0,13027951.0,-0.24,-14458769000.0,-104.6258475343,1247257000.0,356581000.0,1023507810000.0,48803481000.0,890676000.0,0.0,67634398.0,554436728.5799999,1368401728.58,62.26891300729996,20.972024720941526,0.6691964847661709,2.340730437123683,0.008629223571940443,62.26891300729996,-0.0038280222445951973,4.011988339520243,-101.54518838461539,1.55486895987167,0.0,0.0,0.0,0.11079913762761003,20.548410973389377,-0.0010944015547717913,7.228520839094319,-104.62584753428126,0.8431372549019608,-1.2150319135062129,0.690244018138691,0.12303802641283063,-0.01676382651069616,0.8449392252641145,23.347942527575626,-1.4488209374391796,0.417826740084328,0.25278241450636285,Credit Services,Financial Services,WRLD
2023Q1,2023,Q1,2022-08-05,2022-06-30,-8803000.0,146420000.0,535074.0,-1.53,-14220381000.0,-97.1204821746,1279073000.0,354127000.0,1052159446000.0,52211422000.0,924946000.0,0.0,69000362.0,644351320.4,1496436320.4,61.685625871497784,20.151901742879172,0.6765743628393376,2.443722167470992,0.00029395079867756903,61.685625871497784,-0.024858313542881507,4.4007056440377,-18.299196876064975,1.8195486941125643,0.0,0.0,0.0,0.11447352887599066,19.897373386804137,-0.006882328061025446,11.339350243451928,-97.12048217456632,-1.5275862068965518,-2.0345246507640264,0.803734585227217,0.1366321982950421,-92.57601184918055,-1.478892394733979,-0.9851025327426103,-2.6354514773379454,0.7470272985256775,0.030372379997447154,Credit Services,Financial Services,WRLD
2022Q4,2022,Q4,2022-05-27,2022-03-31,18382000.0,155285000.0,35917112.0,2.9,155285000.0,1.0,1218296000.0,373024000.0,19236000.0,58042000.0,845272000.0,0.0,92117343.0,1217860557.76,1978470557.76,58.75953835931871,0.33141518210950693,0.6401120909860987,2.0906054302136057,0.022905133845305393,58.75953835931871,0.049278330616796776,7.842744358824097,16.563221599390708,3.264831640216179,0.0,0.0,0.0,0.1274608141207063,0.3314207298163399,0.015088287247105793,11.190065767999664,1.0,1.636363636363636,-0.2015388216626435,0.5406524350977203,0.11932942530708715,0.12195535088059893,1.5088948251416867,1.0083603042060583,-0.29144987539722955,0.49323583342290067,-0.01192888775366746,Credit Services,Financial Services,WRLD
2022Q3,2022,Q3,2022-02-04,2021-12-31,7326732.0,138405686.0,17883799.0,1.1,138405686.0,1.0,1270204857.0,409406265.0,18667639.0,51066970.0,860798592.0,0.0,134414290.0,1628941734.99,2418414341.99,61.684575611642025,0.36555211715126235,0.6362282757355258,1.9739322894826732,0.013006188416426893,61.684575611642025,0.017895993848555298,11.76932669507523,55.5821386325445,3.978790444230256,0.0,0.0,0.0,0.10896327882644839,0.36555211715126235,0.0057681498851330565,27.43886103244218,1.0,-0.4053739062934144,0.005630102827090661,0.45873661172225116,0.28368518076918814,0.0556195201993001,-0.41103876080659213,0.0,0.7350546238310052,0.5427075344043608,0.057252919426221516,Credit Services,Financial Services,WRLD
2022Q2,2022,Q2,2021-11-05,2021-09-30,12440092.0,131113231.0,0.0,1.849902,131113231.0,1.0,1140579153.0,419007341.0,0.0,0.0,721571812.0,0.0,146435164.0,1274762461.2,1918517364.2,62.31389307777649,0.0,0.5792154943936626,1.5766814882606077,0.0,62.31389307777649,0.029689436873135834,9.72260733319889,25.618027205908124,3.0423392061763423,0.0,0.0,0.0,0.11495320658381347,0.0,0.010906820423010133,22.214562628770448,1.0,-0.21484405340192136,0.04224825019449188,0.375121400500965,0.3015967315930926,0.05601659062584182,-0.21119601329746288,0.0,0.16483155734078228,0.45152378980527375,0.009517721430330655,Credit Services,Financial Services,WRLD
2022Q1,2022,Q1,2021-08-06,2021-06-30,15770828.0,124158306.0,0.0,2.356095,124158306.0,1.0,1023676647.0,405470862.0,0.0,0.0,618205785.0,0.0,144024733.0,1072598968.72,1621783088.72,60.57497053574083,0.0,0.5446753539157371,1.3751208588695085,0.0,60.57497053574083,0.038895095746732104,8.638962654016881,17.0028956108075,2.645317011016195,0.0,0.0,0.0,0.12128664492235897,0.0,0.01540606405960143,22.07226702422978,1.0,-0.6427697991328268,0.2460207109198114,0.3417452397160631,0.31520191682896925,-0.1089551125348854,-0.6486310374667758,0.0,2.0014798856184175,0.4299210518056222,0.07036732157488781,Credit Services,Financial Services,WRLD
2021Q4,2021,Q4,2021-06-02,2021-03-31,44883953.0,139340125.0,0.0,6.595453,139340125.0,1.0,954269164.0,404927441.0,0.0,0.0,549341723.0,0.0,149336767.0,883054949.4399999,1364034070.44,59.50182916417718,0.0,0.5205298397339809,1.22670267486268,0.0,59.50182916417718,0.1108444339784816,6.337406037492789,4.918544883067674,2.180773294245573,0.0,0.0,0.0,0.14601763344833388,0.0,0.047034898216620984,13.41740670947105,1.0,2.0791729615360914,0.948677401150748,0.3152595792706903,0.3379506985250472,0.12697237073695525,2.0974517559859125,0.0,1.0638669246153447,0.2719048277377075,0.002801081989199207,Credit Services,Financial Services,WRLD
2021Q3,2021,Q3,2021-02-05,2020-12-31,14490606.0,123641119.0,0.0,2.141956,123641119.0,1.0,1034028898.0,358862189.0,0.0,0.0,675166709.0,0.0,118056820.0,691597827.16,1315891700.1599998,53.04078688363703,0.0,0.6131207128023611,1.7666518079451385,0.0,53.04078688363703,0.04037930560580736,5.593590811484002,11.931830648766518,1.9271961448131276,0.0,0.0,0.0,0.11957220851288046,0.0,0.01401373407264291,15.901052359598507,1.0,0.11934840251801072,0.2955931357555289,0.23029350759606537,0.30434024691437395,0.042960199618953504,0.08149988580913557,0.0,10.30442579886003,0.22838910867945342,-0.03794746343608376,Credit Services,Financial Services,WRLD
2021Q2,2021,Q2,2020-11-06,2020-09-30,13398620.0,118548262.0,0.0,1.913574,118548262.0,1.0,932290939.0,367275151.0,0.0,0.0,565015788.0,0.0,129727585.0,739069544.0,1246463245.0,52.45229289011265,0.0,0.5592477468023531,1.4195940171296806,0.0,52.45229289011265,0.03648115034060662,6.234334704965983,13.790031062900507,2.0123047856292353,0.0,0.0,0.0,0.12715801156145315,0.0,0.014371715351402766,28.952303902736308,1.0,-0.08064720702438122,-0.11598649903949983,0.1620314816106997,0.3404658793407701,0.0020568628060074422,-0.13611068825606562,0.0,0.7261963108025581,0.18580182492855765,-0.0540075835074533,Credit Services,Financial Services,WRLD
2021Q1,2021,Q1,2020-08-07,2020-06-30,15509649.0,118304925.0,0.0,2.081436,118304925.0,1.0,902644599.0,391242915.0,0.0,0.0,511401684.0,0.0,159564603.0,488228045.76,928089038.76,52.50463592458413,0.0,0.49833693847870686,1.1497234294964804,0.0,52.50463592458413,0.03964199326139874,4.126861546634681,7.869746855006197,1.2478898071802782,0.0,0.0,0.0,0.13106479020764628,0.0,0.017182453666905507,10.0713214834258,1.0,-0.3137031789560384,-0.20959216199214437,0.08141826684490575,0.4012895205478799,-0.2362491890811473,-0.2667923248863313,0.0,0.40423030434081625,0.1227971065989417,-0.032538635889634515,Credit Services,Financial Services,WRLD
2020Q4,2020,Q4,2020-05-29,2020-03-31,21153146.0,154899901.0,0.0,3.032851,154899901.0,1.0,1030086435.0,411963067.0,0.0,0.0,618123368.0,0.0,184748490.0,426385814.74,968626278.74,52.762785043841866,0.0,0.537682438270338,1.3444394179151016,0.0,52.762785043841866,0.051347190305290155,2.752653888009909,5.039271874027627,1.0350098076631709,0.0,0.0,0.0,0.1503756342544206,0.0,0.02053531167993684,5.172041728605767,1.0,4.888270512820513,-0.4990893934385087,0.20218659292763277,0.49977139511674584,0.10683082976709449,4.632022496990077,0.0,-0.25292562733650437,0.2495514327655033,0.00509533447276814,Credit Services,Financial Services,WRLD
2020Q3,2020,Q3,2020-02-10,2019-12-31,-5824068.0,139949030.0,0.0,-0.78,139949030.0,1.0,1143011550.0,392157147.0,0.0,0.0,750854403.0,0.0,170984396.0,685325923.2,1380685833.2,49.43980134677036,0.0,0.618890423285749,1.8038658925678077,0.0,49.43980134677036,-0.014851362634989793,4.89696801185403,-29.41783660492975,1.747579837426755,0.0,0.0,0.0,0.12243885899490692,0.0,-0.005095371083520547,13.50643893986289,1.0,-2.5294117647058822,-1.3778368306683313,0.13728574124343748,0.5025646368664636,0.03477925691154707,-2.3801105734335133,0.0,-1.6688810342197298,0.2342050791508162,0.02886563941997162,Credit Services,Financial Services,WRLD
2020Q2,2020,Q2,2019-11-07,2019-09-30,4220001.0,135245299.0,0.0,0.51,135245299.0,1.0,1077816368.0,394944037.0,0.0,0.0,682872331.0,0.0,176808464.0,1013174313.4200001,1641911375.42,49.70449160705687,0.0,0.5928299439223212,1.6178540682714497,0.0,49.70449160705687,0.010685060678609512,7.491382849617568,60.02216074237897,2.5653617183742923,0.0,0.0,0.0,0.12548083608245963,0.0,0.0039153246557487795,19.527806993842052,1.0,-0.4560330731891501,-0.7639903366323441,0.09813002597318614,0.6003776232419424,0.009002209101546118,-0.5097809708866887,0.0,-0.7008031902592446,0.20036554641389043,0.03821476441044738,Credit Services,Financial Services,WRLD
2020Q1,2020,Q1,2019-08-07,2019-06-30,8608399.0,134038655.0,0.0,0.937557,134038655.0,1.0,1040692665.0,549660061.0,0.0,0.0,491032604.0,0.0,340783798.0,1497654471.6000001,1932157284.6000001,59.86731308893452,0.0,0.4268905921423017,0.8082484785082465,0.0,59.86731308893452,0.015661314348251326,11.173302743152714,43.4939897534954,2.7246921831564546,0.0,0.0,0.0,0.12879753985774464,0.0,0.008271797514783099,32.13071386288614,1.0,-0.7705808856923607,-0.600420173754319,-0.03049651660232397,1.0242090744354113,-0.11865345545361332,-0.7731086425812588,0.0,-0.5041444503916818,0.05605459358430679,0.2998372798796404,Credit Services,Financial Services,WRLD
2019Q4,2019,Q4,2019-05-24,2019-03-31,37940621.0,152083940.0,0.0,4.086656,152083940.0,1.0,854988073.0,552116625.0,0.0,0.0,302871448.0,0.0,353990976.0,1115672460.06,1358277027.06,59.46893662919838,0.0,0.29467077723784807,0.45631663418937984,0.0,59.46893662919838,0.06871849040952172,7.33589924130056,7.351437790514816,2.0207188292147515,0.0,0.0,0.0,0.17787843456852526,0.0,0.044375614348482265,14.601714182522477,1.0,5.423327743032687,0.07597703051370709,0.07600182560022445,0.9856271294567873,0.14346955388557286,5.060645235698373,0.0,0.20742322486010234,0.05226438968687028,0.33721108109194753,Credit Services,Financial Services,WRLD
2019Q3,2019,Q3,2019-02-11,2018-12-31,6260162.0,133002177.0,0.0,0.636221,133002177.0,1.0,927513155.0,574068886.0,0.0,0.0,353444269.0,0.0,386809909.0,1006171726.48,1303079931.48,58.34419983925764,0.0,0.33211388791569213,0.5365906557771536,0.0,58.34419983925764,0.010904896873299628,7.5650771226098055,40.18153709440746,1.7527020729007077,0.0,0.0,0.0,0.14339653975042543,0.0,0.006749405079866495,16.678725622695307,1.0,-0.5921660256410256,-0.6971019744845037,-0.04667392425720712,0.9404543430330876,0.08168994517499521,-0.5693826613595255,0.0,-0.6151255469512276,-0.08996943871334638,0.43475790039298573,Credit Services,Financial Services,WRLD
2019Q2,2019,Q2,2018-11-08,2018-09-30,14537645.0,122957764.0,0.0,1.56,122957764.0,1.0,838949414.0,564990675.0,0.0,0.0,273958739.0,0.0,384310056.0,1021490982.0,1246085271.0,61.72639841278599,0.0,0.2743788792967677,0.40742265348007733,0.0,61.72639841278599,0.025730769804298097,8.307657432677452,17.566307713525816,1.807978480352795,0.0,0.0,0.0,0.14656159471374278,0.0,0.017328392817734302,29.42443347023569,1.0,1.6631395577199222,-0.15503493736092064,0.0652184023300795,1.0077226580761462,0.03704955587899375,1.6760659552903847,0.0,-0.266247467768739,-0.07799052164435478,0.577474050567786,Credit Services,Financial Services,WRLD
2019Q1,2019,Q1,2018-08-09,2018-06-30,-21503294.0,118564984.0,0.0,-2.352446,118564984.0,1.0,811977754.0,517272675.0,0.0,0.0,294705079.0,0.0,369772411.0,1014661705.73,1244238804.73,56.59269422259051,0.0,0.295377550454418,0.4636626127602816,0.0,56.59269422259051,-0.0415705198423636,8.557853014427936,-11.796584580599607,1.9615606135197456,0.0,0.0,0.0,0.14601999059200826,0.0,-0.026482614694884856,19.077489431918536,1.0,-1.739762893081761,-2.1986653623322665,0.08650314721101916,0.8816178538233209,-0.19236813430059077,-1.737860333798057,0.0,-1.8933958462484628,-0.1164380785345207,0.5103951862002128,Credit Services,Financial Services,WRLD
2018Q4,2018,Q4,2018-06-13,2018-03-31,29142770.0,146805728.0,0.0,3.18,146805728.0,1.0,840987037.0,541107852.0,0.0,0.0,299879185.0,0.0,391275705.0,960277347.9,1173091043.9,59.33562521307496,0.0,0.2912054398289138,0.45258999494245006,0.0,59.33562521307496,0.053857599538215534,6.541143598293385,8.237697959905665,1.7746505513654975,0.0,0.0,0.0,0.17456360388584682,0.0,0.03465305494358054,13.7220994244213,1.0,15.786583402397634,0.026266496165885733,0.43261844930000065,0.9710308904661235,0.11272718237856362,16.34464655458194,0.0,-0.40914849264850006,-0.02450286256515689,0.6866030353021353,Credit Services,Financial Services,WRLD
2018Q3,2018,Q3,2018-02-06,2017-12-31,1680217.0,131933263.0,0.0,0.189437,131933263.0,1.0,906091036.0,488940764.0,0.0,0.0,417150272.0,0.0,362132935.0,715856925.12,1067735561.12,55.132942191575566,0.0,0.4159074364797049,0.7707477628107932,0.0,55.132942191575566,0.0034364428652956416,5.425901769139144,106.51257026919737,1.4640974486635359,0.0,0.0,0.0,0.1456070723118819,0.0,0.0018543578219440634,14.705374204449212,1.0,-0.8277845454545455,-0.8849489132786316,0.2859693004527493,0.9252961722480448,0.045307496339553305,-0.8285378257424348,0.0,-0.9025051743335375,-0.041057989689766636,0.6755894442702088,Credit Services,Financial Services,WRLD
2018Q2,2018,Q2,2017-11-08,2017-09-30,9799345.0,126214787.0,0.0,1.1,126214787.0,1.0,857069130.0,490152309.0,0.0,0.0,366916821.0,0.0,360452718.0,732750915.6,1034720638.6,55.446842887588744,0.0,0.3742405236319735,0.6543884301073445,0.0,55.446842887588744,0.019992448918566656,5.80558691272838,18.693874835511966,1.4949453509562065,0.0,0.0,0.0,0.14726325168192675,0.0,0.011433552623695593,18.023530340666067,1.0,-0.2567567567567567,-0.3744125479801123,0.36352390757984493,0.8033006486299792,0.012450121315738007,-0.25010862673008827,0.0,-0.5073936857548539,-0.07885601238286613,0.7852689720321022,Credit Services,Financial Services,WRLD
2018Q1,2018,Q1,2017-08-08,2017-06-30,13067686.0,124662721.0,0.0,1.48,124662721.0,1.0,826763870.0,478462514.0,0.0,0.0,348301356.0,0.0,350653373.0,660425287.5,946432776.5,54.270524769601586,0.0,0.36352580332277945,0.6281578832317886,0.0,54.270524769601586,0.02731182823655857,5.297696714802174,12.6347022628949,1.3803072720969736,0.0,0.0,0.0,0.15078394874705883,0.0,0.01580582615444964,13.88857510757503,1.0,-0.5918882832780636,-0.14401175347088702,0.4325723610068778,0.8561341394259142,-0.10601587056115212,-0.5897224318277049,0.0,-0.3683152772963748,-0.060976561971220415,0.8349727596728261,Credit Services,Financial Services,WRLD
2017Q4,2017,Q4,2017-06-29,2017-03-31,31850842.0,139446235.0,0.0,3.626458,139446235.0,1.0,800588775.0,461063577.0,0.0,0.0,339525198.0,0.0,344605347.0,454781099.22,734716889.22,52.4953039121598,0.0,0.3686489359034543,0.6401203971052348,0.0,52.4953039121598,0.06908123649073239,3.26133652314098,3.569615987075004,0.98637394473691,0.0,0.0,0.0,0.1741796030053007,0.0,0.039784272518684764,7.936331835175013,1.0,2.3032754407075005,0.25873788447199225,0.42326155414594036,0.6367621054330068,0.11076775552247298,2.304017942677167,0.0,-0.045183811406178796,0.04288575814492683,0.752782301573644,Credit Services,Financial Services,WRLD
2017Q3,2017,Q3,2017-02-06,2016-12-31,9640033.0,125540406.0,0.0,1.097837,125540406.0,1.0,860937330.0,421990269.0,0.0,0.0,438947061.0,0.0,312754505.0,564495196.76,946445737.76,48.052728609580456,0.0,0.4622127373661449,0.942998522082034,0.0,48.052728609580456,0.022844206864874414,4.496521994360923,14.639348142272958,1.3376971893159935,0.0,0.0,0.0,0.14581828621602458,0.0,0.011197136730033532,10.949008100841436,1.0,-0.3762289772727273,-0.16720051261190547,0.6015029162850314,0.6242333211200852,0.014467123896742288,-0.3777197314779461,0.0,-0.47739768505089536,0.008203474139289171,0.5981730177454623,Credit Services,Financial Services,WRLD
2017Q2,2017,Q2,2016-11-04,2016-09-30,15491465.0,123750098.0,0.0,1.76,123750098.0,1.0,817398334.0,417816181.0,0.0,0.0,399582153.0,0.0,308110281.0,427983751.52,772314663.52,47.87496124203327,0.0,0.44113889764791225,0.863025934364184,0.0,47.87496124203327,0.037077226073252534,3.458451818923004,6.906766911973787,1.0243350329220495,0.0,0.0,0.0,0.15139509447544336,0.0,0.018952161211525053,9.463509456372826,1.0,-0.06878306878306872,0.11485874919735237,0.6189795449771658,0.69811202859901,0.018571494406664137,-0.0677874664955746,0.0,-0.05565495588141979,0.1244024358556194,0.5571886083059939,Credit Services,Financial Services,WRLD
2017Q1,2017,Q1,2016-08-05,2016-06-30,16617954.0,121493777.0,0.0,1.89,121493777.0,1.0,810429238.0,404776728.0,0.0,0.0,405652510.0,0.0,292618816.0,400755600.0,750991825.0,46.05754429083461,0.0,0.44465325669802647,0.8902685729501721,0.0,46.05754429083461,0.04105461814000334,3.298568946457233,6.028955189068402,0.9900658122815796,0.0,0.0,0.0,0.14991287493504768,0.0,0.020505126445104885,7.376206257453408,1.0,-0.417977654037295,0.4086738747626777,0.7353906542201268,0.6486314247891717,-0.11437596550720806,-0.4428315901348128,0.0,-0.0365816238502858,0.157905149996188,0.5313407292473276,Credit Services,Financial Services,WRLD
2016Q4,2016,Q4,2016-06-01,2016-03-31,29825729.0,137184372.0,0.0,3.247298,137184372.0,1.0,806218863.0,391901581.0,0.0,0.0,414317282.0,0.0,276000862.0,334160520.0,696468496.0,44.47236301739056,0.0,0.4647435295743012,0.956069120833682,0.0,44.47236301739056,0.07610515100218491,2.4358497628286697,2.800941764072221,0.8526643836121702,0.0,0.0,0.0,0.17015773048217553,0.0,0.03699458096157197,5.401817242465175,1.0,0.9642808319027519,0.48639067001383124,0.7542971903853569,0.5108353500486794,0.0349893487689855,1.0218949773763448,0.0,0.0869307952290454,0.3853952107166261,0.4772980138748821,Credit Services,Financial Services,WRLD
2016Q3,2016,Q3,2016-02-05,2015-12-31,14751374.0,132546651.0,0.0,1.653174,132546651.0,1.0,906976548.0,362870256.0,0.0,0.0,544106292.0,0.0,246175133.0,331059624.0,822052224.0,40.66483956859686,0.0,0.5644412759391437,1.4107935041112876,0.0,40.66483956859686,0.04065192381047621,2.4976838079447212,5.61065742079348,0.9123360719871183,0.0,0.0,0.0,0.14614121091916038,0.0,0.016264338953999063,6.082099731484159,1.0,-0.2362459038584234,0.44599344682616837,0.9200688246423491,0.5496267156295049,0.02635847299646512,-0.23115479227659297,0.0,0.0038540935626976787,0.2839787197275339,0.42005590223087236,Credit Services,Financial Services,WRLD
2016Q2,2016,Q2,2015-11-06,2015-09-30,19186403.0,129142648.0,0.0,2.164537,129142648.0,1.0,863580166.0,346839197.0,0.0,0.0,516740969.0,0.0,231423759.0,237904123.6,714931173.6,39.12989782023266,0.0,0.5669247850696932,1.4115619117870348,0.0,39.12989782023266,0.05531786247331209,1.8421809315850484,3.099905224548864,0.6859205235675828,0.0,0.0,0.0,0.14954332334677542,0.0,0.02221728075213807,6.101205201798929,1.0,-0.17801476775943822,0.6740114160357381,1.0004766315525766,0.5616744554407396,-0.019810875194699866,-0.18811943152966282,0.0,0.22157269157968937,0.39141595002292445,0.2726237680134033,Credit Services,Financial Services,WRLD
2016Q1,2016,Q1,2015-07-30,2015-06-30,23632051.0,131752786.0,0.0,2.633304,131752786.0,1.0,871709078.0,336255422.0,0.0,0.0,535453656.0,0.0,212237356.0,552007839.78,1023747069.78,37.468799384195584,0.0,0.560909611176494,1.4541029467771676,0.0,37.468799384195584,0.07028005930563107,4.189724229284988,5.839609940965344,1.6416325318911884,0.0,0.0,0.0,0.15114306977539588,0.0,0.027110020529119695,13.12788609694321,1.0,-0.5068719101123595,1.202992057378716,1.1472931919727367,0.580723349521797,-0.10993608645301513,-0.5128896897261191,0.0,0.520739772729571,0.48738758281287864,0.28148968515707723,Credit Services,Financial Services,WRLD
2015Q4,2015,Q4,2015-06-02,2015-03-31,48514783.0,148026208.0,0.0,5.34,148026208.0,1.0,866130719.0,315567719.0,0.0,0.0,550563000.0,0.0,188605305.0,654088608.16,1116899673.1599998,35.18055165983125,0.0,0.5786078117384035,1.5880901937247898,0.0,35.18055165983125,0.153738104625334,4.41873514830563,3.3705634020871535,2.072736115825586,0.0,0.0,0.0,0.17090515871657935,0.0,0.05601323441802553,9.80817549973157,1.0,1.7480586046655242,1.8547025522246574,1.1442977197410602,0.4383251511306368,0.0028213583834585236,1.6238391359566866,0.0,0.8773226261765138,0.47933650620089074,0.0969018086149599,Credit Services,Financial Services,WRLD
2015Q3,2015,Q3,2015-02-06,2014-12-31,18489999.0,147609748.0,0.0,1.94319,147609748.0,1.0,938349263.0,313070186.0,0.0,0.0,625279077.0,0.0,192008222.0,755948238.15,1331120702.15,32.90361035640704,0.0,0.6308418659673418,1.8907900735076704,0.0,32.90361035640704,0.05906023577728989,5.12126230409932,10.221042171906012,2.414628642249569,0.0,0.0,0.0,0.1573078957062068,0.0,0.01970481539132407,14.144632939885403,1.0,-0.10037500000000008,1.1381494854342078,1.3195221447842425,0.5383373005827736,0.007380856894729455,-0.13083708854194553,0.0,0.47429720241007356,0.7379827794136917,0.11217701621574681,Credit Services,Financial Services,WRLD
2015Q2,2015,Q2,2014-11-10,2014-09-30,21273341.0,146528244.0,0.0,2.16,146528244.0,1.0,889975990.0,293606742.0,0.0,0.0,596369248.0,0.0,173518224.0,638111587.5,1183179971.5,31.05797712065525,0.0,0.6288933704829498,1.9062913752845634,0.0,31.05797712065525,0.07245521971017954,4.354870911440118,7.49895829127169,2.1733546823662517,0.0,0.0,0.0,0.16464291806344125,0.0,0.023903275188356485,13.190668078772223,1.0,-0.013698630136986212,1.4987955182276784,1.5001825737387176,0.532495015676585,0.012302269411577695,-0.056837728191578625,0.0,0.4133412009990171,0.7697059730400997,0.10161811444419325,Credit Services,Financial Services,WRLD
2015Q1,2015,Q1,2014-08-06,2014-06-30,22555335.0,144747521.0,0.0,2.19,144747521.0,1.0,878866105.0,284295026.0,0.0,0.0,594571079.0,0.0,165748908.0,730162993.3199999,1262218242.32,29.575656904725914,0.0,0.6236444856409612,1.9279268009423423,0.0,29.575656904725914,0.07933777568095757,5.044390316846946,8.09301871730125,2.5683284143001504,0.0,0.0,0.0,0.16469803554433357,0.0,0.025664131170469933,11.350588999353828,1.0,-0.3778409090909091,1.6024990153468919,1.5167358843822327,0.5303294237235371,-0.07352612363443972,-0.42131764848228537,0.0,0.7480831426155526,0.8903153041077906,0.05866168361080053,Credit Services,Financial Services,WRLD
2014Q4,2014,Q4,2014-06-12,2014-03-31,38977057.0,156234865.0,0.0,3.52,156234865.0,1.0,850027561.0,307355321.0,0.0,0.0,542672240.0,0.0,193095944.0,770499790.72,1256430107.72,29.949699894293566,0.0,0.5946865998148501,1.6446762605421106,0.0,29.949699894293566,0.12681432315271354,4.9316763625071784,4.942008517472215,2.5068698606327366,0.0,0.0,0.0,0.18379976387612684,0.0,0.04585387437808031,11.164647363032019,1.0,0.7777777777777778,1.2030247965991134,1.2155869442475362,0.6741224068231857,0.00830803687092707,0.698057781453744,0.0,0.6679748408134863,0.7155960319495704,0.017464831044701385,Credit Services,Financial Services,WRLD
2014Q3,2014,Q3,2014-02-05,2013-12-31,22953905.0,154947555.0,0.0,1.98,154947555.0,1.0,947010845.0,328570093.0,0.0,0.0,618440752.0,0.0,222660011.0,956512609.78,1520374855.78,30.06728813214998,0.0,0.6158852383575396,1.775115911112458,0.0,30.06728813214998,0.06985999483525726,6.173137806401656,10.417754732582539,2.9111371672527726,0.0,0.0,0.0,0.1636175085196622,0.0,0.02423827047091525,14.28132909448967,1.0,0.09999999999999996,2.40203678973583,1.371755492599105,0.8646391887511534,0.07094670445526664,0.0643922410613102,0.0,0.8373376188642699,0.8328684745529913,0.1457827806627016,Credit Services,Financial Services,WRLD
2014Q2,2014,Q2,2013-11-01,2013-09-30,21565269.0,144682788.0,0.0,1.8,144682788.0,1.0,870709435.0,352725723.0,0.0,0.0,517983712.0,0.0,256643073.0,1031635344.96,1503996111.96,30.744484635110847,0.0,0.559141753184287,1.3802509095714577,0.0,30.744484635110847,0.061138917844106314,7.130325308356651,11.959453704936397,2.9247522301059967,0.0,0.0,0.0,0.16616655589588275,0.0,0.024767469069632855,21.223222259821725,1.0,-0.037433155080213935,1.8580907543817295,1.2981320519491357,0.9548623590084541,0.02912122941796314,-0.06691121523249198,0.0,0.45368154236327934,0.7315307466392292,0.22701256519809246,Credit Services,Financial Services,WRLD
2014Q1,2014,Q1,2013-08-06,2013-06-30,23111701.0,140588673.0,0.0,1.87,140588673.0,1.0,843533219.0,354170990.0,0.0,0.0,489362229.0,0.0,262401627.0,1020240323.28,1457790913.28,30.076614179440295,0.0,0.5322256312943142,1.2676080556456644,0.0,30.076614179440295,0.06525577094837723,7.256916944368626,11.035971814450178,2.8806433956660316,0.0,0.0,0.0,0.166666433322764,0.0,0.027398685054038162,18.998751783297205,1.0,-0.37873754152823913,1.6497855825565213,1.260368060997369,0.9580123702440629,0.027962436162209954,-0.39018148351513526,0.0,0.6419461304454851,0.7462135323945721,0.2688638838012325,Credit Services,Financial Services,WRLD
2013Q4,2013,Q4,2013-06-14,2013-03-31,37899310.0,136764407.0,0.0,3.01,136764407.0,1.0,809324965.0,366396259.0,0.0,0.0,442928706.0,0.0,277024787.0,1027360440.75,1415985075.75,30.1038535215665,0.0,0.4945479471277647,1.0923965247145169,0.0,30.1038535215665,0.10343803755922082,7.511899208907476,6.77690728901133,2.8039599627844454,0.0,0.0,0.0,0.16898577569518072,0.0,0.04682829720939104,13.841111804854958,1.0,0.9050632911392403,1.0771742464486862,0.8570556068237927,1.0905119211928944,-0.058327884374542685,0.8331878929423931,0.0,0.6435353900021246,0.4600930823119931,0.23076892269032082,Credit Services,Financial Services,WRLD
2013Q3,2013,Q3,2013-02-08,2012-12-31,20673991.0,145235698.0,0.0,1.58,145235698.0,1.0,884184491.0,359507846.0,0.0,0.0,524676645.0,0.0,281150232.0,936053454.4,1411579101.4,28.636083625097726,0.0,0.5572366457624284,1.3704846931212733,0.0,28.636083625097726,0.05750636941592646,6.445064590111999,11.319215704408501,2.6037079991850858,0.0,0.0,0.0,0.16425949502432519,0.0,0.023381987820910558,15.52382726462914,1.0,-0.08139534883720925,2.816836014910928,1.307053964250415,1.1212520233922876,0.07317847164454945,-0.0972627539855666,0.0,0.8118778124720453,0.729658109019713,0.33881829701759575,Credit Services,Financial Services,WRLD
2013Q2,2013,Q2,2012-11-02,2012-09-30,22901449.0,135332288.0,0.0,1.72,135332288.0,1.0,812961309.0,397389929.0,0.0,0.0,415571380.0,0.0,326355956.0,883507472.24,1644003107.24,30.74742025391792,0.0,0.9510907732510552,1.9456960118382869,0.0,30.74742025391792,0.057629666301885575,6.5284307632484575,9.644667813813877,2.2232759508105198,0.0,0.0,0.0,0.16646830113780975,0.0,0.02817040460162908,20.119256475994582,1.0,0.055214723926380424,1.912090888125165,1.330805875043062,1.4202830691882085,0.049822135225944544,0.012666417215690225,0.0,0.9676265025969459,0.6890265971443488,0.5171711956959664,Credit Services,Financial Services,WRLD
2013Q1,2013,Q1,2012-08-06,2012-06-30,22614998.0,128909730.0,0.0,1.63,128909730.0,1.0,770880068.0,381860049.0,0.0,0.0,389020019.0,0.0,316863898.0,859360633.5999999,1553685347.6,29.23847130271898,0.0,0.9173930282498886,1.851987401803324,0.0,29.23847130271898,0.05922326270900363,6.666375250339907,9.499897298244289,2.250459653609901,0.0,0.0,0.0,0.16722410573469387,0.0,0.02933659714237157,18.689755370038437,1.0,-0.39852398523985244,1.7942723558975178,1.3339256259513925,1.2483224373704176,-0.11518103368075151,-0.39896226567034276,0.0,0.9205390675769591,0.6496716306197527,0.5128824723449291,Credit Services,Financial Services,WRLD
2012Q4,2012,Q4,2012-05-29,2012-03-31,37626586.0,145690514.0,0.0,2.71,145690514.0,1.0,735003099.0,418875013.0,0.0,0.0,316128086.0,0.0,355980694.0,799936760.0,1068418584.0,32.072653526073736,0.0,0.37993037087861314,0.6666666459763261,0.0,32.072653526073736,0.08982771669887123,5.4906578200417355,5.314970377594183,1.9097266133656914,0.0,0.0,0.0,0.1982175506446402,0.0,0.051192418169654544,11.980285720053821,1.0,1.0846153846153845,1.3979513605741638,1.3097577190046206,1.6061191214529402,0.09865203660554805,0.9215045985220486,0.0,0.6711054506385976,0.623457096383189,0.7927908494504528,Credit Services,Financial Services,WRLD
2012Q3,2012,Q3,2012-02-02,2011-12-31,19581835.0,132608423.0,0.0,1.3,132608423.0,1.0,796553070.0,439510582.0,0.0,0.0,357042488.0,0.0,384170200.0,1091910487.5,1735474964.5,29.58486812500736,0.0,0.8258457907895578,1.4967330183645045,0.0,29.58486812500736,0.04455372817394417,8.234096015906923,13.940349404179944,2.4843781520145516,0.0,0.0,0.0,0.16647782551387316,0.0,0.02458321452455139,21.467407091442784,1.0,-0.14473684210526314,2.3035773858123516,1.2005495760529752,1.6782191412763052,0.03445239385435453,-0.15971941034479858,0.0,1.1348623873845356,0.4931050721994295,0.8347216502354703,Credit Services,Financial Services,WRLD
2012Q2,2012,Q2,2011-11-01,2011-09-30,23303924.0,128191905.0,0.0,1.52,128191905.0,1.0,804352851.0,412643804.0,0.0,0.0,391709047.0,0.0,365509693.0,818904621.75,1525043718.75,28.193052304995128,0.0,0.8941349547103178,1.7429075464804507,0.0,28.193052304995128,0.05647467325112193,6.388114926211604,8.78505076816677,1.9845314865069439,0.0,0.0,0.0,0.1593727240981707,0.0,0.02897226505883299,17.993600733635546,1.0,0.19685039370078738,1.9895041104952635,1.4971182677837835,1.2304893915509931,0.0702977282072286,0.15468292741418657,0.0,1.4209558757866816,0.5960827208387778,0.7926316668079936,Credit Services,Financial Services,WRLD
2012Q1,2012,Q1,2011-08-03,2011-06-30,20182098.0,119772192.0,0.0,1.27,119772192.0,1.0,704826676.0,420040513.0,0.0,0.0,284786163.0,0.0,368432513.0,985868883.05,1470554905.05,27.936835121728006,0.0,0.7015736816408464,1.1772384584246043,0.0,27.936835121728006,0.048047979600482016,8.231200135754383,12.2121704474183,2.347080466140655,0.0,0.0,0.0,0.16993141161984057,0.0,0.028634129052175657,20.314288237425085,1.0,-0.40930232558139534,1.4761099749478568,1.369415952806919,1.3094160947230338,-0.10230798935165038,-0.4105037487100268,0.0,0.8122378563467094,0.5081859593694453,0.818710990122166,Credit Services,Financial Services,WRLD
2011Q4,2011,Q4,2011-06-03,2011-03-31,34236177.0,133422366.0,0.0,2.15,133422366.0,1.0,666396955.0,442575169.0,0.0,0.0,223821786.0,0.0,395086232.0,980305798.0,1159705618.0,29.435611905663748,0.0,0.2812593884076196,0.4234995840898611,0.0,29.435611905663748,0.07735675066759111,7.347387303864781,7.1584058436197475,2.21500406408928,0.0,0.0,0.0,0.2002145492996738,0.0,0.05137505017561192,16.372296061068987,1.0,0.9196428571428569,1.3192269597316,1.2904420526518041,1.5769736891599502,0.09150928170571258,0.8952646915884529,0.0,0.518944313274487,0.46654509727795723,1.0441069962127383,Credit Services,Financial Services,WRLD
2011Q3,2011,Q3,2011-01-31,2010-12-31,18064061.0,122236584.0,0.0,1.12,122236584.0,1.0,735265817.0,414642217.0,0.0,0.0,320623600.0,0.0,378251430.0,834286992.0,1312864474.0,26.24170011942365,0.0,0.6683854854087417,1.1852169891325852,0.0,26.24170011942365,0.043565416784369544,6.825182483829882,11.546226953064428,2.0120647579886928,0.0,0.0,0.0,0.16624815294520892,0.0,0.02456806855744254,14.337254042574077,1.0,-0.11111111111111104,2.679224869344244,1.392250348385247,1.5000428273062891,0.07253991806545243,-0.10725236393971997,0.0,1.6497675120421775,0.5427614663304321,0.9438852115515529,Credit Services,Financial Services,WRLD
2011Q2,2011,Q2,2010-10-29,2010-09-30,20234230.0,113969263.0,0.0,1.26,113969263.0,1.0,661508619.0,392093101.0,0.0,0.0,269415518.0,0.0,362127432.0,691035022.0799999,1170222740.08,25.056373102542246,0.0,0.7377273492486423,1.2446355183382836,0.0,25.056373102542246,0.0516056771934888,6.063345536243399,8.537945625803403,1.7624258634430805,0.0,0.0,0.0,0.17228689049023563,0.0,0.030588006594060718,20.263092573565885,1.0,0.10526315789473695,2.2248580004557317,1.448013535288284,1.5027657685914388,0.06469353088513084,0.08119376883812052,0.0,1.125033718560854,0.6211738841583264,0.972312314156452,Credit Services,Financial Services,WRLD
2011Q1,2011,Q1,2010-08-03,2010-06-30,18714712.0,107044196.0,0.0,1.14,107044196.0,1.0,629258528.0,371114644.0,0.0,0.0,258143884.0,0.0,344345080.0,599799825.4200001,958013269.4200001,23.703578109054128,0.0,0.5792484071030342,0.982168194904214,0.0,23.703578109054128,0.0504283846045159,5.603291423852631,8.012410575968255,1.6162116885368718,0.0,0.0,0.0,0.17011163335397816,0.0,0.029740895303368858,14.800466444806016,1.0,-0.36666666666666675,2.0751097874006783,1.5488800511578205,1.3362554865322032,-0.11160657279799148,-0.3690925428894725,0.0,0.9289044158008994,0.6166641836458409,0.8227111108778363,Credit Services,Financial Services,WRLD
2010Q4,2010,Q4,2010-06-08,2010-03-31,29663165.0,120491882.0,0.0,1.8,120491882.0,1.0,593052265.0,382947954.0,0.0,0.0,210104311.0,0.0,357179568.0,564885870.56,653082743.56,24.459387108802602,0.0,0.15789846279400013,0.24452941978637652,0.0,24.459387108802602,0.07746004304282038,4.688165386610859,4.760836129253233,1.4750982859670796,0.0,0.0,0.0,0.20317245057651032,0.0,0.050017792276706,10.05569417720513,1.0,1.0224719101123596,1.4893800756893874,1.4501141846763088,1.4254342252748606,0.10997098100860932,1.0108932551966148,0.0,0.5769518061237084,0.5934862415539253,0.987489946581711,Credit Services,Financial Services,WRLD
2010Q3,2010,Q3,2010-02-01,2009-12-31,14751238.0,108554083.0,0.0,0.89,108554083.0,1.0,640125540.0,347152093.0,0.0,0.0,292973447.0,0.0,327516403.0,581533333.01,1016641600.01,21.389073998233062,0.0,0.6999470760063721,1.2906561966198487,0.0,21.389073998233062,0.04249214767084812,5.357083924793506,9.85566996156526,1.6751543336078922,0.0,0.0,0.0,0.16958249002219158,0.0,0.02304428909366747,11.82899947249551,1.0,0.0,2.1091263334133643,1.4272042932913374,1.2913588417769495,0.07918729824343249,0.009540555247243792,0.0,1.2778832495237156,0.6488384372730014,0.936281316320008,Credit Services,Financial Services,WRLD
2010Q2,2010,Q2,2009-11-02,2009-09-30,14611833.0,100588733.0,0.0,0.89,100588733.0,1.0,579532035.0,328826394.0,0.0,0.0,250705641.0,0.0,312765165.0,409039661.74,769417159.74,20.26628263253658,0.0,0.6344170430544016,1.1181127996677784,0.0,20.26628263253658,0.04443631431849111,4.0664560487107435,6.99843171181877,1.243938045131499,0.0,0.0,0.0,0.1735688916661872,0.0,0.025213158406333827,11.17831159093817,1.0,-0.01111111111111112,1.4246446433402535,1.3675448128345777,1.255115057428575,0.03571362453078514,-0.0015878978934985766,0.0,0.6908903906293524,0.7675369632211249,0.6033641171246282,Credit Services,Financial Services,WRLD
2010Q1,2010,Q1,2009-08-03,2009-06-30,14635072.0,97120218.0,0.0,0.9,97120218.0,1.0,560323194.0,313704312.0,0.0,0.0,246618882.0,0.0,298153332.0,323178363.42,453698415.42,19.3263335633733,0.0,0.24567963895494213,0.4388208728224303,0.0,19.3263335633733,0.046652441296375934,3.327611593911373,5.520614511155121,1.0302005776063416,0.0,0.0,0.0,0.17332892701921598,0.0,0.026118983038207054,9.096488836042656,1.0,-0.47368421052631576,1.3167969797972088,1.4028472717772413,1.3036964042717831,-0.12924147859306576,-0.47702316977859877,0.0,0.6631883743063091,0.7796635972739268,0.5976235528743586,Credit Services,Financial Services,WRLD
2009Q4,2009,Q4,2009-05-29,2009-03-31,27984169.0,111535191.0,0.0,1.71,111535191.0,1.0,531254333.0,290386407.0,0.0,0.0,240867926.0,0.0,292195154.0,277566550.20000005,384616140.20000005,17.88979095687878,0.0,0.21328767214026656,0.39020421503407354,0.0,17.88979095687878,0.09636872913269663,2.4886006623685257,2.4796747600402216,0.9558524211500025,0.0,0.0,0.0,0.2099468824473569,0.0,0.05267565318850773,5.400933162558181,1.0,1.8032786885245904,1.5856070066243553,1.471719079266389,1.1330778585929617,0.15140439661573266,1.7972135387356358,0.0,0.7559549147792003,0.7735586080890197,0.5661818326792714,Credit Services,Financial Services,WRLD
2009Q3,2009,Q3,2009-02-02,2008-12-31,10004302.0,96868825.0,0.0,0.61,96868825.0,1.0,574362163.0,261277759.0,0.0,0.0,313084404.0,0.0,264210985.0,320176852.32000005,603388187.32,16.12498992488065,0.0,0.5055172828297884,1.1112694823748852,0.0,16.12498992488065,0.0382899104703359,3.3052620625882483,8.000979286710857,1.225427122252683,0.0,0.0,0.0,0.1686546072151344,0.0,0.017418107675731417,7.156409663398233,1.0,-0.06153846153846159,1.467900579660286,1.5415798900340925,1.1097244074710286,0.08875722413286241,-0.06179696094786782,0.0,0.9870385532286011,0.8487066902451851,0.5362253672064846,Credit Services,Financial Services,WRLD
2009Q2,2009,Q2,2008-11-03,2008-09-30,10663259.0,88971924.0,0.0,0.65,88971924.0,1.0,528340516.0,254995221.0,0.0,0.0,273345295.0,0.0,254303634.0,583691688.0,832321605.0,15.72718636349675,0.0,0.48586090263045434,1.0066855331378937,0.0,15.72718636349675,0.041817485669662806,6.560403122225389,13.68464575417328,2.289029910878212,0.0,0.0,0.0,0.16839882860696603,0.0,0.020182550224862938,27.707954099936043,1.0,-0.10958904109589036,0.9519001661398117,1.4384570594118942,1.1431612151261443,0.035269063485161366,-0.11521000287095473,0.0,0.6402266250006302,0.8444591558372635,0.5709162497593909,Credit Services,Financial Services,WRLD
2009Q1,2009,Q1,2008-08-05,2008-06-30,12051740.0,85940870.0,0.0,0.73,85940870.0,1.0,504656973.0,249934455.0,0.0,0.0,254722518.0,0.0,244864508.0,547842516.13,766843991.13,15.360788642868123,0.0,0.45000864379218636,0.9086382267702946,0.0,15.360788642868123,0.04821960221530881,6.374644754352615,11.36438630708097,2.1919447485941865,0.0,0.0,0.0,0.1702956158301215,0.0,0.023881053160440528,21.75721837917331,1.0,-0.5034013605442177,1.3452729965296961,1.3896553163089373,1.2070727664116512,-0.12709317514642268,-0.5059081370264531,0.0,0.905499316380963,0.9690991545060307,0.5139793063838933,Credit Services,Financial Services,WRLD
2008Q4,2008,Q4,2008-05-30,2008-03-31,24391699.0,98453658.0,0.0,1.47,98453658.0,1.0,486110427.0,234305272.0,0.0,0.0,251805155.0,0.0,232812768.0,518229407.15000004,725539832.1500001,14.400230496838565,0.0,0.442080622146375,0.9171795332031624,0.0,14.400230496838565,0.10410222011564468,5.263688700627051,5.311534542448232,2.211770152359184,0.0,0.0,0.0,0.20253352434260785,0.0,0.05017727998663152,10.637020316233272,1.0,2.418604651162791,1.60637560098152,1.4129960307652516,1.204917810795252,0.1623161747800267,2.346796286645827,0.0,0.9696875505541502,0.926379995717495,0.4279512296654965,Credit Services,Financial Services,WRLD
2008Q3,2008,Q3,2008-02-01,2007-12-31,7288074.0,84704713.0,0.0,0.43,84704713.0,1.0,522519593.0,228038437.0,0.0,0.0,294481156.0,0.0,225285667.0,455752068.62,721473978.62,13.499614053073785,0.0,0.5233296581856597,1.199139950253211,0.0,13.499614053073785,0.031959848944237416,5.380480642440758,15.63348796334944,1.9985756551208076,0.0,0.0,0.0,0.16210820442861365,0.0,0.013947943957768489,11.746337494932925,1.0,-0.2833333333333333,1.2587643479347583,1.3245790540165274,1.2613228253358815,0.0962646581972272,-0.3036013896107135,0.0,0.47592325100603,0.8197379225599829,0.4461804201361073,Credit Services,Financial Services,WRLD
2008Q2,2008,Q2,2007-11-01,2007-09-30,10465377.0,77266664.0,0.0,0.6,77266664.0,1.0,458973636.0,218498035.0,0.0,0.0,240475601.0,0.0,217997593.0,584596457.2800001,804132978.2800001,12.704059556236523,0.0,0.49109574563886277,1.031588224580601,0.0,12.704059556236523,0.04789689298578818,7.565959587436052,13.965011897803587,2.6755227216574284,0.0,0.0,0.0,0.1683466280838841,0.0,0.022801695302603394,27.081714787882554,1.0,-0.016393442622950834,1.3225530527052718,1.2666514403056748,1.1827936817268836,0.04340091055953132,-0.035538725987484296,0.0,0.6382713462241872,0.7156495964018718,0.4136344841921592,Credit Services,Financial Services,WRLD
2008Q1,2008,Q1,2007-08-08,2007-06-30,10851008.0,74052709.0,0.0,0.61,74052709.0,1.0,443346239.0,227713036.0,0.0,0.0,215633203.0,0.0,220070816.0,747686778.3000001,933249495.3000001,13.004572127526146,0.0,0.4352128946333522,0.8473384018295729,0.0,13.004572127526146,0.04765211597284224,10.09668367837833,17.226205581545972,3.283460584575404,0.0,0.0,0.0,0.16703132334455192,0.0,0.02447524540746132,43.506610963021934,1.0,-0.4786324786324786,1.4401599113945995,1.3009375346366348,1.4448574804009353,-0.12434337467609724,-0.48420945805431936,0.0,0.5923641451606715,0.6983870149448971,0.5501432773597403,Credit Services,Financial Services,WRLD
2007Q4,2007,Q4,2007-05-25,2007-03-31,21037625.0,84568205.0,0.0,1.17,84568205.0,1.0,411116007.0,215492647.0,0.0,0.0,195623360.0,0.0,209769808.0,699533648.5500001,864954616.5500001,12.30667211719504,0.0,0.4164274732314181,0.79445866197003,0.0,12.30667211719504,0.09762572084420124,8.271828029813333,8.312887606728422,3.246206579614756,0.0,0.0,0.0,0.20570399488239824,0.0,0.05117199194824832,16.857809817482444,1.0,1.9999999999999998,1.4618113752643767,1.275201278561757,1.2085333469200286,0.18642604120845185,2.0005531111503814,0.0,0.8018805689806543,0.7372947155816882,0.4673782309378151,Credit Services,Financial Services,WRLD
2007Q3,2007,Q3,2007-02-07,2006-12-31,7011249.0,71279795.0,0.0,0.39,71279795.0,1.0,446479409.0,194110807.0,0.0,0.0,252368602.0,0.0,193246823.0,,,,,,,,,,,,,,,,,,,,,,,,,,,,,,,Credit Services,Financial Services,WRLD
2007Q2,2007,Q2,2006-11-09,2006-09-30,9860685.0,64937965.0,0.0,0.52,64937965.0,1.0,371564437.0,234019664.0,0.0,0.0,137544773.0,0.0,228404900.0,,,,,,,,,,,,,,,,,,,,,,,,,,,,,,,Credit Services,Financial Services,WRLD
2007Q1,2007,Q1,2006-08-09,2006-06-30,9986820.0,61936339.0,0.0,0.53,61936339.0,1.0,352458016.0,222853692.0,0.0,0.0,129604324.0,0.0,218544215.0,,,,,,,,,,,,,,,,,,,,,,,,,,,,,,,Credit Services,Financial Services,WRLD
