Quarters,Year,Quarter,FillingDate,Date,NetIncome,Revenue,OperatingIncome,EPSDiluted,GrossProfit,GrossProfitRatio,TotalAssets,CommonStockEquity,CurrentAssets,CurrentLiability,TotalLiability,Inventory,RetainedEarnings,MarketCap,EnterpriseValue,bookValuePerShare,currentRatio,debtToAssets,debtToEquity,roic,shareholdersEquityPerShare,roe,priceToSalesRatio,peRatio,pbRatio,payoutRatio,inventoryTurnover,dividendYield,assetTurnover,quickRatio,returnOnAssets,priceToFreeCashFlowsRatio,grossProfitMargin,epsdilutedGrowth,fiveYNetIncomeGrowthPerShare,fiveYRevenueGrowthPerShare,fiveYShareholdersEquityGrowthPerShare,grossProfitGrowth,netIncomeGrowth,operatingIncomeGrowth,threeYNetIncomeGrowthPerShare,threeYRevenueGrowthPerShare,threeYShareholdersEquityGrowthPerShare,Industry,Sector,Symbol
2023Q1,2023,Q1,2023-03-31,2023-03-31,356206.0,0.0,-474219.0,0.0,0.0,0.0,104063236.0,97584165.0,247594.0,2957131.0,6479071.0,0.0,-5733767.0,0.0,1633976.0,0.0,0.08372777533359192,0.017165043762429222,0.018304711630211724,-0.0027366697564654837,0.0,0.003650243868971979,0.0,0.0,0.0,0.0,0.0,,0.0,0.051493829661249366,0.0034229763910090206,0.0,0.0,0.0,0.0,0.0,0.0,0.0,0.5559467440113222,-0.6809719612916947,0.0,0.0,0.0,Shell Companies,Financial Services,FRLAU
2022Q4,2022,Q4,2022-12-31,2022-12-31,228932.0,0.0,-282110.0,0.0,0.0,0.0,102143840.0,97227959.0,201314.0,1410907.0,4915881.0,0.0,-4332048.0,0.0,561436.0,0.0,0.1426841032045344,0.007183497311242655,0.00754669755023861,-0.0011288969400476668,0.0,0.0023545902058892338,0.0,0.0,0.0,0.0,0.0,,0.0,0.12212994903278529,0.0022412707413388805,0.0,0.0,-1.0,1.0,0.0,1.0,0.0,-0.6349377455733021,-0.027595853336927302,1.0,0.0,1.0,Shell Companies,Financial Services,FRLAU
2022Q3,2022,Q3,2022-09-30,2022-09-30,627104.0,0.0,-274534.0,0.0001,0.0,0.0,100575492.0,96999027.0,268617.0,155215.0,3576465.0,0.0,-3126996.0,99705000000.0,99704769031.0,0.009923174117647059,1.7306123763811487,0.0,0.0,-0.01006822635742419,0.009923174117647059,0.006465054541217202,0.0,39748.19168750318,1027.8969086978573,0.0,0.0,0.0,0.0,1.4880584995006927,0.006235157169303234,-632585.7310535165,0.0,0.0,0.0,0.0,0.0,1.0,16.44781377016874,0.15218351332404814,0.0,0.0,0.0,Shell Companies,Financial Services,FRLAU
2022Q2,2022,Q2,2022-08-09,2022-06-30,-40595.0,0.0,-323813.0,0.0,-275613.0,0.0,100340790.0,96822742.0,484734.0,96798.0,3518048.0,0.0,-2882568.0,98727500000.0,98727111416.0,0.009905139846547315,5.007686109217133,0.0,0.0,-0.0007451291289328041,0.009905139846547315,-0.0004192713319356314,0.0,-608002.8328611897,1019.6726302173925,0.0,0.0,0.0,0.0,4.0143804624062485,-0.00040457126159760154,-431335.41295306,0.0,0.0,0.0,0.0,0.0,0.0,0.8453435434405776,-0.1616234812149563,0.0,0.0,0.0,Shell Companies,Financial Services,FRLAU
2022Q1,2022,Q1,2022-05-16,2022-03-31,-262485.0,0.0,-278759.0,0.0,0.0,0.0,100485494.0,97004946.0,771047.0,59298.0,3480548.0,0.0,-2700364.0,99118500000.0,99117882528.0,0.009923779641943733,13.002917467705487,0.0,0.0,-0.002787253121682082,0.009923779641943733,-0.0027058929551901406,0.0,-94403.96594091092,1021.7881055260833,0.0,0.0,0.0,0.0,10.41303248001619,-0.0026121680806982946,-431514.7214397973,0.0,0.0,0.0,0.0,0.0,0.0,-1.005937915539456,-1.0884891439531295,0.0,0.0,0.0,Shell Companies,Financial Services,FRLAU
2021Q4,2021,Q4,2022-03-28,2021-12-31,-130854.0,0.0,-133474.0,0.0,0.0,0.0,100740981.0,-2429432.0,1034671.0,44163.0,3465413.0,0.0,-2429742.0,98922999999.99998,98922152828.99998,-0.0002485352429667519,23.428458211625117,0.0,0.0,0.05439584864891766,-0.0002485352429667519,0.053861972675094426,0.0,-188994.98677915844,-40718.57125451546,,0.0,,0.0,19.182822724905463,-0.001298915284535496,0.0,0.0,0.0,0.0,0.0,0.0,0.0,0.0,0.0,0.0,0.0,0.0,Shell Companies,Financial Services,FRLAU
2021Q1,2021,Q1,2021-02-28,2021-02-28,,,,,,,346500.0,15603.0,280000.0,330897.0,330897.0,0.0,-9397.0,0.0,25000.0,0.0,0.8461847644433163,0.8802308802308803,19.54752291226046,,0.0,,0.0,0.0,0.0,0.0,0.0,,,0.8461847644433163,,0.0,0.0,0.0,0.0,0.0,0.0,0.0,0.0,0.0,0.0,0.0,0.0,Shell Companies,Financial Services,FRLAU
