Quarters,Year,Quarter,FillingDate,Date,NetIncome,Revenue,OperatingIncome,EPSDiluted,GrossProfit,GrossProfitRatio,TotalAssets,CommonStockEquity,CurrentAssets,CurrentLiability,TotalLiability,Inventory,RetainedEarnings,MarketCap,EnterpriseValue,bookValuePerShare,currentRatio,debtToAssets,debtToEquity,roic,shareholdersEquityPerShare,roe,priceToSalesRatio,peRatio,pbRatio,payoutRatio,inventoryTurnover,dividendYield,assetTurnover,quickRatio,returnOnAssets,priceToFreeCashFlowsRatio,grossProfitMargin,epsdilutedGrowth,fiveYNetIncomeGrowthPerShare,fiveYRevenueGrowthPerShare,fiveYShareholdersEquityGrowthPerShare,grossProfitGrowth,netIncomeGrowth,operatingIncomeGrowth,threeYNetIncomeGrowthPerShare,threeYRevenueGrowthPerShare,threeYShareholdersEquityGrowthPerShare,Industry,Sector,Symbol
2023Q1,2023,Q1,2023-05-11,2023-04-02,30173000.0,900100000.0,56234000.0,1.35,194244000.0,0.2158026886,2816830000.0,969822000.0,954478000.0,332680000.0,1847008000.0,628383000.0,775773000.0,1480926690.0,2959151690.0,44.917882451021256,2.8690573524107252,0.5357114202845042,1.5559638779074922,0.016972781176366084,44.917882451021256,0.031111894760069373,1.6452912898566825,12.270297037086138,1.5270087603704599,0.35664335664335667,1.1232894588173137,0.007266396150912777,0.3195436004302709,0.8633611879283395,0.010711686541253821,-69.80235152714933,0.21580268859015664,-0.19642857142857134,0.14862677339872282,0.8691149167119204,1.7386117823989125,-0.03379460599488654,-0.24905425584868093,-0.16846821535777132,0.5181200554640774,0.6284016310519466,1.0869601726621905,"Furnishings, Fixtures & Appliances",Consumer Cyclical,PATK
2022Q4,2022,Q4,2023-02-24,2022-12-31,40180000.0,951915000.0,67627000.0,1.68,201038000.0,0.2111932263,2782471000.0,955169000.0,909904000.0,367240000.0,1827302000.0,667841000.0,758861000.0,1319322600.0,2746830600.0,43.87345551421616,2.47768216969829,0.5212471217130386,1.5184276290373746,0.020371024298700066,43.87345551421616,0.042065854314786176,1.3859668142638786,8.208826530612246,1.3812452037283454,0.24544549527127923,1.1243349839258148,0.007475048180028145,0.34211138229293314,0.5329947718113496,0.014440402074271394,7.972508520461193,0.2111932262859604,-0.30864197530864207,0.5678423198581172,1.2686239013999112,1.9204783436429416,-0.14976887388930477,-0.3168874003298254,-0.27095438815881673,1.1256798282317002,0.8316075643807594,1.029897273605853,"Furnishings, Fixtures & Appliances",Consumer Cyclical,PATK
2022Q3,2022,Q3,2022-11-03,2022-09-25,58819000.0,1112089000.0,92761000.0,2.43,236451000.0,0.2126187742,2896650000.0,946676000.0,1107421000.0,435904000.0,1949974000.0,733970000.0,752944000.0,960784500.0,2416111500.0,42.86123058812876,2.540515801644399,0.520807139281584,1.5935716126742412,0.026855131727348745,42.86123058812876,0.06213213390853893,0.8639456913970015,4.083648565939577,1.0149031981374832,0.1248066101089784,1.193016063326839,0.007640631171714364,0.38392246215455783,0.7777010534429599,0.020305870574629313,7.036549193654699,0.21261877421681177,-0.4926931106471816,2.669220214221414,2.0473413427824876,2.101998174739476,-0.27713815789473684,-0.495219868868216,-0.46697351560390055,1.8828055571367515,1.0521269209188788,1.0608198497548837,"Furnishings, Fixtures & Appliances",Consumer Cyclical,PATK
2022Q2,2022,Q2,2022-08-04,2022-06-26,116524000.0,1475693000.0,174027000.0,4.79,327104000.0,0.2216612805,3024831000.0,897590000.0,1223372000.0,473411000.0,2127241000.0,738908000.0,707812000.0,1223761500.0,2797388500.0,40.37741790373369,2.5841647110016455,0.5457005697177792,1.8389821633485222,0.04687992530802443,40.37741790373369,0.1298187368397598,0.8292791928944571,2.6255567522570455,1.3633858443164473,0.06331742816930418,1.554441148289097,0.006028952536911809,0.4878596523243778,0.9133226731106797,0.03852248274366402,17.10693217401029,0.22166128049668868,0.05739514348785867,5.053846787427218,3.011350021597084,2.101871771157572,0.10753186950854086,0.034178552093225525,0.07586782479676053,3.416939085909952,1.5008707070623575,1.0339392312366436,"Furnishings, Fixtures & Appliances",Consumer Cyclical,PATK
2022Q1,2022,Q1,2022-05-05,2022-03-27,112673000.0,1342175000.0,161755000.0,4.53,295345000.0,0.2200495464,2971380000.0,799972000.0,1174405000.0,496315000.0,2171408000.0,698712000.0,612981000.0,1422624060.0,3029480060.0,35.527468135186744,2.366249257024269,0.5622646716340556,2.088450595770852,0.04693267483278655,35.527468135186744,0.14084617961628657,1.0599393223685436,3.1565327540759545,1.7783423169810946,0.07355799526062144,1.498228168401287,0.005825853950480776,0.4517008931876771,0.8428820406395132,0.03791941791356205,-34.1099589996883,0.2200495464451357,0.7290076335877863,5.535675929932305,2.944532261528245,1.746552952919088,0.3009417506519135,0.8464929531301213,0.7082224475140455,4.5295237209757,1.2578910044194138,0.9075700807211732,"Furnishings, Fixtures & Appliances",Consumer Cyclical,PATK
2021Q4,2021,Q4,2022-02-25,2021-12-31,61020000.0,1147479000.0,94692000.0,2.62,227024000.0,0.1978458865,2650731000.0,767557000.0,974075000.0,432777000.0,1883174000.0,614356000.0,513734000.0,1827870570.0,3151972570.0,33.88323842316691,2.250755007775367,0.5458686679259419,1.8851381721487785,0.03119244844111835,33.88323842316691,0.07949898183457385,1.5929446813405737,7.488817477876106,2.381413458544447,0.0,1.4982436893267097,0.0,0.4328915306758777,0.7023085792452002,0.02302006503111783,21.743797225923107,0.19784588650424104,0.06938775510204079,3.102430417008833,2.5284626177623886,3.1227639737260566,0.09061735867909936,0.06312176594595537,0.015213405808754946,1.3121527782381253,1.2075114103351092,0.9189952134934801,"Furnishings, Fixtures & Appliances",Consumer Cyclical,PATK
2021Q3,2021,Q3,2021-11-04,2021-09-26,57397000.0,1060177000.0,93273000.0,2.45,208161000.0,0.19634551589027116,2358458000.0,692048000.0,862785000.0,409473000.0,1666410000.0,485766000.0,475689000.0,1892854340.0,3077844340.0,30.36763350739392,2.107062004088182,0.5214729284981967,1.7771484058909208,0.03328102863525266,30.36763350739392,0.08293788870136176,1.785413511140121,8.244570012369984,2.735148920306106,0.11195707092705194,1.7539638426732214,0.0033948729515024386,0.4495212549894889,0.8249970083497569,0.024336664040657072,37.21549172270064,0.19634551589027116,-0.027777777777777714,3.6983849464853455,2.4519455898607783,3.013150960632398,0.018016696254346456,-0.0269220988386878,-0.020920370331492872,1.1543668391850714,0.9327209362212691,0.7517448180080785,"Furnishings, Fixtures & Appliances",Consumer Cyclical,PATK
2021Q2,2021,Q2,2021-08-05,2021-06-27,58985000.0,1019953000.0,95266000.0,2.52,204477000.0,0.20047688471919783,2224707000.0,643271000.0,763624000.0,328792000.0,1581436000.0,406235000.0,453432000.0,1659369880.0,2826686880.0,28.03168032072512,2.3225139297793134,0.5509574968748694,1.9054473153616438,0.034644102374640884,28.03168032072512,0.09169541297524682,1.626908181063245,7.0330163600915485,2.579581358401047,0.10999406628803933,2.00739965783352,0.003909917902089437,0.45846621600057896,0.9814654857782428,0.026513603813895493,101.50913806814707,0.20047688471919783,0.23529411764705882,2.2326433432691646,2.1744112511270237,3.0178093337079,0.265860634425377,0.24144970850083136,0.39113038653057053,0.7824714078871731,0.7782916554200772,0.6808451690257898,"Furnishings, Fixtures & Appliances",Consumer Cyclical,PATK
2021Q1,2021,Q1,2021-05-06,2021-03-31,47513000.0,850483000.0,68481000.0,2.04,161532000.0,0.18992972228721797,1834878000.0,595275000.0,591835000.0,299849000.0,1239603000.0,345244000.0,401104000.0,1932645000.0,2845663000.0,26.18089457712099,1.9737768009898315,0.4282840603026468,1.3201444710427954,0.037679912758261776,26.18089457712099,0.07981689135273613,2.2724087371528885,10.169032685791256,3.246642308176893,0.13834108559762592,1.9955480761432494,0.003401038473180537,0.46350929053593753,0.7275161831455166,0.02589436463895692,53.605663883726734,0.18992972228721797,0.24390243902439035,2.9045626291947046,2.0104104400387706,3.207754357779723,0.13500751837434477,0.25616010998307953,0.10170691291687446,0.7175622680668754,0.6770672360276195,0.5962307760351062,"Furnishings, Fixtures & Appliances",Consumer Cyclical,PATK
2020Q4,2020,Q4,2021-02-26,2020-12-31,37824000.0,772613000.0,62159000.0,1.64,142318000.0,0.18420347573752965,1753435000.0,559441000.0,528063000.0,227389000.0,1193994000.0,312809000.0,360214000.0,1543069599.9999998,2316709600.0,24.780341956059534,2.3222891168878004,0.4667449891213532,1.4629013604651786,0.030809803572576722,24.780341956059534,0.06761034675685193,1.9972089519591305,10.199011209813873,2.7582347378901435,0.16827939932318106,2.0149516158422554,0.004124894949651008,0.4406282525442916,0.8083020726596273,0.02157137276260597,41.19906018048806,0.18420347573752965,0.012345679012345552,2.1975561621301933,2.1614821489642666,3.426458121671917,0.06607639122976547,0.013070494964645383,0.03894432465861037,0.4232830809244976,0.7756514718612798,0.6495270587311841,"Furnishings, Fixtures & Appliances",Consumer Cyclical,PATK
2020Q3,2020,Q3,2020-11-05,2020-09-27,37336000.0,700707000.0,59829000.0,1.62,133497000.0,0.19051757724698054,1466601000.0,525829000.0,531834000.0,252949000.0,1049110000.0,281374000.0,331324000.0,1278586860.0,1250804860.0,23.190835317985357,2.1025345030025817,0.02356810066268876,0.06573429765189824,0.0897212491302157,23.190835317985357,0.07100407166588378,1.8247097003455082,8.561354055067495,2.4315639875320687,0.15154274694664666,2.0158578973181602,0.004425197987722163,0.477776164069164,0.9404267263361389,0.02545750343822212,20.44692093648052,0.19051757724698054,53.00000000000001,3.210468025050719,2.3109092274862113,3.0358040606235455,0.8108408730212558,51.29131652661064,3.942094829010408,1.2687806918859146,0.8703660191857814,0.6783915869881473,"Furnishings, Fixtures & Appliances",Consumer Cyclical,PATK
2020Q2,2020,Q2,2020-08-06,2020-06-28,714000.0,424045000.0,12106000.0,0.03,73721000.0,0.17385183176313834,1492796000.0,493268000.0,537453000.0,218537000.0,999528000.0,261691000.0,303848000.0,1321939440.0,1912582440.0,21.761503507301363,2.459322677624384,0.47006087904844335,1.4225633935304947,0.005206920833892232,21.761503507301363,0.0014474889917853986,3.1174508365857396,462.8639495798319,2.679961886844474,8.081232492997199,1.3386933444405806,0.004364799041021123,0.2840609165619415,1.1653678782082668,0.00047829710154636,58.797288618066986,0.17385183176313834,-0.967032967032967,-0.9402081520191548,0.8401541128614841,3.1173900467551214,-0.326632018341082,-0.9663000896776325,-0.691794597622139,-0.9636202533061341,0.1304514280789382,0.6717610221678575,"Furnishings, Fixtures & Appliances",Consumer Cyclical,PATK
2020Q1,2020,Q1,2020-05-07,2020-03-29,21187000.0,589232000.0,39279000.0,0.91,109481000.0,0.18580287560757053,1522158000.0,495376000.0,548914000.0,236203000.0,1026782000.0,273545000.0,308957000.0,643067040.0,1248947040.0,21.523114355231144,2.3239078250487926,0.4601381722528148,1.413881576822454,0.02232740086944866,21.523114355231144,0.042769532637834694,1.091364759551416,7.587990749044225,1.298139271987339,0.2754991268230519,1.7538284377341937,0.009076814137449806,0.3871030471212581,1.0545759368001253,0.013919054395141635,115.16243553008596,0.18580287560757053,0.058139534883720985,1.3003833037697785,1.634642682106006,3.5759283185583253,0.10222799440232766,0.060198158526821456,0.09178085999388498,0.20232200953374055,0.6941558924593932,0.6639061658837396,"Furnishings, Fixtures & Appliances",Consumer Cyclical,PATK
2019Q4,2019,Q4,2020-02-27,2019-12-31,19984000.0,549460000.0,35977000.0,0.86,99327000.0,0.1807720307210716,1470993000.0,497481000.0,516834000.0,186935000.0,973512000.0,253870000.0,305503000.0,1206781310.0,1742745310.0,21.613633401398967,2.7647792013266645,0.4591143533653797,1.3575473234153665,0.022180976034260353,21.613633401398967,0.04017037836620896,2.1963042077676262,15.096843850080063,2.4257837183731636,0.0,1.7730846496238233,0.0,0.3735299896056609,1.2964131917511434,0.013585380759799672,18.58216143387278,0.1807720307210716,-0.06521739130434788,1.8055794862835188,1.9675884902700087,3.956384200860859,-0.047999233239085635,-0.06253225125486701,-0.03830526597166533,0.3222952825458806,0.662853019913542,1.6298522005406748,"Furnishings, Fixtures & Appliances",Consumer Cyclical,PATK
2019Q3,2019,Q3,2019-11-07,2019-09-29,21317000.0,566186000.0,37410000.0,0.92,104335000.0,0.18427689840441128,1451130000.0,479938000.0,528004000.0,202275000.0,971192000.0,262558000.0,291651000.0,989498880.0,1569704880.0,20.7981452591437,2.610327524409838,0.48025883277170206,1.4521000629247944,0.021998719201394484,20.7981452591437,0.04441615375319312,1.747656918397841,11.604574752544918,2.0617223057978324,0.0,1.7590437160551193,0.0,0.39016904067864355,1.2188802373007044,0.014689931294921889,40.94082833381604,0.18427689840441128,-0.22033898305084737,2.0343116091081996,2.1277158034487242,3.9048263755464654,-0.0739031253051189,-0.22246133644587102,-0.17287580976806916,0.7232576939441213,0.8205785769892334,1.7485215996756003,"Furnishings, Fixtures & Appliances",Consumer Cyclical,PATK
2019Q2,2019,Q2,2019-08-02,2019-06-30,27416000.0,613218000.0,45229000.0,1.18,112661000.0,0.18372096057193363,1330913000.0,458617000.0,411684000.0,205098000.0,872296000.0,252646000.0,273139000.0,1119753940.0,1676025940.0,19.85183101030214,2.0072550683088086,0.43567385696886274,1.2643316754503213,0.030220444786141453,19.85183101030214,0.05977972905496307,1.8260291446108887,10.210770535453749,2.4415883842073014,0.0,1.9812583615018642,0.0,0.4607498762127953,0.6742825381037357,0.020599393048230802,19.38699297067073,0.18372096057193363,0.311111111111111,2.107541987706692,2.4032108372251453,3.9388689590473933,0.05737320268799039,0.31497913568996116,0.26246301568693126,0.4925041968360861,0.8958029124425908,1.845383188299738,"Furnishings, Fixtures & Appliances",Consumer Cyclical,PATK
2019Q1,2019,Q1,2019-05-09,2019-03-31,20849000.0,608218000.0,35826000.0,0.9,106548000.0,0.17518060958406362,1355184000.0,429089000.0,428523000.0,217806000.0,926095000.0,264994000.0,245723000.0,1061176340.0,1676321340.0,18.624462867311948,1.9674526872537947,0.4601581777825004,1.4533092202317002,0.024562470150457965,18.624462867311948,0.04858898736625735,1.7447302447477713,12.72454722049019,2.4730914565509723,0.0,1.8931372031064855,0.0,0.44880842749028915,0.6692744919791007,0.015384626737033495,59.35322669053079,0.17518060958406362,-0.217391304347826,2.158057103550313,2.734939342622883,3.963232404584409,0.10223969378782392,-0.22695587690025953,-0.07885737793433266,0.6908874734146448,1.1246572528924783,1.9932959150953582,"Furnishings, Fixtures & Appliances",Consumer Cyclical,PATK
2018Q4,2018,Q4,2019-02-28,2018-12-31,26970000.0,531211000.0,38893000.0,1.15,96665000.0,0.18197100587148987,1231231000.0,408754000.0,385167000.0,157755000.0,822477000.0,272898000.0,224874000.0,685471500.0,1309077500.0,17.656760259179265,2.4415517733193877,0.5120899327583532,1.5424949969908552,0.033161061429659154,17.656760259179265,0.0659810056904642,1.290394024220131,6.354018353726362,1.6769780846181321,0.0,1.5923385294139203,0.0,0.4314470639546925,0.5666634971950176,0.021904906552872694,10.679288641002072,0.18197100587148987,0.0,4.573084381501674,2.752522249555533,4.1432205561181155,-0.09366649477286579,-0.034509916231116204,-0.13008566507861952,1.22345156754359,1.119784846608352,2.1539883505338917,"Furnishings, Fixtures & Appliances",Consumer Cyclical,PATK
2018Q3,2018,Q3,2018-11-08,2018-09-30,27934000.0,575139000.0,44709000.0,1.15,106655000.0,0.1854421279029939,1219111000.0,414218000.0,389723000.0,174215000.0,804893000.0,242456000.0,225698000.0,1360046480.0,1961574480.0,17.335649116933123,2.2370232184369887,0.49366628633487847,1.452940239197717,0.032891026736458225,17.335649116933123,0.0674379191633391,2.364726579139999,12.171963198969,3.283407481084839,0.0,1.9322433761177287,0.0,0.4717691826257002,0.7470998478891026,0.02291341805627215,56.223500620090945,0.1854421279029939,-0.19014084507042256,4.0958607524140715,2.936279790439265,4.409563278757148,-0.07094947735191638,-0.19959885386819484,-0.1573084534916596,1.9893378253954968,1.5788312188188711,2.016850498929831,"Furnishings, Fixtures & Appliances",Consumer Cyclical,PATK
2018Q2,2018,Q2,2018-08-09,2018-07-01,34900000.0,604900000.0,53055000.0,1.42,114800000.0,0.18978343527855843,1190100000.0,403620000.0,384700000.0,172600000.0,786500000.0,235100000.0,216400000.0,1426707900.0,2009107900.0,16.677134121147013,2.2288528389339515,0.48424502142677084,1.427828155195481,0.040375254337873735,16.677134121147013,0.08646746940191269,2.3585847247478924,10.219970630372494,3.5347799910807196,0.0,2.0846448319863886,0.0,0.5082766154104698,0.7636152954808807,0.02932526678430384,24.18845938660292,0.18978343527855843,0.18333333333333332,3.60258747837565,2.777826917722345,4.6621783593095065,0.1750255885363357,0.15946843853820597,0.2705349873078213,1.7372343382590467,1.4584909984079393,2.1554008212609115,"Furnishings, Fixtures & Appliances",Consumer Cyclical,PATK
2018Q1,2018,Q1,2018-05-10,2018-04-01,30100000.0,551800000.0,41758000.0,1.2,97700000.0,0.1770569046756071,1029500000.0,405778000.0,360700000.0,179400000.0,623800000.0,205900000.0,217300000.0,1480689000.0,1909489000.0,16.40169765561843,2.010590858416945,0.4012627489072365,1.0180443493733027,0.04104075861306666,16.40169765561843,0.07417849168757301,2.6833798477709316,12.298081395348836,3.64901251423192,0.0,2.20543953375425,0.0,0.535988343856241,0.7736900780379041,0.029237493929091793,81.50432102163263,0.1770569046756071,0.03448275862068969,3.9591908028242018,2.8503052631123893,5.275427698063762,0.21091184016459477,0.03628726847070165,0.22443115177105324,2.040376656356543,1.2953411812301834,2.487087952795949,"Furnishings, Fixtures & Appliances",Consumer Cyclical,PATK
2017Q4,2017,Q4,2018-02-28,2017-12-31,29046000.0,475570000.0,34104000.0,1.16,80683000.0,0.1696553609352987,866644000.0,370685000.0,273953000.0,136425000.0,495959000.0,175270000.0,199180000.0,1713678750.0,2064788750.0,15.022695035460993,2.008085028403885,0.40833029479232535,0.9546569189473543,0.043438813810051755,15.022695035460993,0.07835763518890702,3.603420632083605,14.74969660194175,4.623005381928052,0.0,2.253021053232156,0.0,0.5487489672806827,0.5904416345977643,0.03351549194363545,29.4999010173693,0.1696553609352987,0.611111111111111,7.8991012034282155,3.416673995661372,4.949643351618197,0.1659393063583815,0.62268156424581,0.13024458142771922,2.8038032555679613,1.39592711837063,2.4449667460025637,"Furnishings, Fixtures & Appliances",Consumer Cyclical,PATK
2017Q3,2017,Q3,2017-11-02,2017-09-24,17900000.0,407500000.0,30174000.0,0.72,69200000.0,0.1698159509202454,726300000.0,340776000.0,271300000.0,121600000.0,385500000.0,149900000.0,170100000.0,1323581822.1,1576981822.1,13.817297165794916,2.2310855263157894,0.33608701638441413,0.7163063126511257,0.03298102015274544,13.817297165794916,0.05252717327511327,3.248053551165644,18.485779638268156,3.8840230007394885,0.0,2.256837891927952,0.0,0.5610629216577172,0.912828947368421,0.024645463307173345,152.52152824383498,0.1698159509202454,-0.15624967041002755,1.6593146038875635,2.5130140180232114,4.754032332114081,-0.032167832167832165,-0.1596244131455399,-0.10481502358560536,1.3839753021413586,1.106252329245114,2.2585330438424207,"Furnishings, Fixtures & Appliances",Consumer Cyclical,PATK
2017Q2,2017,Q2,2017-08-03,2017-06-25,21300000.0,407100000.0,33707000.0,0.853333,71500000.0,0.17563252272169,689300000.0,320221000.0,251200000.0,109200000.0,369100000.0,133800000.0,152200000.0,1272639180.0,1521239180.0,13.017113821138212,2.3003663003663,0.3545625997388655,0.7632228991852502,0.04011284038403316,13.017113821138212,0.06651656199936919,3.126109506263817,14.93707957746479,3.9742527192157913,0.0,2.508221225710015,0.0,0.5905991585666618,1.0155677655677655,0.03090091397069491,50.852680412371136,0.17563252272169,0.14285618622491691,0.5418379790940765,2.3904242446619963,5.121618220109347,0.24347826086956523,0.21714285714285714,0.40945013589797197,1.2672895678685048,1.1217271609184956,2.238483107892819,"Furnishings, Fixtures & Appliances",Consumer Cyclical,PATK
2017Q1,2017,Q1,2017-05-04,2017-03-26,17500000.0,345400000.0,23915000.0,0.746667,57500000.0,0.16647365373480022,602700000.0,295662000.0,237200000.0,103400000.0,307100000.0,127900000.0,130900000.0,1041518061.9,1242518061.9,12.93529334558341,2.2940038684719535,0.3255350920856147,0.6635955922641394,0.03885268595124567,12.93529334558341,0.059189209299808566,3.0153968207874926,14.878829455714284,3.522664603161718,0.0,2.2509773260359656,0.0,0.5730877716940435,1.0125725338491296,0.029036004645760744,-72.37287623514696,0.16647365373480022,0.2584282350720421,2.5207868486678042,2.383168111085991,7.307532361433004,0.0852947282988241,0.18115550755939525,0.08217566405719716,1.6718815090420405,1.1379178530265344,2.447125834070871,"Furnishings, Fixtures & Appliances",Consumer Cyclical,PATK
2016Q4,2016,Q4,2017-02-28,2016-12-31,14816000.0,323936000.0,22099000.0,0.593333,52981000.0,0.1635539118838289,534950000.0,185448000.0,172769000.0,86093000.0,349502000.0,120019000.0,113462000.0,1147781652.15,1413909652.15,8.218573422854483,2.006771746831914,0.509537339938312,1.4698298175229714,0.03554341460432245,8.218573422854483,0.07989301583193133,3.543235861867777,19.367265998751353,6.189237156237868,0.0,2.257600879860689,0.0,0.6055444434059258,0.5215755055579432,0.02769604635947285,26.771041940336804,0.1635539118838289,0.12658093254371358,9.437904095216897,3.291505140742394,5.667866933457974,0.0834560327198364,0.22446280991735537,0.09852363672515782,2.1410215960323153,1.3476897960402452,1.393980274406015,"Furnishings, Fixtures & Appliances",Consumer Cyclical,PATK
2016Q3,2016,Q3,2016-11-03,2016-09-25,12100000.0,304200000.0,20117000.0,0.526667,48900000.0,0.16074950690335305,534100000.0,170803000.0,198200000.0,96900000.0,363300000.0,116100000.0,99200000.0,924397887.6,1203097887.6,7.567029948608896,2.045407636738906,0.49522561318105224,1.5485676481092252,0.03072455051076839,7.567029948608896,0.07084184704015738,3.038783325443787,19.09912990909091,5.412070558479652,0.0,2.198966408268734,0.0,0.5695562628721214,0.7966976264189887,0.022654933533046245,33.42123314653458,0.16074950690335305,-0.2818174008260913,1.6441276803118907,2.8648070360891653,5.26107837533774,-0.11573236889692586,-0.3240223463687151,-0.2817152854643482,1.336622807017544,1.2038963719916185,1.361280334133345,"Furnishings, Fixtures & Appliances",Consumer Cyclical,PATK
2016Q2,2016,Q2,2016-08-04,2016-06-26,17900000.0,315200000.0,28007000.0,0.733333,55300000.0,0.17544416243654823,496500000.0,157063000.0,198000000.0,87100000.0,339500000.0,102100000.0,87100000.0,846300369.6,1107465369.6,6.976856787491116,2.2732491389207805,0.5043303121852971,1.5942647217995327,0.04660446395616214,6.976856787491116,0.11396700686985477,2.684963101522843,11.819837564245809,5.388286035539879,0.0,2.545543584720862,0.0,0.6348439073514602,1.0486222732491388,0.03605236656596173,5037.5022,0.17544416243654823,0.3750002343751466,3.6887506843197144,2.698383945027543,5.887598099799919,0.22075055187637968,0.49166666666666664,0.35863975938682446,1.5378551579424944,1.1163225404464687,1.3687647548532658,"Furnishings, Fixtures & Appliances",Consumer Cyclical,PATK
2016Q1,2016,Q1,2016-05-05,2016-03-27,12000000.0,278600000.0,20614000.0,0.533333,45300000.0,0.16259870782483848,454300000.0,139511000.0,181800000.0,82000000.0,314800000.0,100100000.0,72100000.0,694483332.5999999,925283332.5999999,6.222058692355722,2.2170731707317075,0.5080343385428131,1.654349836213632,0.03545091330771902,6.222058692355722,0.08601472285339508,2.4927614235463027,14.4684027625,4.977982614990933,0.0,2.3306693306693305,0.0,0.613251155624037,0.9524390243902439,0.026414263702399295,62.906098967391294,0.16259870782483848,0.025640384615384478,10.484880920524486,2.8021407546160018,6.492894802396893,0.09285662589563581,-0.0029910269192422734,0.09754019806197423,1.1814783913023972,1.1449635968533678,1.3806120730199036,"Furnishings, Fixtures & Appliances",Consumer Cyclical,PATK
2015Q4,2015,Q4,2016-03-14,2015-12-31,12036000.0,248659000.0,18782000.0,0.52,41451000.0,0.16669816897840015,386049000.0,128597000.0,139738000.0,57926000.0,257452000.0,89478000.0,62574000.0,666159000.0,870556000.0,5.59823255408994,2.412353692642337,0.5296840556509665,1.5901148549344075,0.039190104372920684,5.59823255408994,0.09359471838378812,2.6790061891988626,13.836802093718845,5.180206381175299,0.0,2.3157424171304677,0.0,0.6441125349372748,0.6611884128025411,0.03117738939875508,17.973693440897932,0.16669816897840015,0.34482642687377,12.885468036305811,2.969742363272288,5.574898180531303,0.1843142857142857,0.3373333333333333,0.23549532956189975,2.96113141913862,1.48063196678078,1.2171445947369375,"Furnishings, Fixtures & Appliances",Consumer Cyclical,PATK
2015Q3,2015,Q3,2015-11-05,2015-09-27,9000000.0,214800000.0,15202000.0,0.386667,35000000.0,0.16294227188081936,419100000.0,132239000.0,170600000.0,67400000.0,286900000.0,96200000.0,65800000.0,602326152.9,825726152.9,5.74627384521792,2.5311572700296736,0.5108565974707707,1.6190382564901429,0.027903668288666802,5.74627384521792,0.06805859088468606,2.8041254790502794,16.731282025000002,4.554829913263108,0.0,1.869022869022869,0.0,0.5125268432355047,0.9599406528189911,0.021474588403722263,-171.1640104859335,0.16294227188081936,-0.25640961538461543,14.787152913570589,1.7119784302517973,5.432399499497817,-0.13366336633663367,-0.256198347107438,-0.25374306612341074,0.43295272427051984,0.9845370539568153,1.3929604392107038,"Furnishings, Fixtures & Appliances",Consumer Cyclical,PATK
2015Q2,2015,Q2,2015-08-06,2015-06-28,12100000.0,233500000.0,20371000.0,0.52,40400000.0,0.17301927194860814,330800000.0,121392000.0,138900000.0,64300000.0,209400000.0,73400000.0,56900000.0,574659360.0,718059360.0,5.285266457680251,2.160186625194401,0.42110036275695284,1.1475220772373798,0.04848812647364195,5.285266457680251,0.09967707921444577,2.4610679229122057,11.873127272727272,4.733914590747331,0.0,2.630790190735695,0.0,0.7058645707376058,0.9004665629860031,0.03657799274486094,19.92923044910699,0.17301927194860814,0.3146052644884669,4.821290834845735,1.5439727330640673,4.725637149761736,0.14124293785310735,0.31521739130434784,0.30893786545010604,-0.06188423645320203,1.082820075983556,1.485526660520447,"Furnishings, Fixtures & Appliances",Consumer Cyclical,PATK
2015Q1,2015,Q1,2015-05-07,2015-03-29,9200000.0,223400000.0,15563000.0,0.395556,35400000.0,0.1584601611459266,323300000.0,108137000.0,149400000.0,59400000.0,215200000.0,74300000.0,44800000.0,639646289.1,789346289.1,4.703551466910246,2.515151515151515,0.46334673677698734,1.385279783977732,0.037506434894169105,4.703551466910246,0.08507726310143614,2.863233165174575,17.381692638586955,5.915147351045433,0.0,2.5302826379542394,0.0,0.6909990720692855,1.1582491582491583,0.02845654191153727,-135.89256195028682,0.1584601611459266,0.2898551197226959,8.273830495204539,2.1917089342105873,4.649543606166453,0.1996340099630621,0.2614836144247909,0.3298299581303939,0.8401800743785476,1.175480656069639,2.0207978266193836,"Furnishings, Fixtures & Appliances",Consumer Cyclical,PATK
2014Q4,2014,Q4,2015-03-13,2014-12-31,7293000.0,189574000.0,11703000.0,0.306667,29509000.0,0.15565953137033559,255561000.0,102768000.0,114796000.0,45142000.0,152793000.0,71020000.0,40509000.0,460647305.55,561578305.55,4.3607663420533385,2.542997651854149,0.3954202714811728,0.9833216565467849,0.03786144917107848,4.3607663420533385,0.07096567024754788,2.4299076115395573,15.790734455985193,4.48240021748015,0.0,2.253801745987046,0.0,0.7417955008784596,0.7257099818350982,0.028537218120135703,22.823529978199474,0.15565953137033559,0.014707731402743786,6.524771608871996,2.34503867579868,4.9214027031368355,-0.016366666666666668,-0.0009589041095890411,-0.06301040832666133,3.9194797054403856,1.40469401558054,2.5379631233634328,"Furnishings, Fixtures & Appliances",Consumer Cyclical,PATK
2014Q3,2014,Q3,2014-11-07,2014-09-28,7300000.0,188100000.0,12490000.0,0.302222,30000000.0,0.1594896331738437,263800000.0,101676000.0,131400000.0,50200000.0,162100000.0,77000000.0,39200000.0,449191750.725,553791750.725,4.240342810672171,2.6175298804780875,0.40674753601213043,1.0553129548762736,0.03697488901490918,4.240342810672171,0.07179668751721154,2.3880475849282297,15.383279134417808,4.417873940015343,0.0,2.053246753246753,0.0,0.7130401819560273,0.9322709163346613,0.027672479150871874,95.61339947318008,0.1594896331738437,-0.20930244726886474,11.545509993431548,1.7965089824917981,4.725950537320668,-0.05956112852664577,-0.20652173913043478,-0.19507636785461108,0.5016629653957232,1.2496241142954407,2.508525650912629,"Furnishings, Fixtures & Appliances",Consumer Cyclical,PATK
2014Q2,2014,Q2,2014-08-08,2014-06-29,9200000.0,187900000.0,15517000.0,0.382222,31900000.0,0.1697711548696115,254900000.0,96833000.0,128600000.0,52600000.0,158100000.0,73300000.0,34800000.0,498839933.02500004,597239933.0250001,4.019509562799,2.444866920152091,0.3989799921537858,1.0502617909183853,0.04793708518650971,4.019509562799,0.09500893290510466,2.6548160352581163,13.555432962635871,5.151548883386862,0.0,2.1282401091405183,0.0,0.7371518242448019,0.9277566539923955,0.036092585327579446,64.27521363548512,0.1697711548696115,0.3437513183614351,12.252505036758329,1.877891396680452,4.210898765864329,0.17279411764705882,0.3333333333333333,0.3193605985885554,1.2519341981376166,1.0602329357974722,2.9680858114356483,"Furnishings, Fixtures & Appliances",Consumer Cyclical,PATK
2014Q1,2014,Q1,2014-05-08,2014-03-30,6900000.0,170200000.0,11761000.0,0.284444,27200000.0,0.1598119858989424,192900000.0,90358000.0,107700000.0,50700000.0,102500000.0,59700000.0,28700000.0,474419124.90000004,521796124.90000004,3.7524865549533835,2.1242603550295858,0.24572317262830481,0.5245800039841519,0.05259669907684905,3.7524865549533835,0.07636291197237655,2.7874214153936547,17.189098728260873,5.250438532282698,0.0,2.3953098827470685,0.0,0.8823224468636599,0.8446351084812623,0.03576982892690513,72.35307684916883,0.1598119858989424,0.36169927569187454,2.4332082902215677,2.2281766536987653,3.665920782145984,0.25902610627661543,0.3766959297685555,0.3612268518518518,6.078396561390394,1.162885441973463,3.5189202471230803,"Furnishings, Fixtures & Appliances",Consumer Cyclical,PATK
2013Q4,2013,Q4,2014-03-14,2013-12-31,5012000.0,146612000.0,8640000.0,0.208889,21604000.0,0.14735492319864676,174187000.0,82310000.0,87699000.0,32411000.0,91877000.0,56510000.0,21789000.0,308278612.79999995,363244612.79999995,3.433016349683016,2.7058406096695564,0.31575261069999483,0.668205564329972,0.039011830877382414,3.433016349683016,0.060891750698578544,2.1026833601615142,15.37702577813248,3.7453360806706355,0.0,2.2121394443461333,0.0,0.8416931229081389,0.6997007188917342,0.0287736742696068,-124.50670953150241,0.14735492319864676,-0.07843223759965065,1.0619649021376467,6.872664684613857,2.390020961873884,-0.008990825688073394,-0.08872727272727272,-0.03732590529247911,5.741855806818533,1.2424916221617437,3.0319391402871774,"Furnishings, Fixtures & Appliances",Consumer Cyclical,PATK
2013Q3,2013,Q3,2013-11-12,2013-09-29,5500000.0,146600000.0,8975000.0,0.226667,21800000.0,0.14870395634379263,194300000.0,76827000.0,108600000.0,51000000.0,117500000.0,55900000.0,20600000.0,320181418.125,372681418.125,3.2046300641326453,2.1294117647058823,0.3242408646423057,0.820024210238588,0.04126272363093577,3.2046300641326453,0.07158941517955927,2.184047872612551,14.553700823863636,4.16756372271467,0.0,2.2325581395348837,0.0,0.7545033453422543,0.9019607843137255,0.028306742151312403,67.72026610088832,0.14870395634379263,-0.2714272397954428,3.0445596066349743,0.634193690091693,-0.27421794663765653,-0.13354531001589826,-0.27219796215429404,-0.3050178101285427,9.08783043954325,0.7767371764790817,2.587274358279516,"Furnishings, Fixtures & Appliances",Consumer Cyclical,PATK
2013Q2,2013,Q2,2013-08-13,2013-06-30,7557000.0,159576000.0,12914000.0,0.311111,25160000.0,0.157667819722264,163968000.0,71042000.0,94780000.0,43892000.0,92926000.0,51674000.0,15161000.0,229407732.00000003,270037732.0,2.9453565505804313,2.1593912330265197,0.2805913348946136,0.6476169026772894,0.0672817658882872,2.9453565505804313,0.10637369443427831,1.437607986163333,7.589246129416436,3.2291845950282934,0.0,2.6012307930487286,0.0,0.9732142857142857,0.8507472887997812,0.04608826112412178,19.642754687901363,0.157667819722264,0.272729132234786,1.7652357128829534,0.16050233404109157,-0.46879522116776834,0.12141201640221073,0.2555241734507393,0.23982334869431643,2.4620172329143752,0.6555374824328892,2.1907649349999234,"Furnishings, Fixtures & Appliances",Consumer Cyclical,PATK
2013Q1,2013,Q1,2013-05-14,2013-03-31,6019000.0,142120000.0,10416000.0,0.244444,22436000.0,0.15786659161272165,159434000.0,64123000.0,90607000.0,38103000.0,95311000.0,52355000.0,7604000.0,169120222.2,221763222.2,2.6136382163528165,2.377949242841771,0.3393128190975576,0.8436598412426118,0.05376227306230109,2.6136382163528165,0.09386647536765279,1.1899818618069236,7.024431890679515,2.6374346521528937,0.0,2.286008977175055,0.0,0.8914033393128191,0.9030784977560822,0.03775229875685236,-1000.7113739644969,0.15786659161272165,0.8333345833364582,2.8175302158551183,-0.15939036842622772,-0.5265116470819156,0.5400878638110929,0.870997824059683,1.2564991334488735,4.6855924431401315,0.9027221102131128,2.139300840632241,"Furnishings, Fixtures & Appliances",Consumer Cyclical,PATK
2012Q4,2012,Q4,2013-03-29,2012-12-31,3217000.0,106128000.0,4616000.0,0.133333,14568000.0,0.13726820443238355,143469000.0,61408000.0,73670000.0,29152000.0,82061000.0,46992000.0,1585000.0,168186688.875,217468688.875,2.524974044263525,2.5270993413830953,0.34652782134119564,0.8096013548723293,0.04389998250347506,2.524974044263525,0.05238731109953101,1.5847532119233378,13.070149897031394,2.7388400350931477,0.0,1.9484167517875384,0.0,0.7397277460636096,0.627469813391877,0.02242296245181886,44.81393255395683,0.13726820443238355,-0.5000018749976562,1.4616190049167006,-0.4228998898321671,-0.5015551773380499,-0.1381411583742531,-0.5091547146780592,-0.3686226234441253,2.216364224760842,0.8145937153653375,2.4286148255336877,"Furnishings, Fixtures & Appliances",Consumer Cyclical,PATK
2012Q3,2012,Q3,2012-11-13,2012-09-30,6554000.0,112946000.0,7311000.0,0.266667,16903000.0,0.14965558762594514,131777000.0,57666000.0,76590000.0,38584000.0,74111000.0,40978000.0,-1632000.0,197344303.65,229545303.65,2.401324213748087,1.9850196972838483,0.25109844661815034,0.573804321437242,0.08055754503884084,2.401324213748087,0.11365449311552735,1.7472447333238894,7.527628305233446,3.422195117573614,0.0,2.343769827712431,0.0,0.8570994938418692,0.8433029234916027,0.049735538068099897,-71.16635544536604,0.14965558762594514,-0.5081959049983217,21.15101500351636,-0.5359600725367154,-0.5754026912893161,-0.05039325842696629,-0.5072180451127819,-0.03637801502570186,10.453652206502388,0.6766666822020394,2.2426302037151538,"Furnishings, Fixtures & Appliances",Consumer Cyclical,PATK
2012Q2,2012,Q2,2012-08-14,2012-07-01,13300000.0,115600000.0,7587000.0,0.542222,17800000.0,0.15397923875432526,112900000.0,50361000.0,64200000.0,34700000.0,62500000.0,34000000.0,-8200000.0,140732093.7,164732093.7,2.1264171258471087,1.8501440922190202,0.21612046058458814,0.48450189630865154,0.2029667874961544,2.1264171258471087,0.26409324675840434,1.2174056548442906,2.645340107142857,2.794465830702329,0.0,2.876470588235294,0.0,1.0239149689991143,0.7809798270893372,0.11780336581045173,12.57884284054344,0.15397923875432526,1.595742236307321,6.32729589974791,-0.47362483636940045,-0.6573199069130949,0.08536585365853659,1.66,0.008105235184693063,17.54693140794224,0.8009841547482559,1.756690636922753,"Furnishings, Fixtures & Appliances",Consumer Cyclical,PATK
2012Q1,2012,Q1,2012-05-15,2012-04-01,5000000.0,102700000.0,7526000.0,0.208889,16400000.0,0.1596884128529698,107600000.0,35801000.0,63400000.0,30700000.0,71800000.0,29600000.0,-21500000.0,132744043.575,167944043.575,1.5570560285307324,2.0651465798045603,0.32899628252788105,0.9887991955531968,0.10570076262973835,1.5570560285307324,0.1396609033267227,1.2925418069620254,6.63720217875,3.7078306073852687,0.0,2.9155405405405403,0.0,0.9544609665427509,1.0358306188925082,0.046468401486988845,142.1242436563169,0.1596884128529698,2.3206539402173907,4.6703831353301535,-0.36908373959421087,-0.7382538190674409,0.46297948260481714,2.3967391304347827,1.539136302294197,2.0876440107976775,1.0399744482252917,0.9360762460020292,"Furnishings, Fixtures & Appliances",Consumer Cyclical,PATK
2011Q4,2011,Q4,2012-03-29,2011-12-31,1472000.0,78278000.0,2964000.0,0.06290598290598291,11210000.0,0.1432075423490636,85770000.0,28842000.0,44385000.0,19850000.0,56928000.0,27503000.0,-26510000.0,42639480.0,75043480.0,1.2325641025641025,2.236020151133501,0.38421359449691034,1.142569863393662,0.05393690202529914,1.2325641025641025,0.051036682615629984,0.5447185671580776,7.2417595108695645,1.4783815269398795,0.0,2.438570337781333,0.0,0.9126501107613385,0.7416120906801008,0.017162177917686837,28.502326203208558,0.1432075423490636,-0.6783224094071114,2.2909369303682108,-0.49282155350658374,-0.7940907614541765,-0.15075757575757576,-0.6728888888888889,-0.43478260869565216,1.018646760310776,3.3067814068881707,0.21712736524875248,"Furnishings, Fixtures & Appliances",Consumer Cyclical,PATK
2011Q3,2011,Q3,2011-11-08,2011-09-25,4500000.0,77400000.0,5244000.0,0.195556,13200000.0,0.17054263565891473,92100000.0,26826000.0,51200000.0,28000000.0,65200000.0,25700000.0,-28000000.0,18447303.375,51247303.375,1.208582530832911,1.8285714285714285,0.3474484256243214,1.192872586296876,0.08914425594125047,1.208582530832911,0.16774770744799822,0.23833725290697674,1.0248501875,0.6876650777231044,0.0,2.498054474708171,0.0,0.8403908794788274,0.85,0.048859934853420196,1.7759991696351207,0.17054263565891473,0.22222500000000003,4.494121377512678,-0.5776888198720236,-0.7981476191160937,0.1,0.21621621621621623,0.16662958843159065,2.8067828731351505,-0.0681052091104751,-0.726281195229572,"Furnishings, Fixtures & Appliances",Consumer Cyclical,PATK
2011Q2,2011,Q2,2011-08-09,2011-06-26,3700000.0,82600000.0,4495000.0,0.16,12000000.0,0.14527845036319612,88800000.0,22101000.0,52800000.0,23300000.0,66700000.0,24400000.0,-32500000.0,19878607.575,57378607.575,1.0129593345020798,2.2660944206008584,0.43018018018018017,1.7284285778924031,0.07454271073448202,1.0129593345020798,0.1674132392199448,0.24066110865617432,1.343149160472973,0.8994438068413193,0.0,2.8934426229508197,0.0,0.9301801801801802,1.1416309012875536,0.041666666666666664,-6.000183391186236,0.14527845036319612,3.76922011838416,0.421067534661657,-0.5624547952846639,-0.8306628332754291,0.5189873417721519,4.083333333333333,4.822538860103627,0.49672443457824705,-0.33592691178697814,-0.8173094394482792,"Furnishings, Fixtures & Appliances",Consumer Cyclical,PATK
2011Q1,2011,Q1,2011-05-10,2011-03-27,-1200000.0,69500000.0,772000.0,-0.057778,7900000.0,0.11366906474820145,89900000.0,17660000.0,55800000.0,29400000.0,72300000.0,23300000.0,-36200000.0,22685508.9,55185508.9,0.8303945079230733,1.8979591836734695,0.41601779755283647,2.117780294450736,0.014021067925899019,0.8303945079230733,-0.06795016987542468,0.3264102,-4.7261476875,1.2845701528878821,0.0,2.643776824034335,0.0,0.7730812013348165,1.0442176870748299,-0.013348164627363738,28.041420148331273,0.11366906474820145,-0.3106191693290735,-1.8689199282134032,-0.6020495764529309,-0.8584346182531847,0.3957597173144876,-0.2779552715654952,8.08235294117647,0.5819765240439227,-0.5257731958762887,-0.849565205555732,"Furnishings, Fixtures & Appliances",Consumer Cyclical,PATK
2010Q4,2010,Q4,2011-03-30,2010-12-31,-939000.0,58082000.0,85000.0,-0.04408450704225352,5660000.0,0.09744843497124754,74817000.0,18136000.0,37128000.0,50065000.0,56681000.0,22723000.0,-34980000.0,17938860.0,52214860.0,0.8514553990610328,0.7415959252971137,0.48428833019233597,1.997849580943979,0.0014392392723794809,0.8514553990610328,-0.051775474194971326,0.3088540339519989,-4.776054313099041,0.9891299073665637,0.0,2.307001716322669,0.0,0.7763208896373819,0.24262458803555378,-0.012550623521392197,2.434698697068404,0.09744843497124754,-0.4170070728119804,-1.4067819464314404,-0.6466164324794128,-0.852312969071609,-0.2743589743589744,-0.565,-0.8816155988857939,0.8461538461538461,-0.6393788688757676,-0.8319176641226327,"Furnishings, Fixtures & Appliances",Consumer Cyclical,PATK
2010Q3,2010,Q3,2010-11-09,2010-09-26,-600000.0,72800000.0,718000.0,-0.031111,7800000.0,0.10714285714285714,87900000.0,18896000.0,49400000.0,61900000.0,69000000.0,26100000.0,-34000000.0,20210974.875,61235974.875,0.8933328605703885,0.7980613893376414,0.47696245733788395,2.2187235393734124,0.011805133095476891,0.8933328605703885,-0.03175275190516511,0.27762328125,-8.42123953125,1.0695901182790009,0.0,2.4904214559386975,0.0,0.8282138794084186,0.3441033925686591,-0.006825938566552901,5.876991821750509,0.10714285714285714,-1.3684216759035575,-3.2001944509335547,-0.5438032852041299,-0.8429184009431913,-0.20408163265306123,-1.3157894736842106,-0.7524137931034482,-3.302241622590778,-0.660430768809316,-0.8420426836953575,"Furnishings, Fixtures & Appliances",Consumer Cyclical,PATK
2010Q2,2010,Q2,2010-08-10,2010-06-27,1900000.0,83900000.0,2900000.0,0.084444,9800000.0,0.11680572109654351,91500000.0,19380000.0,52300000.0,64700000.0,72200000.0,24100000.0,-33400000.0,20528666.55,61128666.55,0.9230879148358518,0.8083462132921174,0.22950819672131148,1.08359133126935,0.0718177315502724,0.9230879148358518,0.09803921568627451,0.24468017342073897,2.701140335526316,1.0592707198142415,0.0,3.074688796680498,0.0,0.9169398907103825,0.4095826893353941,0.020765027322404372,-10.254079195804197,0.11680572109654351,1.1111,3.0734912438896966,-0.45565524252954215,-0.8368863371804436,0.5076923076923077,1.1111111111111112,0.072881982981872,1.8585072284511919,-0.5690422526705078,-0.8512409212950954,"Furnishings, Fixtures & Appliances",Consumer Cyclical,PATK
2010Q1,2010,Q1,2010-05-11,2010-03-28,900000.0,63500000.0,2703000.0,0.04,6500000.0,0.10236220472440945,89000000.0,17365000.0,48900000.0,63600000.0,71600000.0,21000000.0,-35300000.0,27160636.5,69918636.5,0.8325542370849814,0.7688679245283019,0.48267415730337077,2.4738266628275265,0.04480877940420735,0.8325542370849814,0.05182839044054132,0.4277265590551181,7.54462125,1.5641023034840196,0.0,2.7142857142857144,0.0,0.7134831460674157,0.34591194968553457,0.010112359550561797,-11.307508950874272,0.10236220472440945,-0.027382256297919003,4.521480351740636,-0.5921445806267813,-0.8533021230142753,0.13122171945701358,-0.014238773274917854,0.42940243257535693,1.7283037914551231,-0.569965135166041,-0.8600449258194995,"Furnishings, Fixtures & Appliances",Consumer Cyclical,PATK
2009Q4,2009,Q4,2010-03-30,2009-12-31,913000.0,53387000.0,1891000.0,0.04112612612612613,5746000.0,0.10762919811939237,77037000.0,16349000.0,36858000.0,35008000.0,60688000.0,17485000.0,-36206000.0,23976000.0,66183000.0,0.7364414414414414,1.0528450639853748,0.5486584368550177,2.5852957367423084,0.04727105701135829,0.7364414414414414,0.055844394152547557,0.4490980950418641,6.565169769989047,1.4665117132546335,0.0,2.724678295682013,0.0,0.6930046600983942,0.35897509140767825,0.01185144800550385,-11.898759305210918,0.10762919811939237,2.3219159180394757,5.44452481362832,-0.6662432091134048,-0.8704968253414849,-0.2235135135135135,2.5216666666666665,0.10844079718640094,1.1515201101575512,-0.6353976460906082,-0.8769718377118567,"Furnishings, Fixtures & Appliances",Consumer Cyclical,PATK
2009Q3,2009,Q3,2009-11-12,2009-09-27,-600000.0,58300000.0,1706000.0,-0.031111,7400000.0,0.1269296740994854,86500000.0,15391000.0,42000000.0,38100000.0,71200000.0,19600000.0,-37100000.0,34084530.0,73284530.0,0.7405482780604573,1.1023622047244095,0.45664739884393063,2.566434929504256,0.027194804248419597,0.7405482780604573,-0.038983821713988696,0.5846403087478559,-14.201887499999998,2.2145754012084984,0.0,2.5969387755102042,0.0,0.6739884393063584,0.49343832020997375,-0.006936416184971098,7.286132962804618,0.1269296740994854,0.0,-1.460719145429539,-0.6279526963834229,-0.8703542286150217,0.21311475409836064,0.14285714285714285,1.9566724436741767,-1.7823536846618682,-0.6602759295605989,-0.8763167352890966,"Furnishings, Fixtures & Appliances",Consumer Cyclical,PATK
2009Q2,2009,Q2,2009-08-12,2009-06-28,-700000.0,55900000.0,577000.0,-0.031111,6100000.0,0.10912343470483005,96700000.0,15910000.0,50200000.0,46900000.0,80800000.0,18700000.0,-36500000.0,14666970.825,57966970.825,0.7713658897252221,1.070362473347548,0.45708376421923474,2.7781269641734756,0.007679254699717185,0.7713658897252221,-0.04399748585795098,0.26237872674418605,-5.238203866071428,0.9218712020741671,0.0,2.663101604278075,0.0,0.578076525336091,0.3816631130063966,-0.007238883143743537,28.31461549227799,0.10912343470483005,0.844445,-1.6471956649402961,-0.6356777773216328,-0.8639998868641139,0.6944444444444444,0.8292682926829268,1.2041032897064026,-1.2843945031540827,-0.6867689160561902,-0.8710501894547883,"Furnishings, Fixtures & Appliances",Consumer Cyclical,PATK
2009Q1,2009,Q1,2009-05-13,2009-03-29,-4100000.0,44900000.0,-2827000.0,-0.2,3600000.0,0.0801781737193764,98600000.0,16492000.0,50700000.0,47500000.0,82100000.0,20300000.0,-35800000.0,4283807.85,47083807.85,0.8042328042328042,1.0673684210526315,0.4563894523326572,2.7285956827552753,-0.043974613876955365,0.8042328042328042,-0.24860538442881397,0.09540774721603562,-0.2612077957317073,0.25975065789473684,0.0,2.0344827586206895,0.0,0.4553752535496957,0.3031578947368421,-0.04158215010141988,19.56076643835616,0.0801781737193764,0.9407154631423696,-3.0025143415176534,-0.6520814331286139,-0.8579767787308717,1.5914243469689502,0.9407154631423696,0.9603306017063313,-4.078910445655005,-0.7333723429506448,-0.8628946568670276,"Furnishings, Fixtures & Appliances",Consumer Cyclical,PATK
2008Q4,2008,Q4,2009-04-15,2008-12-31,-69158000.0,15923000.0,-71264000.0,-3.373560975609756,-6087000.0,-0.3822772090686428,100493000.0,20760000.0,51052000.0,45349000.0,79733000.0,21471000.0,-31685000.0,5832249.999999999,63468250.0,1.0126829268292683,1.1257580100994509,0.6001214014906511,2.905009633911368,-0.7756600370902109,1.0126829268292683,-3.3313102119460503,0.36627833950888644,-0.021083063419994795,0.2809368978805395,0.0,1.025103628149597,0.0,0.15844884718338592,0.2425411806214029,-0.6881872369219747,2.6655621572212063,-0.3822772090686428,-28.19416538829447,-60.503708359114505,-0.8774486684520609,-0.8215273870467926,-1.7423170731707318,-29.06869565217391,-28.993265993265993,-32.128933771412676,-0.8993403477321587,-0.8243476582564166,"Furnishings, Fixtures & Appliances",Consumer Cyclical,PATK
2008Q3,2008,Q3,2008-11-17,2008-09-28,-2300000.0,76700000.0,-2376000.0,-0.115556,8200000.0,0.10691003911342895,192500000.0,90505000.0,69600000.0,82400000.0,102000000.0,39000000.0,37500000.0,57301909.11,117081909.11,4.41541651420905,0.8446601941747572,0.31106493506493504,0.66162090492238,-0.009821278538238342,4.41541651420905,-0.025412960609911054,0.7470913834419818,-6.228468381521739,0.6331352865587536,0.0,1.7564102564102564,0.0,0.39844155844155843,0.3179611650485437,-0.011948051948051949,-4.775955085014169,0.10691003911342895,-2.04000504000504,-6.124791437228558,-0.4475147842405181,-0.21901580584569824,-0.2743362831858407,-2.210526315789474,-1.5205959684487291,-9.703487829568349,-0.5040112638545505,-0.22360329820292227,"Furnishings, Fixtures & Appliances",Consumer Cyclical,PATK
2008Q2,2008,Q2,2008-08-13,2008-06-29,1900000.0,95600000.0,4564000.0,0.111111,11300000.0,0.11820083682008369,212100000.0,92980000.0,87600000.0,44300000.0,119100000.0,42000000.0,39800000.0,55823156.325,103623156.325,5.544672540513141,1.9774266365688487,0.2545968882602546,0.5807700580770058,0.0199618995781739,5.544672540513141,0.020434502043450205,0.5839242293410042,7.345152148026315,0.6003781063131857,0.0,2.007142857142857,0.0,0.4507307873644507,0.9390519187358917,0.008958038661008957,9.306961708069357,0.11820083682008369,1.8333345833364583,44.944880637766424,-0.17011426264502486,-0.017717950968390454,0.0761904761904762,2.0,3.8776796973518284,4.0999257744176525,-0.22345425517578146,-0.02023216566653854,"Furnishings, Fixtures & Appliances",Consumer Cyclical,PATK
2008Q1,2008,Q1,2008-05-19,2008-03-30,-1900000.0,97000000.0,-1586000.0,-0.133333,10500000.0,0.10824742268041238,201800000.0,77699000.0,76200000.0,40400000.0,124100000.0,41200000.0,38000000.0,43791843.6,115991843.6,5.519963057686843,1.886138613861386,0.31565906838453917,0.8198303710472464,-0.0072364430190568025,5.519963057686843,-0.024453339167814257,0.4514623051546392,-5.762084684210526,0.5636088443866717,0.0,2.099514563106796,0.0,0.48067393458870167,0.7351485148514851,-0.009415262636273538,33.608475518035306,0.10824742268041238,0.5346943720815925,-0.5468560474723962,0.05639307677987866,-0.021641200515328682,-0.16593851775359442,0.5330548046202999,0.5343511450381679,-10.015884028702725,-0.07681818639314572,-0.027370439627425858,"Furnishings, Fixtures & Appliances",Consumer Cyclical,PATK
2007Q4,2007,Q4,2008-03-31,2007-12-31,-4069000.0,107374000.0,-3406000.0,-0.2865492957746479,12589000.0,0.11724439808519753,196242000.0,71933000.0,68922000.0,32024000.0,124309000.0,43566000.0,0.0,62859140.00000001,144316140.0,5.065704225352112,2.1521983512365725,0.41585389468105705,1.134500159870991,-0.0158355485825433,5.065704225352112,-0.056566527185019394,0.5854223555050572,-3.8620754485131483,0.87385678339566,0.0,2.175664509020796,0.0,0.5471509666636092,0.4809517861603797,-0.02073460319401555,-90.57512968299713,0.11724439808519753,-22.491734476460504,-2.0649649404833803,0.11265629964693868,-0.11856262288456441,-0.2630685476789791,-25.512048192771083,-2.410351966873706,-29.96755214659231,0.049441794469919545,-0.10919627529364591,"Furnishings, Fixtures & Appliances",Consumer Cyclical,PATK
2007Q3,2007,Q3,2007-11-14,2007-09-30,166000.0,136556000.0,2415000.0,0.013333,17083000.0,0.12509886054073055,220620000.0,76197000.0,90355000.0,47520000.0,144423000.0,48790000.0,43891000.0,70059600.0,150925600.0,5.6555332887998215,1.9014099326599327,0.37847429970084306,1.0958305445096264,0.009095406271916642,5.6555332887998215,0.0021785634605036943,0.5130466621752248,105.51144578313253,0.9194535217921966,0.0,2.44871899979504,0.0,0.6189647357447194,0.7476010101010101,0.0007524249841356179,15.357211749232793,0.12509886054073055,1.11999711999712,-0.17447250055666885,0.2851560244651777,-0.0377040081798734,0.42667446133288794,1.1290824261275272,4.972039473684211,-0.8033734090705801,0.3442794062723776,-0.009901180595254546,"Furnishings, Fixtures & Appliances",Consumer Cyclical,PATK
2007Q2,2007,Q2,2007-08-14,2007-06-30,-1286000.0,113125000.0,-608000.0,-0.111111,11974000.0,0.1058475138121547,220931000.0,75701000.0,87489000.0,47180000.0,145230000.0,48484000.0,42762000.0,85451397.75,172368397.75,6.205254313701381,1.854366256888512,0.39378810578868517,1.1492582660731034,-0.0022530118200680778,6.205254313701381,-0.016987886553678288,0.7553714718232044,-16.611858038491448,1.1288014392148056,0.0,2.0862758848279843,0.0,0.5120376950269541,0.7163204747774481,-0.005820821885566082,5.215221101617333,0.1058475138121547,-0.9230676035861399,-2.6943479898460643,0.14824258634872137,0.052513748727635715,0.35852053551168594,-0.9663608562691132,-0.14933837429111532,-3.0102322973633595,0.24652262416938642,0.09405315939100563,"Furnishings, Fixtures & Appliances",Consumer Cyclical,PATK
2007Q1,2007,Q1,2007-05-15,2007-03-31,-654000.0,78148000.0,-529000.0,-0.057778,8814000.0,0.11278599580283565,118493000.0,65665000.0,68855000.0,29443000.0,52828000.0,42754000.0,45011000.0,58823062.65,91924062.65,5.948724917334783,2.3385864212206635,0.28318972428751066,0.5110180461433032,-0.0031698384964326644,5.948724917334783,-0.009959643645777812,0.7527136030352664,-22.485880217889907,0.8958054161273129,0.0,1.6216962155587782,0.0,0.6595157519853494,0.8085453248649934,-0.00551931337716152,221.13933327067667,0.11278599580283565,-4.022665654028437,-3.2384571300674105,-0.0410376230204904,0.01720693984480148,-0.0022639800769753225,-4.099526066350711,-1.5392456676860347,-0.18606439468938468,0.12494324686496522,0.050513073773163636,"Furnishings, Fixtures & Appliances",Consumer Cyclical,PATK
