Year,Date,FillingDate,NetIncome,Revenue,OperatingIncome,EPSDiluted,GrossProfit,GrossProfitRatio,TotalAssets,CommonStockEquity,CurrentAssets,CurrentLiability,TotalLiability,Inventory,RetainedEarnings,EnterpriseValue,bookValuePerShare,currentRatio,debtToAssets,debtToEquity,roic,shareholdersEquityPerShare,roe,priceToSalesRatio,peRatio,pbRatio,payoutRatio,inventoryTurnover,dividendYield,assetTurnover,quickRatio,returnOnAssets,priceToFreeCashFlowsRatio,grossProfitMargin,epsdilutedGrowth,fiveYNetIncomeGrowthPerShare,fiveYRevenueGrowthPerShare,fiveYShareholdersEquityGrowthPerShare,grossProfitGrowth,netIncomeGrowth,operatingIncomeGrowth,threeYNetIncomeGrowthPerShare,threeYRevenueGrowthPerShare,threeYShareholdersEquityGrowthPerShare,Industry,Sector,Price,MarketCap,AvgVolume,Symbol
2022,2022-12-31,2023-02-24,328196000.0,4881872000.0,496170000.0,13.41,1059938000.0,0.2171171223,2782471000.0,955169000.0,909904000.0,367240000.0,1827302000.0,667841000.0,758861000.0,2769192000.0,43.14223125564589,2.47768216969829,0.5212471217130386,1.5184276290373746,0.14539704737140455,43.14223125564589,0.34359992838963577,0.2748298193807621,4.088057136589112,1.404656139384758,0.10015051981133226,5.722820252125881,0.02449831704037612,1.754509570809543,0.5329947718113496,0.11795127424508647,4.042982627954981,0.21711712228423852,0.3925233644859812,3.1902221846207204,2.2664123679035555,1.8200123105178247,0.32294800010983604,0.45920014227597095,0.41072809571467567,2.816226322815224,1.1754868177183468,0.9996212283337109,"Furnishings, Fixtures & Appliances",Consumer Cyclical,81.03,1808719248,138396,PATK
2021,2021-12-31,2022-02-25,224915000.0,4078092000.0,351712000.0,9.63,801194000.0,0.1964629538,2650731000.0,767557000.0,974075000.0,432777000.0,1883174000.0,614356000.0,513734000.0,3162220200.0,33.69433713784021,2.250755007775367,0.5458686679259419,1.8851381721487785,0.11336086935200747,33.69433713784021,0.2930270976618023,0.45072994920173454,8.172501611719982,2.3947644279187084,0.12015205744392327,5.33387482176458,0.014701992505160985,1.5384782537345358,0.6822012260355795,0.08485017906381297,9.812402976628979,0.19646295375386333,1.292857142857143,3.0006296009161004,2.2993698291726625,3.091603172725468,0.7454560506473616,1.31725409793841,1.0286434450577657,0.9770272121825108,0.8981380416677509,0.9779515787551334,"Furnishings, Fixtures & Appliances",Consumer Cyclical,81.03,1808719248,138396,PATK
2020,2020-12-31,2021-02-26,97061000.0,2486597000.0,173373000.0,4.2,459017000.0,0.1845964585,1753435000.0,559441000.0,528063000.0,227389000.0,1193994000.0,312809000.0,360214000.0,2446311500.0,24.612450505939286,2.3222891168878004,0.5346551198076918,1.675749542847235,0.07987310014803792,24.612450505939286,0.1734964008715843,0.6247878124199457,16.00638258414811,2.7770497693233067,0.2434551467633756,6.481846749933665,0.015209879276813046,1.4181289868173044,0.7795979576848484,0.055354775055819004,12.132441254792935,0.18459645853348974,0.09090909090909093,1.3247295925284819,1.7320965044362575,3.399051833664561,0.08547760428121105,0.08368130763905947,0.12257676020771552,0.20705403029837044,0.6205715457464012,0.6088044451728796,"Furnishings, Fixtures & Appliances",Consumer Cyclical,81.03,1808719248,138396,PATK
2019,2019-12-31,2020-02-27,89566000.0,2337082000.0,154442000.0,3.85,422871000.0,0.180939736,1470993000.0,497481000.0,516834000.0,186935000.0,973512000.0,253870000.0,305503000.0,1839055940.0,21.5752016653656,2.7647792013266645,0.5231262147406548,1.5468228937386554,0.08625002723647643,21.5752016653656,0.18003903666672696,0.5172822091822196,13.49765469039591,2.430104747719008,0.06473438581604626,7.540122897545988,0.004795972878318426,1.5887784646153993,1.2139299756599888,0.0608881211535337,7.338016862014337,0.18093973596133983,-0.2190669371196754,2.029914023207056,2.296254217649833,4.023149838922331,0.016844368137813624,-0.25257026503771945,-0.13436650505843117,0.5739291823051851,0.8680135196356807,1.6199406513049515,"Furnishings, Fixtures & Appliances",Consumer Cyclical,81.03,1808719248,138396,PATK
2018,2018-12-31,2019-02-28,119832000.0,2263061000.0,178415000.0,4.93,415866000.0,0.1837626117899606,1231231000.0,408754000.0,385167000.0,157755000.0,822477000.0,272898000.0,224874000.0,1334097950.0,17.03496561783705,2.4415517733193877,0.5120899327583532,1.5424949969908552,0.13536253120551897,17.03496561783705,0.29316410359287004,0.31395174500378026,5.929066943721209,1.7381895956981461,0.0,6.768811057611269,0.0,1.838047450072326,0.5666634971950176,0.09732698413214093,4.292302464250545,0.1837626117899606,0.4166666666666666,4.016735887502908,2.828358099427515,3.99795460389444,0.4910133911765233,0.39797942089176136,0.46361771944216573,1.718811960265473,1.355404888716785,2.0447068535282757,"Furnishings, Fixtures & Appliances",Consumer Cyclical,81.03,1808719248,138396,PATK
2017,2017-12-31,2018-02-28,85718000.0,1635653000.0,121900000.0,3.48,278915000.0,0.17052210951833915,866644000.0,370685000.0,273953000.0,136425000.0,495959000.0,175270000.0,199180000.0,2033883500.0,15.298596780850186,2.008085028403885,0.40833029479232535,0.9546569189473543,0.1274967690027633,15.298596780850186,0.2312421597852624,1.0288083719468617,19.63150680137194,4.539632032588316,0.0,7.740845552576025,0.0,1.8873412843105128,0.5904416345977643,0.09890797143925302,21.740136168673455,0.17052210951833915,0.4340657370788822,1.9912571836151982,2.666535754538739,4.918216125382468,0.3775689117840262,0.5423286611368012,0.3419641775928311,1.759480796428545,1.1953620029145824,2.56182737697544,"Furnishings, Fixtures & Appliances",Consumer Cyclical,81.03,1808719248,138396,PATK
2016,2016-12-31,2017-02-28,55577000.0,1221887000.0,90837000.0,2.426667,202469000.0,0.16570190205804627,534950000.0,185448000.0,172769000.0,86093000.0,349502000.0,120019000.0,113462000.0,1411620650.65,8.23499633650836,2.006771746831914,0.509537339938312,1.4698298175229714,0.13176266516852655,8.23499633650836,0.2996904792718174,0.9374783843759694,20.61091189970671,6.17689406545231,0.0,8.493805147518309,0.0,2.284114403215254,0.5215755055579432,0.10389195251892701,14.013685306639264,0.16570190205804627,0.3382357239403904,5.396637935434312,2.869648058951291,5.2681136302771,0.3295923929103816,0.31639783036073804,0.299193340770617,1.479165620245039,1.2024666896685536,1.4160975006612135,"Furnishings, Fixtures & Appliances",Consumer Cyclical,81.03,1808719248,138396,PATK
2015,2015-12-31,2016-03-14,42219000.0,920333000.0,69918000.0,1.813333,152279000.0,0.16546076257180825,386049000.0,128597000.0,139738000.0,57926000.0,257452000.0,89478000.0,62574000.0,870947500.0,5.594944419065022,2.412353692642337,0.5296840556509665,1.5901148549344075,0.13509829260907827,5.594944419065022,0.3283047038422358,0.7242492662981769,15.787927236552264,5.18325077567906,0.0,8.583718902970563,0.0,2.383979753865442,0.6611884128025411,0.10936176495729817,11.557610278818144,0.16546076257180825,0.4216020308006863,30.52266935725214,2.0279132715352297,5.49074943984469,0.2850223201100394,0.37637738801590925,0.3583959899749373,0.5531307601305212,1.1748439360099925,1.164387411202109,"Furnishings, Fixtures & Appliances",Consumer Cyclical,81.03,1808719248,138396,PATK
2014,2014-12-31,2015-03-13,30674000.0,735717000.0,51471000.0,1.275556,118503000.0,0.16107144459078696,255561000.0,102768000.0,114796000.0,45142000.0,152793000.0,71020000.0,40509000.0,568615117.55,4.29515390884584,2.542997651854149,0.3954202714811728,0.9833216565467849,0.15783201612082864,4.29515390884584,0.2984781254865328,0.6356848048230502,15.246923047206105,4.550873010567492,0.0,8.690706843142777,0.0,2.8788312770727926,0.7257099818350982,0.12002613857356952,11.9310216472359,0.16107144459078696,0.28699610840763545,6.868574949402319,1.9943574736119498,4.437051668023677,0.301901717148413,0.2759567387687188,0.25707656612529,2.32281874604613,1.1929603765533612,2.2692804781003377,"Furnishings, Fixtures & Appliances",Consumer Cyclical,81.03,1808719248,138396,PATK
2013,2013-12-31,2014-03-14,24040000.0,594931000.0,40945000.0,0.991111,91023000.0,0.1529975745086405,174187000.0,82310000.0,87699000.0,32411000.0,91877000.0,56510000.0,21789000.0,365472226.65,3.408387424040084,2.7058406096695564,0.31575261069999483,0.668205564329972,0.18488112095940115,3.408387424040084,0.2920665775725914,0.5219197295988947,12.916232389767055,3.772399789211517,0.0,8.917147407538488,0.0,3.4154730261156114,0.6997007188917342,0.13801259565868865,22.56258005013806,0.1529975745086405,-0.1553028850292287,1.25086673038538,0.36533325877721917,1.9585738669584938,0.384506570941835,-0.14433173162484428,0.5142381656804734,16.083660051047758,0.8629296260062543,2.954103402346017,"Furnishings, Fixtures & Appliances",Consumer Cyclical,81.03,1808719248,138396,PATK
2012,2012-12-31,2013-03-29,28095000.0,437367000.0,27040000.0,1.173333,65744000.0,0.15031769657976024,143469000.0,61408000.0,73670000.0,29152000.0,82061000.0,46992000.0,1585000.0,213563160.25,2.5850013681042285,2.5270993413830953,0.34652782134119564,0.8096013548723293,0.3213805085033603,2.5850013681042285,0.45751367899947887,0.3756139815075211,5.847345088093967,2.6752403636334026,0.0,7.908218420156622,0.0,3.048512222152521,0.627469813391877,0.19582627605963657,12.538632288963518,0.15031769657976024,2.180721029903304,3.534300269611938,-0.47031332110219737,-0.5500526487197563,0.48379525142186514,2.3170011806375443,1.0066790352504638,6.413850726036595,0.7928909086931758,2.2722426945746568,"Furnishings, Fixtures & Appliances",Consumer Cyclical,81.03,1808719248,138396,PATK
2011,2011-12-31,2012-03-29,8470000.0,307822000.0,13475000.0,0.368889,44308000.0,0.14394032915126273,85770000.0,28842000.0,44385000.0,19850000.0,56928000.0,27503000.0,-26510000.0,72407212.15,1.3137918075911312,2.236020151133501,0.38421359449691034,1.142569863393662,0.2223348845332674,1.3137918075911312,0.2936689549961861,0.12995566317547153,4.7229294155844155,1.3869777459954233,0.0,9.581282041959058,0.0,3.588923866153667,0.7416120906801008,0.0987524775562551,4.265189481821089,0.14394032915126273,5.916711979449872,0.6075828289927812,-0.5581608538289585,-0.7821978499971984,0.49497267022066266,5.908646003262643,1.1034967218232907,1.097229228778053,-0.22290064188204456,0.14040736130751855,"Furnishings, Fixtures & Appliances",Consumer Cyclical,81.03,1808719248,138396,PATK
2010,2010-12-31,2011-03-30,1226000.0,278232000.0,6406000.0,0.053333,29638000.0,0.10652261422122546,74817000.0,18136000.0,37128000.0,50065000.0,56681000.0,22723000.0,-34980000.0,51995677.45,0.8619874285578488,0.7415959252971137,0.48428833019233597,1.997849580943979,0.12615967823302854,0.8619874285578488,0.06760035288928098,0.06368669833088933,14.453244249592169,0.9770444116674019,0.0,10.940192756238172,0.0,3.7188339548498335,0.24262458803555378,0.016386650092893328,2.7674023816960798,0.10652261422122546,1.2448961786773687,-0.5629700923252415,-0.5632853715075632,-0.853126583647131,0.29542375103806984,1.2711789427117894,3.7557535263548627,1.1248656850577228,-0.6195446308136587,-0.8499617968864324,"Furnishings, Fixtures & Appliances",Consumer Cyclical,81.03,1808719248,138396,PATK
2009,2009-12-31,2010-03-30,-4521000.0,212522000.0,1347000.0,-0.217778,22879000.0,0.10765473692135402,77037000.0,16349000.0,36858000.0,35008000.0,60688000.0,17485000.0,-36206000.0,64558140.0,0.7899784977410548,1.0528450639853748,0.5486584368550177,2.5852957367423084,0.02115706041088875,0.7899784977410548,-0.27653067465900055,0.10517094700783919,-4.943848706038487,1.3671258180928498,0.0,10.84603946239634,0.0,2.758700364759791,0.35897509140767825,-0.05868608590677207,6.573864705882353,0.10765473692135402,0.9451287249404052,-4.780922218135277,-0.6458867795270871,-0.864755661688342,-0.16006461323837146,0.9367754205881942,1.0191792914910582,-1.9102220566413837,-0.6764128034471175,-0.8690363158988946,"Furnishings, Fixtures & Appliances",Consumer Cyclical,81.03,1808719248,138396,PATK
2008,2008-12-31,2009-04-15,-71507000.0,325151000.0,-70232000.0,-3.968889,27239000.0,0.08377338528868127,100493000.0,20760000.0,51052000.0,45349000.0,79733000.0,21471000.0,-31685000.0,62762761.125,1.1520372913805301,1.1257580100994509,0.6001214014906511,2.905009633911368,-0.7537920407922275,1.1520372913805301,-3.444460500963391,0.015767323874138477,-0.07169593361489084,0.24695381141618497,0.0,13.875087327092357,0.0,3.2355586956305413,0.2425411806214029,-0.7115619993432378,-2.0433483957752094,0.08377338528868127,-7.504756068031379,-891.8330628043452,-0.1804448987782873,-0.7574066671210355,-0.4601862861672612,-11.23806263905528,-32.00375939849624,-30.761102093478176,-0.40412451370480734,-0.8037051966824496,"Furnishings, Fixtures & Appliances",Consumer Cyclical,81.03,1808719248,138396,PATK
TTM,,,,,,,,,,,,,,,,3286944248.0,44.917882451021256,2.8690573524107252,0.5357114202845042,1.5559638779074922,0.11107906278962537,44.917882451021256,0.26073679772963215,0.4073878260650205,7.120664276178693,1.8039585924014925,0.1438444256316749,5.539551515556595,0.020733061828952237,1.5761678908560333,0.8633611879283395,0.08722429113578029,5.133361093924722,0.21596415331601873,,,,,,,,,,,"Furnishings, Fixtures & Appliances",Consumer Cyclical,81.03,1808719248,138396,PATK
