Quarters,Year,Quarter,FillingDate,Date,NetIncome,Revenue,OperatingIncome,EPSDiluted,GrossProfit,GrossProfitRatio,TotalAssets,CommonStockEquity,CurrentAssets,CurrentLiability,TotalLiability,Inventory,RetainedEarnings,MarketCap,EnterpriseValue,bookValuePerShare,currentRatio,debtToAssets,debtToEquity,roic,shareholdersEquityPerShare,roe,priceToSalesRatio,peRatio,pbRatio,payoutRatio,inventoryTurnover,dividendYield,assetTurnover,quickRatio,returnOnAssets,priceToFreeCashFlowsRatio,grossProfitMargin,epsdilutedGrowth,fiveYNetIncomeGrowthPerShare,fiveYRevenueGrowthPerShare,fiveYShareholdersEquityGrowthPerShare,grossProfitGrowth,netIncomeGrowth,operatingIncomeGrowth,threeYNetIncomeGrowthPerShare,threeYRevenueGrowthPerShare,threeYShareholdersEquityGrowthPerShare,Industry,Sector,Symbol
2023Q1,2023,Q1,2023-05-15,2023-03-31,-1882000.0,1781000.0,-3673000.0,-0.0904,173000.0,0.0971364402,18984000.0,10767000.0,6572000.0,5042000.0,8217000.0,3522000.0,-31340000.0,12496276.385822,16281276.385822,0.5170570230289429,1.3034510115033717,0.20638432364096082,0.36388966285873503,-0.13482509175598853,0.5170570230289429,-0.174793350051082,7.016438172836609,-1.6599729524205633,1.1606089333911023,0.0,0.4565587734241908,0.0,0.0938158449220396,0.36215787385957954,-0.09913611462284029,-10.80058460313051,0.09713644020213363,0.6069565217391304,0.0706131517501049,2.544072344041828,0.0,-0.3188976377952756,0.5843639575971732,0.19381035996488147,0.0706131517501049,2.544072344041828,0.0,Auto Manufacturers,Consumer Cyclical,PEV
2022Q4,2022,Q4,2023-03-31,2022-12-31,-4528000.0,1751000.0,-4556000.0,-0.23,254000.0,0.1450599657,20443000.0,12282000.0,7721000.0,4789000.0,8161000.0,4560000.0,-28562000.0,20776000.0,24731000.0,0.6266326530612245,1.6122363750261015,0.20026414909749057,0.3333333333333333,-0.22396528693344173,0.6266326530612245,-0.368669597785377,11.86521987435751,-1.1470848056537104,1.6915811757042827,0.0,0.3282894736842105,0.0,0.08565279068629848,0.37941115055335145,-0.22149390989580786,-17.532489451476792,0.14505996573386637,-0.09523809523809533,0.4503520271910658,0.3500385505011565,0.20082127493156038,1.0991735537190082,-0.09530720851475569,-0.2227589908749329,0.4503520271910658,0.3500385505011565,0.20082127493156038,Auto Manufacturers,Consumer Cyclical,PEV
2022Q3,2022,Q3,2022-11-14,2022-09-30,-4134000.0,409000.0,-3726000.0,-0.21,121000.0,0.2958435208,20519000.0,16581000.0,11988000.0,3790000.0,3938000.0,5682000.0,-24034000.0,30872908.61,29728908.61,0.8432043228854685,3.163060686015831,0.00843121009795799,0.010433628852300826,-0.23393880189942104,0.8432043228854685,-0.2493215125746336,75.48388413202935,-1.8670118898161587,1.8619449134551596,0.0,0.050686378035902854,0.0,0.019932745260490277,0.749868073878628,-0.20147180661825626,-4.689793196111196,0.29584352078239606,-0.9090909090909091,-0.897093900989404,-0.26414589031168184,0.0,-0.6276923076923077,-1.1475324675324676,-0.8961832061068702,-0.897093900989404,-0.26414589031168184,0.0,Auto Manufacturers,Consumer Cyclical,PEV
2022Q2,2022,Q2,2022-08-15,2022-06-30,-1925000.0,1499000.0,-1965000.0,-0.11,325000.0,0.2168112075,24570000.0,19541000.0,16551000.0,4864000.0,5029000.0,3796000.0,-20104000.0,85247075.10000001,77658075.10000001,1.0865398008242044,3.402754934210526,0.007122507122507123,0.008955529399723657,-0.10029043361896801,1.0865398008242044,-0.09851082339696024,56.86929626417612,-11.071048714285714,4.362472498848575,0.0,0.30927291886195996,0.0,0.06100936100936101,1.8532072368421053,-0.07834757834757834,-14.981911265377857,0.21681120747164775,0.0833333333333333,0.08826413016856734,1.5017469425721113,0.0,1.7083333333333333,0.17097329888027563,0.3231140199793317,0.08826413016856734,1.5017469425721113,0.0,Auto Manufacturers,Consumer Cyclical,PEV
2022Q1,2022,Q1,2022-03-31,2022-03-31,-2322000.0,671000.0,-2903000.0,-0.12,120000.0,0.1788375559,12748000.0,7969000.0,4341000.0,4612000.0,4779000.0,2632000.0,-18179000.0,79575999.99999999,79687999.99999999,0.40658163265306124,0.9412402428447528,0.01396297458424851,0.02233655414732087,-0.3566346613731308,0.40658163265306124,-0.2913790939892082,118.59314456035766,-8.567614125753659,9.985694566444973,0.0,0.2093465045592705,0.0,0.0526357075619705,0.20121422376409367,-0.18214621901474742,-29.56017830609212,0.17883755588673622,0.7142857142857143,-0.2182581322140609,0.41860465116279066,0.0,1.2948402948402948,0.718135469774217,0.634428913235109,-0.2182581322140609,0.41860465116279066,0.0,Auto Manufacturers,Consumer Cyclical,PEV
2021Q4,2021,Q4,2021-12-31,2021-12-31,-8238000.0,1297000.0,-7941000.0,-0.42,-407000.0,-0.3138010794,15436000.0,10228000.0,6637000.0,4452000.0,5208000.0,2225000.0,-15857000.0,79575999.99999999,77658999.99999999,0.5218367346938776,1.4907906558849955,0.049624254988338945,0.07489245209229566,-0.7230051916089877,0.5218367346938776,-0.8054360578803285,61.35389360061679,-2.4149065307113373,7.7802111849824,0.0,0.7658426966292134,0.0,0.08402435864213527,0.8724168912848158,-0.5336874838040944,-24.22404870624048,-0.3138010794140324,-2.8181818181818183,0.0,0.0,0.0,-7.3061224489795915,-2.792817679558011,-2.6662049861495847,0.0,0.0,0.0,Auto Manufacturers,Consumer Cyclical,PEV
2021Q3,2021,Q3,2021-09-30,2021-09-30,-2172000.0,554000.0,-2166000.0,-0.11,-49000.0,-0.0884476534,,,,,,,,79575999.99999999,,,0.0,0.0,0.0,0.0,,0.0,143.63898916967506,-9.159300184162062,0.0,0.0,0.0,0.0,0.0,0.0,0.0,-22.01272475795297,-0.08844765342960288,0.0833333333333333,0.0,0.0,0.0,0.6918238993710691,0.0560625814863103,0.05867014341590613,0.0,0.0,0.0,Auto Manufacturers,Consumer Cyclical,PEV
2021Q2,2021,Q2,2021-06-30,2021-06-30,-2301000.0,653000.0,-2301000.0,-0.12,-159000.0,-0.2434915773,,,,,,,,79575999.99999999,,,0.0,0.0,0.0,0.0,,0.0,121.86217457886674,-8.645806171229898,0.0,0.0,0.0,0.0,0.0,0.0,0.0,-22.91275554275842,-0.2434915773353752,-0.23456790123456792,0.0,0.0,0.0,-4.0576923076923075,-0.20724029380902415,-0.2078740157480315,0.0,0.0,0.0,Auto Manufacturers,Consumer Cyclical,PEV
2021Q1,2021,Q1,2021-03-31,2021-03-31,-1906000.0,473000.0,-1905000.0,-0.0972,52000.0,0.1099365751,,,,,,,,79575999.99999999,,,0.0,0.0,0.0,0.0,,0.0,168.23678646934457,-10.437565582371457,0.0,0.0,0.0,0.0,0.0,0.0,0.0,-24.836454431960046,0.10993657505285412,0.0,0.0,0.0,0.0,0.0,0.0,0.0,0.0,0.0,0.0,Auto Manufacturers,Consumer Cyclical,PEV
