Quarters,Year,Quarter,FillingDate,Date,NetIncome,Revenue,OperatingIncome,EPSDiluted,GrossProfit,GrossProfitRatio,TotalAssets,CommonStockEquity,CurrentAssets,CurrentLiability,TotalLiability,Inventory,RetainedEarnings,MarketCap,EnterpriseValue,bookValuePerShare,currentRatio,debtToAssets,debtToEquity,roic,shareholdersEquityPerShare,roe,priceToSalesRatio,peRatio,pbRatio,payoutRatio,inventoryTurnover,dividendYield,assetTurnover,quickRatio,returnOnAssets,priceToFreeCashFlowsRatio,grossProfitMargin,epsdilutedGrowth,fiveYNetIncomeGrowthPerShare,fiveYRevenueGrowthPerShare,fiveYShareholdersEquityGrowthPerShare,grossProfitGrowth,netIncomeGrowth,operatingIncomeGrowth,threeYNetIncomeGrowthPerShare,threeYRevenueGrowthPerShare,threeYShareholdersEquityGrowthPerShare,Industry,Sector,Symbol
2023Q3,2023,Q3,2023-05-04,2023-03-26,323000.0,2970000.0,466000.0,0.02,2006000.0,0.6754208754,13490000.0,9670000.0,5756000.0,2036000.0,3820000.0,51000.0,1804000.0,20746933.2,18426933.2,0.6831990956620037,2.8271119842829076,0.11467753891771683,0.15997931747673216,0.026923253041874335,0.6831990956620037,0.03340227507755946,6.985499393939394,16.057997832817335,2.1454946432264737,0.0,18.901960784313726,0.0,0.22016308376575242,2.713163064833006,0.023943661971830985,51.481223821339945,0.6754208754208754,0.0,1.6929610521200593,0.17633397940266293,2.5306103387029864,0.003501750875437719,-0.07183908045977011,-0.05476673427991886,1.0764875250585595,0.17391059058045685,72.32519088406454,Restaurants,Consumer Cyclical,RAVE
2023Q2,2023,Q2,2023-02-02,2022-12-25,348000.0,2866000.0,493000.0,0.02,1999000.0,0.6974877879,13029000.0,9261000.0,5020000.0,1856000.0,3768000.0,0.0,1481000.0,22891400.0,21132400.0,0.5663873769188429,2.7047413793103448,0.12817560825850027,0.18032609869344562,0.02789981539326179,0.5663873769188429,0.03757693553611921,7.987229588276343,16.444971264367815,2.471806500377929,0.0,0.0,0.0,0.2199708342927316,2.625,0.02670964770895694,-53.609836065573774,0.6974877878576413,0.0,1.5290897996264148,-0.4009498588032168,1.490576497401558,0.10870770937326678,0.13355048859934854,0.20537897310513448,21.999432101138417,-0.06296534094261202,0.8376312728726515,Restaurants,Consumer Cyclical,RAVE
2023Q1,2023,Q1,2022-11-03,2022-09-25,307000.0,3005000.0,409000.0,0.02,1803000.0,0.6,17526000.0,12421000.0,9219000.0,3035000.0,5105000.0,0.0,1133000.0,22454863.200000003,16824863.200000003,0.7468133718133718,3.0375617792421745,0.10219103046901747,0.1441912889461396,0.01966470259257467,0.7468133718133718,0.024716206424603496,7.472500232945093,18.28571921824104,1.8078144432815395,0.0,0.0,0.0,0.17145954581764236,2.9907742998352553,0.017516832135113545,20.75310831792976,0.6,-0.9473684210526315,1.578587675848912,-0.8467613197889857,2.2015714237669677,-0.10476663356504469,-0.9547664653013114,-0.648323301805675,0.17650840330165218,-0.051012266850236215,1.3835543618450863,Restaurants,Consumer Cyclical,RAVE
2022Q4,2022,Q4,2022-09-23,2022-06-26,6787000.0,2823000.0,1163000.0,0.38,2014000.0,0.7134254339,18516000.0,13412000.0,10058000.0,2890000.0,5104000.0,0.0,826000.0,19574220.0,13792220.0,0.7468537699075621,3.4802768166089963,0.10482825664290343,0.14472114524306592,0.40822360527273927,0.7468537699075621,0.5060393677303907,6.933836344314559,0.7210188595844998,1.4594557113033104,0.0,0.0,0.0,0.15246273493195076,3.4173010380622837,0.366547850507669,25.487265625,0.7134254339355296,13.232209737827715,4.636112622191451,-0.8689179110874895,4.829466660516889,0.0522466039707419,12.766734279918865,1.2759295499021526,8.277237374914703,-0.1924984102691225,1.6822055552566575,Restaurants,Consumer Cyclical,RAVE
2022Q3,2022,Q3,2022-05-06,2022-03-27,493000.0,2620000.0,511000.0,0.0267,1914000.0,0.7305343511,11819000.0,7095000.0,9022000.0,2383000.0,4724000.0,0.0,-5961000.0,19625450.0,14477450.0,0.39405720633157454,3.7859840537138063,0.17674930197140198,0.2944326990838619,0.04529646608343426,0.39405720633157454,0.06948555320648343,7.490629770992366,9.952053752535498,2.766095842142354,0.0,0.0,0.0,0.22167696082578897,3.715904322282837,0.04171249682714274,40.38158436213992,0.7305343511450382,0.09876543209876555,1.1604404182664176,-0.8811952890249122,5.994718102009518,0.0010460251046025104,0.0787746170678337,0.05578512396694215,2.569062037055613,-0.2835483192307193,0.14296307864187058,Restaurants,Consumer Cyclical,RAVE
2022Q2,2022,Q2,2022-02-04,2021-12-26,457000.0,2696000.0,484000.0,0.0243,1912000.0,0.7091988131,12820000.0,6560000.0,9882000.0,3723000.0,6260000.0,0.0,-6454000.0,19805500.0,15399500.0,0.3643432379894474,2.654311039484287,0.2984399375975039,0.5832317073170732,0.038286022489585014,0.3643432379894474,0.06966463414634147,7.346253709198813,10.834518599562365,3.0191310975609755,0.0,0.0,0.0,0.21029641185647427,2.6218103679828095,0.03564742589703588,56.749283667621775,0.7091988130563798,0.2149999999999999,1.0368199164305043,-0.8836252237487664,3.7706240445737995,0.22016592214422465,0.6035087719298246,0.526813880126183,0.6488348543029234,-0.2896839675825367,0.03001630833595225,Restaurants,Consumer Cyclical,RAVE
2022Q1,2022,Q1,2021-11-04,2021-09-26,285000.0,2553000.0,317000.0,0.02,1567000.0,0.6137877007442225,12576000.0,6060000.0,9459000.0,3888000.0,6516000.0,0.0,-6911000.0,23766600.0,19855600.0,0.33657317411830046,2.4328703703703702,0.31528307888040713,0.6542904290429042,0.025530879520360275,0.33657317411830046,0.04702970297029703,9.309283196239718,20.847894736842107,3.9218811881188125,0.0,0.0,0.0,0.2030057251908397,2.3858024691358026,0.022662213740458015,-62.37952755905512,0.6137877007442225,-0.6,1.1194948946519607,-0.8963928350755743,-0.5659859712663866,-0.0894828588030215,-0.6922246220302376,-0.36088709677419356,1.2078435002622727,-0.2834672913642367,0.030097174912246605,Restaurants,Consumer Cyclical,RAVE
2021Q4,2021,Q4,2021-09-21,2021-06-27,926000.0,2368000.0,496000.0,0.05,1721000.0,0.7267736486486487,13345000.0,5733000.0,10373000.0,4531000.0,7612000.0,0.0,-7196000.0,25387050.0,21259050.0,0.31841155234657037,2.2893401015228427,0.31487448482577746,0.7329495900924472,0.041824858224060804,0.31841155234657037,0.1615210186638758,10.72088260135135,6.853955183585313,4.428231292517007,0.0,0.0,0.0,0.17744473585612588,2.2383579783712206,0.06938928437617085,16.017066246056782,0.7267736486486487,1.5,1.2526095243363793,-0.9066530880781465,-0.6226114357081675,0.16441136671177267,1.2259615384615385,1.6524064171122994,-0.6985394377764576,-0.08840819277895676,-0.011250997952227932,Restaurants,Consumer Cyclical,RAVE
2021Q3,2021,Q3,2021-05-06,2021-03-28,416000.0,2183000.0,187000.0,0.02,1478000.0,0.6770499312872195,12456000.0,4766000.0,8984000.0,2176000.0,7690000.0,0.0,-8122000.0,24827579.999999996,23684579.999999996,0.2649102328942249,4.1286764705882355,0.4290301862556198,1.1212757028955098,0.014102778859464591,0.2649102328942249,0.08728493495593789,11.373147045350434,14.920420673076922,5.209311791859001,0.0,0.0,0.0,0.17525690430314708,4.006893382352941,0.033397559409120106,-468.4449056603773,0.6770499312872195,1.0,1.209182884486507,-0.9115332211308701,-0.7437399855181775,0.021423635107118175,3.0784313725490198,-0.1461187214611872,1.7021396877300439,-0.31977621080709207,0.3689930402766239,Restaurants,Consumer Cyclical,RAVE
2021Q2,2021,Q2,2021-02-04,2020-12-27,102000.0,2128000.0,219000.0,0.01,1447000.0,0.6799812030075187,12779000.0,4312000.0,8748000.0,2253000.0,8467000.0,0.0,-8538000.0,16472160.0,16195160.0,0.24345076784101174,3.8828229027962715,0.47069410752015023,1.3949443413729128,0.015208416167844052,0.24345076784101174,0.02365491651205937,7.740676691729323,40.37294117647059,3.8200742115027833,0.0,0.0,0.0,0.16652320212849206,3.6471371504660453,0.007981845214805541,-55.090836120401335,0.6799812030075187,1.1381227282446014,1.0132658961605145,-0.9126924865290714,-0.7864804735348315,0.1322378716744914,0.34210526315789475,0.5103448275862069,1.143161760907037,-0.5893845111114124,0.07052661370676658,Restaurants,Consumer Cyclical,RAVE
2021Q1,2021,Q1,2020-11-12,2020-09-27,76000.0,1903000.0,145000.0,0.004677,1278000.0,0.6715712033631108,9532000.0,576000.0,4920000.0,2512000.0,8956000.0,0.0,-8640000.0,7107460.0,10335460.0,0.03727914050870494,1.9585987261146496,0.6466638690725975,10.70138888888889,0.013215045485179242,0.03727914050870494,0.13194444444444445,3.7348712559117185,23.379802631578947,12.339340277777778,0.0,0.0,0.0,0.1996433067561897,1.7643312101910829,0.007973143096936634,-209.04294117647058,0.6715712033631108,1.292647058823529,1.0985213509273015,-0.9054708320686907,-0.9762027069707344,0.2729083665338645,1.4516129032258065,2.717948717948718,1.1541815045606298,-0.8955398611788793,-0.8401851982571501,Restaurants,Consumer Cyclical,RAVE
2020Q4,2020,Q4,2020-09-28,2020-06-28,31000.0,1577000.0,39000.0,0.00204,1004000.0,0.6366518706404566,9705000.0,503000.0,4932000.0,2514000.0,9202000.0,0.0,-8716000.0,12165600.0,15505600.0,0.033076872492930884,1.9618138424821003,0.6500772797527048,12.542743538767395,0.003461406321575813,0.033076872492930884,0.061630218687872766,7.7143944197844005,98.10967741935485,24.186083499005967,0.0,0.0,0.0,0.16249356002060794,1.7820206841686554,0.0031942297784647087,27.64909090909091,0.6366518706404566,1.0068,1.037493501850768,-0.9167435001785367,-0.978613643576097,-0.4233199310740953,1.0068660022148395,-0.04878048780487805,1.0196126190223531,-0.9135273854927984,1.1696005102331135,Restaurants,Consumer Cyclical,RAVE
2020Q3,2020,Q3,2020-06-29,2020-03-29,-4515000.0,2705000.0,41000.0,-0.3,1741000.0,0.6436229205175601,8968000.0,141000.0,4012000.0,2603000.0,8827000.0,0.0,-8747000.0,12654214.600000001,16916214.6,0.009317385845503205,1.5412985017287746,0.6464094558429974,41.11347517730496,0.03582049869471856,0.009317385845503205,-32.02127659574468,4.678083031423291,-0.7006763344407532,89.74620283687943,0.0,0.0,0.0,0.30162801070472794,1.3657318478678449,-0.5034567350579839,-27.75047061403509,0.6436229205175601,-342.29692832764505,-4.6950934225307535,-0.8366362013498513,-0.9939778753097138,-0.07245604688332445,-323.5,-0.844106463878327,-0.7482064350526251,-0.8540622205479618,1.1180988825941773,Restaurants,Consumer Cyclical,RAVE
2020Q2,2020,Q2,2020-02-12,2019-12-29,14000.0,2830000.0,263000.0,0.000879,1877000.0,0.6632508833922262,12881000.0,4663000.0,4096000.0,2355000.0,8218000.0,6000.0,-4232000.0,26021880.0,29219880.0,0.3082160089893582,1.7392781316348196,0.4012887198198898,1.1085138322968047,0.027342937769196496,0.3082160089893582,0.0030023589963542783,9.195010600706714,464.6764285714286,5.580501822860819,0.0,158.83333333333334,0.0,0.21970343917397717,1.5146496815286625,0.0010868721372564241,-50.527922330097084,0.6632508833922262,-0.95605,1.0235002904842911,-0.8296561580829955,-0.7256362247162325,0.0005330490405117271,-0.9409282700421941,-0.4356223175965665,1.0013423863793458,-0.8546187798454117,3.0357074047022485,Restaurants,Consumer Cyclical,RAVE
2020Q1,2020,Q1,2019-11-13,2019-09-29,237000.0,2876000.0,466000.0,0.02,1876000.0,0.6522948539638387,13438000.0,4733000.0,4752000.0,2456000.0,8705000.0,6000.0,-4246000.0,38822420.0,41685420.0,0.3133192109095724,1.9348534201954397,0.3932132757850871,1.1164166490597929,0.025868756616978815,0.3133192109095724,0.05007394886963871,13.49875521557719,40.95191983122363,8.202497358968941,0.0,166.66666666666666,0.0,0.21401994344396488,1.6074918566775245,0.017636553058490847,337.5862608695652,0.6522948539638387,1.3851027811366383,1.5911581665005887,-0.8312215925438886,-0.7194893266679939,0.0671217292377702,1.2865779927448608,-0.5458089668615984,1.1184394772927284,-0.8608857873134748,-0.5959721586168256,Restaurants,Consumer Cyclical,RAVE
2019Q4,2019,Q4,2019-09-30,2019-06-30,-827000.0,3100000.0,1026000.0,-0.05193418739010299,1758000.0,0.5670967741935484,10426000.0,4434000.0,4470000.0,2378000.0,5992000.0,7000.0,-4483000.0,46975800.0,46295800.0,0.2784476262245667,1.87973086627418,0.151927872626127,0.3572395128552097,0.1322645571727594,0.2784476262245667,-0.18651330626973386,15.153483870967742,-14.200665054413543,10.594451962110961,0.0,191.71428571428572,0.0,0.2973335891041627,1.618166526492851,-0.07932092844811049,201.6128755364807,0.5670967741935484,-1.5967093695051497,-0.24754950143616974,-0.8427374220180418,-0.7596683249536057,-0.018425460636515914,-2.1444866920152093,9.058823529411764,0.7449148357740253,-0.861827725128317,-0.6699775836745332,Restaurants,Consumer Cyclical,RAVE
2019Q3,2019,Q3,2019-05-08,2019-03-24,-263000.0,3061000.0,102000.0,-0.02,1791000.0,0.5851029075465534,11082000.0,5196000.0,4863000.0,2238000.0,5886000.0,16000.0,-4038000.0,24565730.0,24214730.0,0.34476809767102384,2.1729222520107236,0.14266377910124525,0.3042725173210162,0.015584207352566984,0.34476809767102384,-0.05061585835257891,8.025393662201894,-23.35145437262357,4.727815627405696,0.0,79.375,0.0,0.2762136798411839,1.8123324396782843,-0.023732178307164772,-12282.865,0.5851029075465534,-2.0,0.6338911240674407,-0.8238875642462432,-0.6062616825841489,-0.15158692562766463,-2.1336206896551726,-0.7043478260869566,0.8421292039360577,-0.8519177371606049,-0.6664897511251517,Restaurants,Consumer Cyclical,RAVE
2019Q2,2019,Q2,2019-02-06,2018-12-23,232000.0,3177000.0,345000.0,0.02,2111000.0,0.6644633301857098,11450000.0,5331000.0,5164000.0,1991000.0,6119000.0,6000.0,-3775000.0,13413190.0,13081190.0,0.35372569836109086,2.5936715218483175,0.13746724890829695,0.29525417370099416,0.03210969609319996,0.35372569836109086,0.04351903957981617,4.22196726471514,14.453868534482758,2.5160739073344587,0.0,177.66666666666666,0.0,0.27746724890829694,2.1215469613259668,0.020262008733624454,-57.567339055793994,0.6644633301857098,1.0,1.3603584511064089,-0.8071192012691566,-0.5878448122218158,0.19875070982396364,1.1481481481481481,0.6586538461538461,1.0354609152289926,-0.8468127060141226,-0.6897633789270071,Restaurants,Consumer Cyclical,RAVE
2019Q1,2019,Q1,2018-11-06,2018-09-23,108000.0,2981000.0,208000.0,0.01,1761000.0,0.5907413619590741,11455000.0,4922000.0,5145000.0,2095000.0,6533000.0,6000.0,-4007000.0,20035120.0,19596120.0,0.3267392458842273,2.455847255369928,0.13679615888258403,0.3183665176757416,0.021910497024175284,0.3267392458842273,0.021942299878098336,6.720939282120094,46.37759259259259,4.070524177163755,0.0,203.33333333333334,0.0,0.26023570493234394,2.0553699284009546,0.009428197293758184,34.54331034482759,0.5907413619590741,-0.9414382759428437,1.1872038686220843,-0.8223973873699659,-0.5874060782015471,-0.08328995314940135,-0.9676356008390771,27.0,1.1436007826809085,-0.8481183493493255,-0.791424655387305,Restaurants,Consumer Cyclical,RAVE
2018Q4,2018,Q4,2018-09-24,2018-06-24,3337000.0,2822000.0,-8000.0,0.17076,1921000.0,0.6807228915662651,10986000.0,6299000.0,4739000.0,1980000.0,4687000.0,6000.0,-2493000.0,29731200.0,29907200.0,0.3220347648261759,2.3934343434343432,0.14218095758237756,0.247975869185585,0.09013363955483278,0.3220347648261759,0.5297666296237498,10.535506732813607,2.227389871141744,4.71998729957136,0.0,150.16666666666666,0.0,0.256872383032951,1.9803030303030302,0.3037502275623521,87.70265486725664,0.6807228915662651,6.692,3.092536525051863,-0.8894501718783211,-0.548970917610398,0.09583571021106674,7.782520325203252,0.8974358974358975,4.137799671787592,-0.8841707723746374,-0.791783510882649,Restaurants,Consumer Cyclical,RAVE
2018Q3,2018,Q3,2018-05-09,2018-03-25,-492000.0,2665000.0,-78000.0,-0.03,1753000.0,0.6577861163227017,7083000.0,2891000.0,4458000.0,1679000.0,4192000.0,13000.0,-5830000.0,18824400.0,19402400.0,0.19350736278447123,2.655151876116736,0.21982210927573062,0.5385679695607056,-0.017760312006258532,0.19350736278447123,-0.17018332756831547,7.063564727954972,-9.565243902439025,6.5113801452784505,0.0,70.15384615384616,0.0,0.3762530001411831,2.027992852888624,-0.06946209233375689,-13.275317348377998,0.6577861163227017,0.25000000000000006,0.2693617608897127,-0.8421967815028646,-0.7150017961548321,-0.2692788661942476,0.14731369150779897,-1.8297872340425532,0.3713880462199676,-0.8369727503321419,-0.8749299979093436,Restaurants,Consumer Cyclical,RAVE
2018Q2,2018,Q2,2018-02-06,2017-12-24,-577000.0,4197000.0,94000.0,-0.04,2399000.0,0.571598761019776,8195000.0,3262000.0,6057000.0,2420000.0,4933000.0,19000.0,-5338000.0,21372560.0,21403560.0,0.22741215839375348,2.502892561983471,0.17803538743136058,0.447271612507664,0.018643116065112524,0.22741215839375348,-0.1768853464132434,5.092342149154158,-9.260207972270365,6.551980380134887,0.0,94.63157894736842,0.0,0.5121415497254423,2.0586776859504132,-0.07040878584502745,-8.59716814159292,0.571598761019776,-0.3333333333333334,-1.9005261834216394,-0.7599779883824849,-0.6836442043504303,0.7086894586894587,-0.6207865168539326,-0.168141592920354,-0.02155311958787089,-0.7335480407126844,-0.7975651604635027,Restaurants,Consumer Cyclical,RAVE
2018Q1,2018,Q1,2017-11-08,2017-09-24,-356000.0,13157000.0,113000.0,-0.03,1404000.0,0.10671125636543285,12845000.0,2603000.0,8298000.0,6005000.0,10242000.0,91000.0,-4761000.0,19081890.0,18780890.0,0.23326462944708307,1.3818484596169858,0.28610354223433243,1.4118325009604302,0.018627247605147546,0.23326462944708307,-0.1367652708413369,1.45032226191381,-13.400203651685393,7.330729927007299,0.0,129.15384615384616,0.0,1.0242896068509149,1.1790174854288094,-0.02771506422732581,-13.456904090267983,0.10671125636543285,0.7118985883030827,-3.759367345362178,-0.02261244635257985,-0.6793688920229586,0.11163895486935867,0.6787003610108303,1.4956140350877194,-0.20206941765202488,0.04522329529231919,-0.7911611672939297,Restaurants,Consumer Cyclical,RAVE
2017Q4,2017,Q4,2017-09-25,2017-06-25,-1108000.0,12784000.0,-228000.0,-0.10413,1263000.0,0.0987953692115144,9546000.0,-2079000.0,5126000.0,6743000.0,11625000.0,79000.0,-4405000.0,21508682.0,24806682.0,-0.1950281425891182,0.7601957585644372,0.3927299392415671,-1.8032708032708034,-0.14178495598444543,-0.1950281425891182,0.532948532948533,1.6824688673341677,-4.853041967509026,-10.345686387686388,0.0,145.83544303797467,0.0,1.3391996647810602,0.6052202283849919,-0.11606955793002305,-7.597556340515719,0.0987953692115144,0.37594016504953287,-8.084475558587753,-0.04555125057465557,-1.2675211358369192,1.3216911764705883,0.4352701325178389,0.8572323105823418,-1.4968186638388123,-0.031219423041347307,-1.1683312615199966,Restaurants,Consumer Cyclical,RAVE
2017Q3,2017,Q3,2017-05-10,2017-03-26,-1962000.0,14081000.0,-1597000.0,-0.166859,544000.0,0.03863361977132306,11994000.0,-907000.0,6898000.0,7236000.0,12901000.0,132000.0,-3297000.0,24487170.119999997,25872170.119999997,-0.07889478410664139,0.953289110005528,0.3133233283308321,-4.143329658213892,-0.5615854874899787,-0.07889478410664139,2.1631753031973537,1.7390220950216602,-3.1201796788990825,-26.997982491730983,0.0,102.5530303030303,0.0,1.1740036685009172,0.7224986180210061,-0.16358179089544772,-17.088046140963012,0.03863361977132306,0.7567560869653952,-29.39809215068694,-0.004501657270653096,-1.1068483705823864,0.24770642201834864,0.7524290220820189,0.0816561242093157,-2.5804415424858167,0.0620458529343075,-1.0901008525930287,Restaurants,Consumer Cyclical,RAVE
2017Q2,2017,Q2,2017-02-08,2016-12-25,-7925000.0,14792000.0,-1739000.0,-0.685974,436000.0,0.029475392103839912,11029000.0,878000.0,4632000.0,6847000.0,10151000.0,199000.0,-1335000.0,25406876.04,25308876.04,0.0763722386390641,0.676500657222141,0.09067005168192946,1.1389521640091116,-0.9265682780079899,0.0763722386390641,-9.02619589977221,1.7176092509464576,-0.8014787394321766,28.93721644646925,0.0,72.14070351758794,0.0,1.3411914044791005,0.5611216591207828,-0.718560159579291,-111.92456405286343,0.029475392103839912,-4.285708781852225,-107.40728890351633,0.07605515350232886,-0.8953110886170581,-0.3961218836565097,-4.297459893048129,-0.28814814814814815,-15.137233101773344,0.17728538861574514,-0.9110123621123192,Restaurants,Consumer Cyclical,RAVE
2017Q1,2017,Q1,2016-11-09,2016-09-25,-1496000.0,15456000.0,-1350000.0,-0.129779,722000.0,0.046713250517598344,16937000.0,8758000.0,3999000.0,4661000.0,8179000.0,192000.0,6590000.0,34896967.53,34611967.53,0.7754891589573026,0.8579703926196095,0.0,0.0,-0.15561783785005537,0.7754891589573026,-0.17081525462434347,2.257826574145963,-5.831712488302139,3.984581814341174,0.0,76.73958333333333,0.0,0.912558304304186,0.7157262390045055,-0.08832733069610911,-21.40918253374233,0.046713250517598344,0.3636350263315321,-4.657369090603042,0.061012846310587045,0.08162088887473896,-0.042440318302387266,0.34067871308946673,-0.0037174721189591076,-2.4588661362064186,0.22827490918617885,-0.02074171549092495,Restaurants,Consumer Cyclical,RAVE
2016Q4,2016,Q4,2016-09-23,2016-06-26,-2269000.0,15702000.0,-1345000.0,-0.203938,754000.0,0.04801936059100752,18505000.0,9403000.0,4872000.0,5499000.0,9102000.0,197000.0,8086000.0,40343625.76,39239625.76,0.8437233728692014,0.8859792689579924,0.0,0.0,-0.1480261521064427,0.8437233728692014,-0.24130596618100605,2.569330388485543,-4.445088779197884,4.290505770498777,0.0,75.87817258883248,0.0,0.8485274250202648,0.7719585379159847,-0.12261550932180491,-59.06826612005856,0.04801936059100752,-0.8333318350578485,-5.016883867194079,-0.0012634999967575228,0.15992102108195305,0.3274647887323944,-0.8447154471544716,-0.02126044039483675,-1.4972029022762616,0.0795891961566218,0.18168539617535215,Restaurants,Consumer Cyclical,RAVE
2016Q3,2016,Q3,2016-05-11,2016-03-27,-1230000.0,15262000.0,-1317000.0,-0.111239,568000.0,0.03721661643297078,20036000.0,11503000.0,4940000.0,5479000.0,8533000.0,240000.0,10355000.0,54635475.08,53369475.08,1.0337556307014728,0.901624384011681,0.0,0.0,-0.11478099257374229,1.0337556307014728,-0.10692862731461358,3.5798371825448827,-11.104771357723576,4.749671831696079,0.0,61.225,0.0,0.7617288880015971,0.7672933016973901,-0.061389498901976446,-113.11692563146998,0.03721661643297078,0.7446808022291284,-3.161226851126858,0.10558888961478716,0.6531539225810471,-0.53556827473426,0.7453416149068323,-1.7961783439490446,-1.4524478009366828,0.2133538103806122,0.522518284190018,Restaurants,Consumer Cyclical,RAVE
2016Q2,2016,Q2,2016-02-10,2015-12-27,-4830000.0,15311000.0,-471000.0,-0.435686,1223000.0,0.07987721246162889,20967000.0,12686000.0,6155000.0,5491000.0,8281000.0,234000.0,11585000.0,65200176.6,63453176.6,1.1401803473029244,1.1209251502458568,0.0,0.0,-0.09319691656557731,1.1401803473029244,-0.38073466813810497,4.258387864933708,-3.374750341614907,5.139537805454832,0.0,60.205128205128204,0.0,0.7302427624362093,0.9477326534328901,-0.23036199742452426,-29.949552870923288,0.07987721246162889,-8.399913700107875,-10.898457185376545,0.14845251039143134,0.9909797431334739,-0.07837226827430294,-7.671454219030521,-0.9462809917355371,-30.30164980573074,0.1288462095208496,0.5861186292884113,Restaurants,Consumer Cyclical,RAVE
2016Q1,2016,Q1,2015-11-12,2015-09-27,-557000.0,14536000.0,-242000.0,-0.04635,1327000.0,0.0912905888827738,24919000.0,17477000.0,9365000.0,5013000.0,7442000.0,213000.0,16415000.0,91818118.45,87902118.45,1.566528615790863,1.8681428286455217,0.0,0.0,-0.009254910566998594,1.566528615790863,-0.031870458316644736,6.316601434369841,-41.21100469030521,5.253654428677691,0.0,62.014084507042256,0.0,0.5833299891648942,1.497307001795332,-0.022352421846783578,-32.54807460120525,0.0912905888827738,0.16666666666666666,-4.34462687698449,0.059039446752698746,1.981901022172144,0.27842003853564545,0.07933884297520662,0.12949640287769784,-6.448196874666722,0.08006916563822666,1.1532531826592645,Restaurants,Consumer Cyclical,RAVE
2015Q4,2015,Q4,2015-09-24,2015-06-28,-605000.0,13860000.0,-278000.0,-0.05562,1038000.0,0.0748917748917749,23971000.0,17210000.0,11692000.0,4671000.0,6761000.0,180000.0,16972000.0,147994260.4,142036260.4,1.5466343044746889,2.503104260329694,0.0,0.0,-0.013428433670252505,1.5466343044746889,-0.03515398024404416,10.677796565656566,-61.15465305785125,8.59931786170831,0.0,71.23333333333333,0.0,0.5781986567101914,2.1218154570755727,-0.025238830253222645,-41.45497490196079,0.0748917748917749,0.0,-9.887888118203188,-0.029469026498293555,1.8277883539927549,0.18088737201365188,-0.06140350877192982,-0.018315018315018316,-3.752033001814981,-0.008681857237272179,1.1215264646657126,Restaurants,Consumer Cyclical,RAVE
2015Q3,2015,Q3,2015-05-13,2015-03-29,-570000.0,11905000.0,-273000.0,-0.05562,879000.0,0.07383452330953381,24137000.0,16834000.0,14620000.0,5261000.0,7303000.0,133000.0,17577000.0,151780924.35,143188924.35,1.547192448627356,2.778939365139707,0.0,0.0,-0.010650687911215264,1.547192448627356,-0.033860045146726865,12.749342658546828,-66.57058085526316,9.016331492812165,0.0,82.90225563909775,0.0,0.4932261672950242,2.405246150921878,-0.023615196586154037,368.40030182038834,0.07383452330953381,-0.5,-2.2506449781343494,-0.07105063155178874,2.117446686305947,0.042704626334519574,-0.42857142857142855,0.2661290322580645,-9.71728060590568,-0.11069148252832448,1.0953855693394194,Restaurants,Consumer Cyclical,RAVE
2015Q2,2015,Q2,2015-02-11,2014-12-28,-399000.0,11127000.0,-372000.0,-0.03708,843000.0,0.07576166082502023,16172000.0,11383000.0,8545000.0,2680000.0,4789000.0,1444000.0,18147000.0,70929411.0,68740411.0,1.1233844871487795,3.1884328358208953,0.0,0.0,-0.022245107720765038,1.1233844871487795,-0.03505227093033471,6.374531410083581,-44.441986842105266,6.231170253887376,0.0,7.121883656509695,0.0,0.6880410586198368,2.0194029850746267,-0.024672273064556022,-221.654409375,0.07576166082502023,-0.3333333333333333,-1.8793147563559773,-0.08847607473983779,1.5001828743305827,-0.13715455475946775,-0.5,-1.8181818181818181,-7.078209772882507,-0.08163271762989982,0.5399037807428531,Restaurants,Consumer Cyclical,RAVE
2015Q1,2015,Q1,2014-11-12,2014-09-28,-266000.0,11306000.0,-132000.0,-0.02781,977000.0,0.08641429329559526,15571000.0,11195000.0,8780000.0,2718000.0,4376000.0,1861000.0,18545000.0,82086240.6,80133240.6,1.116960032885219,3.2303164091243564,0.0,0.0,-0.00794972462159984,1.116960032885219,-0.023760607414024117,7.260413992570316,-77.14872236842105,7.3324020187583745,0.0,5.550241805480924,0.0,0.7260933787168454,2.040103016924209,-0.017083038982724296,-64.53320801886792,0.08641429329559526,0.3356426182513139,-1.6266496925881258,-0.02516017995079188,1.7938322480439248,0.12947976878612716,0.27717391304347827,0.31958762886597936,-1.7327597044321215,-0.12546889741705564,0.55789064186439,Restaurants,Consumer Cyclical,RAVE
2014Q4,2014,Q4,2014-09-23,2014-06-29,-368000.0,10943000.0,-194000.0,-0.04186,865000.0,0.07904596545737001,15968000.0,10242000.0,9366000.0,3789000.0,5726000.0,1703000.0,18811000.0,55073200.00000001,53044200.00000001,1.1585972850678734,2.4718923198733176,0.04803356713426854,0.07488771724272603,-0.009830838766901601,1.1585972850678734,-0.03593048232767038,5.0327332541350644,-37.41385869565218,5.3771919546963485,0.0,5.91779213153259,0.0,0.6853081162324649,1.7257851675903932,-0.023046092184368736,125.45148063781323,0.07904596545737001,0.09687162891046387,-1.8870673521120087,-0.033246392528184496,2.0900989188900683,0.3007518796992481,0.18403547671840353,0.5827956989247312,-1.8213281154457626,-0.12250138606616046,0.59279852749444,Restaurants,Consumer Cyclical,RAVE
2014Q3,2014,Q3,2014-05-14,2014-03-30,-451000.0,10912000.0,-465000.0,-0.04635,665000.0,0.06094208211143695,14143000.0,8285000.0,7390000.0,4318000.0,5858000.0,1601000.0,19179000.0,57149187.44,57909187.44,0.8756274978106671,1.7114404817044928,0.07954465106413067,0.13578756789378393,-0.03623251717079503,0.8756274978106671,-0.05443572721786361,5.237278907624633,-31.679150465631928,6.897910372963186,0.0,6.400374765771393,0.0,0.7715477621438167,1.0444650301065308,-0.03188856678215372,-63.78257526785714,0.06094208211143695,0.0,-2.2138408420269235,-0.014388879799323531,1.5734644572204537,-0.10256410256410256,-0.13602015113350127,-0.12590799031476999,-1.9319484609409354,-0.07037737656888068,0.4002797080227494,Restaurants,Consumer Cyclical,RAVE
2014Q2,2014,Q2,2014-02-12,2013-12-29,-397000.0,10157000.0,-413000.0,-0.04635,741000.0,0.07295461258245545,14262000.0,7976000.0,7800000.0,4266000.0,6286000.0,1366000.0,19630000.0,75927895.0,76554895.0,0.8582342497444451,1.8284106891701828,0.1055952881783761,0.18881644934804412,-0.028714283444045387,0.8582342497444451,-0.04977432296890672,7.475425322437728,-47.81353589420655,9.519545511534604,0.0,6.89311859443631,0.0,0.7121722058617305,1.1947960618846696,-0.027836208105455056,-77.63588445807771,0.07295461258245545,-0.25,-3.9523240041268566,-0.08915226770636085,1.6781974795532815,0.06312769010043041,-0.13105413105413105,-0.24024024024024024,-1.9740533351465752,-0.08789089688677963,0.49864625376722826,Restaurants,Consumer Cyclical,RAVE
2014Q1,2014,Q1,2013-11-12,2013-09-29,-351000.0,10212000.0,-333000.0,-0.03708,697000.0,0.06825303564433999,14022000.0,7258000.0,7867000.0,4468000.0,6764000.0,1486000.0,20027000.0,71487990.6,72270990.6,0.791914831076536,1.7607430617726052,0.13236342889744687,0.2557178286029209,-0.02435813034891376,0.791914831076536,-0.04836042987048774,7.0003907755581665,-50.91737222222222,9.849544034169194,0.0,6.4030955585464335,0.0,0.7282841249465126,1.1230975828111012,-0.02503209242618742,-100.97173813559321,0.06825303564433999,0.5451948051948051,-2.2614032017954706,-0.05577003069571503,1.3980008532875607,-0.355822550831793,0.4935064935064935,-1.8706896551724137,-3.5656042305416134,-0.09433393521049911,0.5074168581773677,Restaurants,Consumer Cyclical,RAVE
2013Q4,2013,Q4,2013-09-26,2013-06-30,-693000.0,11093000.0,-116000.0,-0.08152941176470588,1082000.0,0.09753898855133868,12535000.0,6069000.0,7497000.0,4159000.0,6466000.0,1615000.0,20378000.0,48790000.0,50396000.0,0.714,1.8025967780716519,0.20143597925807738,0.41604877245015653,-0.008859552727367482,0.714,-0.11418685121107267,4.398269178761381,-17.601010101010104,8.03921568627451,0.0,6.1987616099071206,0.0,0.8849621061029118,1.128396249098341,-0.05528520143597926,-75.8786936236392,0.09753898855133868,-0.7589948600799541,-2.162297832970225,0.037176363727964234,1.030768022988506,0.517531556802244,-0.7769230769230769,0.08661417322834646,-14.327563025210083,0.016879491874570867,0.3054416799817394,Restaurants,Consumer Cyclical,RAVE
2013Q3,2013,Q3,2013-05-08,2013-03-24,-390000.0,9781000.0,-127000.0,-0.04635,713000.0,0.07289643185768327,12826000.0,5875000.0,7483000.0,4288000.0,6951000.0,1522000.0,21071000.0,32880324.599999998,34715324.599999994,0.6789774818707234,1.7451026119402986,0.2066115702479339,0.451063829787234,-0.013846905782389654,0.6789774818707234,-0.06638297872340425,3.3616526531029547,-21.077131153846153,5.596650995744681,0.0,5.957950065703022,0.0,0.7625916107905817,1.0429104477611941,-0.030406985810073287,148.10957027027027,0.07289643185768327,-2.4080882352941178,-1.5216346333398163,0.006850491181156335,0.7859898609521356,-0.35591689250225833,-2.25,-1.7608695652173914,-2.0760049790817883,-0.04029802394965292,0.36807551175170444,Restaurants,Consumer Cyclical,RAVE
2013Q2,2013,Q2,2013-02-06,2012-12-23,-120000.0,10548000.0,-46000.0,-0.0136,1107000.0,0.10494880546075085,13154000.0,6220000.0,7303000.0,3962000.0,6934000.0,1531000.0,21461000.0,29419237.8,31660237.8,0.7188493510188765,1.843260979303382,0.21096244488368557,0.44614147909967844,-0.002617567948491658,0.7188493510188765,-0.01929260450160772,2.7890820819112627,-61.29007874999999,4.729780996784566,0.0,6.166557805355977,0.0,0.8018853580659875,1.076728924785462,-0.009122700319294512,-26.79347704918033,0.10494880546075085,-0.4670981661272922,-1.167058710288147,0.04219763934853358,0.9075667591096961,-0.03318777292576419,-1.0689655172413792,-3.875,-1.3096909580024707,0.011896093137781486,0.5998572681047024,Restaurants,Consumer Cyclical,RAVE
2013Q1,2013,Q1,2012-11-07,2012-09-23,-58000.0,10438000.0,16000.0,-0.00927,1145000.0,0.10969534393561985,13113000.0,6295000.0,7935000.0,3888000.0,6818000.0,1780000.0,21581000.0,27775221.57,28918221.57,0.7275171486597793,2.040895061728395,0.175398459543964,0.3653693407466243,0.0009096197577872971,0.7275171486597793,-0.009213661636219221,2.660971600881395,-119.72078262931034,4.412267127879269,0.0,5.2207865168539325,0.0,0.7960039655303897,1.1486625514403292,-0.004423091588499962,3086.13573,0.10969534393561985,0.17964601769911495,-1.21307402056487,0.09532719249641539,0.9521478152437521,-0.09199048374306107,0.41414141414141414,-0.8699186991869918,-1.1582723871430658,0.04249873583060666,0.8197256939268905,Restaurants,Consumer Cyclical,RAVE
2012Q4,2012,Q4,2012-09-24,2012-06-24,-99000.0,10872000.0,123000.0,-0.0113,1261000.0,0.1159860191317145,12498000.0,6308000.0,7305000.0,4283000.0,6190000.0,1852000.0,21639000.0,26909949.869999997,28061949.869999997,0.7290195669175359,1.705580200793836,0.13938230116818692,0.2761572606214331,-0.015097604259094942,0.7290195669175359,-0.01569435637285986,2.4751609519867546,-67.95441886363636,4.266003467025998,0.0,5.189524838012959,0.0,0.8698991838694191,0.9617090824188653,-0.007921267402784446,1922.1392764285713,0.1159860191317145,-2.2189859762675295,-1.176664996537502,0.0910073405364343,0.9610375429923657,0.05877413937867338,-2.9038461538461537,-0.12142857142857143,-1.2438056337486203,-0.018729797501126532,0.9443706666804528,Restaurants,Consumer Cyclical,RAVE
2012Q3,2012,Q3,2012-05-09,2012-03-25,52000.0,10646000.0,140000.0,0.00927,1191000.0,0.11187300394514371,12760000.0,6389000.0,7473000.0,4417000.0,6371000.0,1689000.0,21738000.0,41792623.11,42959623.11,0.7383807883697109,1.6918723115236587,0.14584639498432603,0.2912818907497261,0.01114676173499703,0.7383807883697109,0.00813898888714979,3.9256643913206837,200.92607264423077,6.541340289560182,0.0,5.597986974541149,0.0,0.8343260188087774,1.0599954720398461,0.0040752351097178684,-145.61889585365853,0.11187300394514371,0.0,-0.8561827645496325,0.14391079246579613,1.5086247580628604,-0.01079734219269103,-0.07142857142857142,0.10236220472440945,-0.846958515603872,0.05149768501388336,1.170097124079513,Restaurants,Consumer Cyclical,RAVE
2012Q2,2012,Q2,2012-02-08,2011-12-25,56000.0,10336000.0,127000.0,0.00927,1204000.0,0.11648606811145511,11936000.0,6306000.0,7352000.0,4094000.0,5630000.0,1724000.0,21686000.0,46937392.41,47817392.41,0.7295160263889061,1.795798729848559,0.11637064343163539,0.22026641294005708,0.010652726091322583,0.7295160263889061,0.008880431335236283,4.541156386416408,209.5419304017857,7.443290899143672,0.0,5.296983758700696,0.0,0.8659517426273459,1.0850024425989253,0.004691689008042895,-45.088753515850144,0.11648606811145511,-0.75,-0.5338758524514473,0.05247858111152602,1.93968831531647,-0.16678200692041523,-0.8210862619808307,-0.7571701720841301,-0.552264312553296,-0.003463973948834985,1.2765206396158968,Restaurants,Consumer Cyclical,RAVE
2012Q1,2012,Q1,2011-11-09,2011-09-25,313000.0,11147000.0,523000.0,0.03708,1445000.0,0.12963129093029516,11160000.0,6196000.0,7650000.0,3927000.0,4964000.0,1884000.0,21630000.0,27654176.0,27516176.0,0.7169694732542383,1.948051948051948,0.06559139784946237,0.11814073595868302,0.04898710204936888,0.7169694732542383,0.05051646223369916,2.4808626536287792,22.088,4.463230471271789,0.0,5.149681528662421,0.0,0.9988351254480287,1.1594092182327476,0.028046594982078853,6913.544,0.12963129093029516,-0.27379553466509987,1.3733313852805726,0.1765336858930942,2.1887349987118214,-0.03602401601067378,-0.23095823095823095,0.021484375,0.1929408027214754,0.09308193942318391,1.171058478987663,Restaurants,Consumer Cyclical,RAVE
2011Q4,2011,Q4,2011-09-14,2011-06-26,407000.0,11328000.0,512000.0,0.05106,1499000.0,0.13232697740112995,11152000.0,5841000.0,7513000.0,4195000.0,5311000.0,1829000.0,21317000.0,21761300.0,21627300.0,0.7273972602739726,1.7909415971394518,0.07308106169296986,0.13953090224276665,0.06172456575682383,0.7273972602739726,0.0696798493408663,1.9210187146892654,13.36689189189189,3.725612052730697,0.0,5.373974849644615,0.0,1.0157819225251077,1.1036948748510131,0.03649569583931134,66.14376899696049,0.13232697740112995,-0.08198489751887812,1.1161362488496684,0.16126203965747662,1.0981020064280587,-0.016404199475065617,-0.07918552036199095,-0.3005464480874317,-0.2774265779732041,0.12114095838700761,1.06887268371685,Restaurants,Consumer Cyclical,RAVE
2011Q3,2011,Q3,2011-05-10,2011-03-27,442000.0,10721000.0,732000.0,0.05562,1524000.0,0.14215091875757857,10077000.0,5404000.0,6768000.0,3691000.0,4673000.0,1707000.0,20910000.0,17543117.9,17738117.9,0.6253232784806172,1.833649417502032,0.08921305944229434,0.16635825314581792,0.07595338366098522,0.6253232784806172,0.08179126572908957,1.6363322357988992,9.922577997737555,3.2463208549222795,0.0,5.387814879906268,0.0,1.0639079090999306,1.1015984827959902,0.04386226059343058,41.37527806603773,0.14215091875757857,0.2,2.1726527826601822,0.056414519581456,-0.12747952050359923,-0.009102730819245773,0.1662269129287599,0.1712,-0.4080761541715849,0.1049910969925754,0.6448572522709564,Restaurants,Consumer Cyclical,RAVE
2011Q2,2011,Q2,2011-02-09,2010-12-26,379000.0,10355000.0,625000.0,0.04635,1538000.0,0.1485272815065186,9431000.0,4949000.0,6254000.0,3511000.0,4482000.0,1883000.0,20468000.0,16333247.7,16952247.7,0.5726730024427413,1.78125890059812,0.10020146325946347,0.19094766619519093,0.06882994405837561,0.5726730024427413,0.07658112750050515,1.577329570255915,10.773910092348284,3.3003127298444133,0.0,4.682421667551779,0.0,1.0979747640759199,0.9470236399886073,0.04018661859823985,-20.189428553770085,0.1485272815065186,1.5,1.7956887578840566,0.024510060920330458,-0.23248831172064174,0.09466192170818505,1.937984496124031,1.6483050847457628,-0.4717143138061995,0.024405314199004387,0.5196674821378996,Restaurants,Consumer Cyclical,RAVE
2011Q1,2011,Q1,2010-11-09,2010-09-26,129000.0,10632000.0,236000.0,0.01854,1405000.0,0.1321482317531979,8604000.0,4540000.0,6137000.0,3259000.0,4064000.0,1565000.0,20089000.0,16246828.399999999,16056828.399999999,0.5253456114548486,1.8830929733046946,0.0700836820083682,0.13281938325991188,0.031268551291471006,0.5253456114548486,0.02841409691629956,1.5281065086531225,31.486101550387595,3.578596563876652,0.0,5.8958466453674125,0.0,1.2357043235704324,1.0668916845658178,0.01499302649930265,-67.41422572614107,0.1321482317531979,1.9711538461538465,1.3321789548758443,0.05580715552658891,-0.33359548607717043,-0.042915531335149866,1.6326530612244898,-0.4129353233830846,-0.5255024514199953,0.11707748991593446,0.409660637606594,Restaurants,Consumer Cyclical,RAVE
2010Q4,2010,Q4,2010-09-16,2010-06-27,49000.0,10280000.0,402000.0,0.00624,1468000.0,0.14280155642023346,8458000.0,4381000.0,6111000.0,3489000.0,4077000.0,1489000.0,19960000.0,14978700.0,14547700.0,0.5469413233458177,1.7515047291487533,0.039016315913927645,0.07532526820360648,0.04614904760460755,0.5469413233458177,0.011184661036293083,1.4570719844357978,76.4219387755102,3.4190139237616988,0.0,5.918065815983882,0.0,1.2154173563490187,1.0384064201777012,0.005793331756916529,82.30054945054945,0.14280155642023346,-0.8653721682847896,1.5511079900124847,-0.053609356790454914,-0.38034606416356387,-0.0160857908847185,-0.8646408839779005,-0.3399014778325123,-0.9055436024118787,0.11437491444386073,0.47125333470836855,Restaurants,Consumer Cyclical,RAVE
2010Q3,2010,Q3,2010-05-10,2010-03-28,362000.0,10179000.0,609000.0,0.04635,1492000.0,0.146576284507319,8722000.0,4289000.0,6343000.0,3829000.0,4433000.0,1563000.0,19911000.0,18148053.0,17899053.0,0.49630117346472374,1.6565682945938887,0.03783535886264618,0.07694101189088366,0.09046087140259285,0.49630117346472374,0.08440195849848449,1.7828915414087827,12.533185773480664,4.231301702028445,0.0,5.557901471529111,0.0,1.1670488420087135,1.0005223295899712,0.04150424214629672,21.83881227436823,0.146576284507319,0.0,23.795019272315326,-0.04340237999515289,-0.4015579445814581,-0.018421052631578946,-0.06459948320413436,-0.0730593607305936,0.0024389169631982783,0.09509694017766086,0.6861671251742564,Restaurants,Consumer Cyclical,RAVE
2010Q2,2010,Q2,2010-02-09,2009-12-27,387000.0,10411000.0,657000.0,0.04635,1520000.0,0.14599942368648544,8410000.0,3883000.0,5979000.0,3468000.0,4527000.0,1686000.0,19549000.0,13740668.700000001,14322668.700000001,0.4493209271540038,1.7240484429065743,0.07835909631391201,0.16971413855266546,0.09598476237289176,0.4493209271540038,0.09966520731393252,1.3198221784650852,8.876400968992249,3.538673371104816,0.0,5.273428232502965,0.0,1.2379310344827585,0.9362745098039216,0.0460166468489893,101.78273111111112,0.14599942368648544,0.0,8.570780995884565,-0.04875127975565907,-0.4542573253660134,0.07268877911079746,0.05737704918032787,0.0512,2.2220548199911727,0.060380169409442935,0.8106024153027083,Restaurants,Consumer Cyclical,RAVE
2010Q1,2010,Q1,2009-11-05,2009-09-27,366000.0,10000000.0,625000.0,0.04635,1417000.0,0.1417,7709000.0,3455000.0,5311000.0,3196000.0,4254000.0,1359000.0,19162000.0,14518442.4,15072442.4,0.39979495321068326,1.661764705882353,0.0836684394863147,0.18668596237337193,0.10104387050417149,0.39979495321068326,0.10593342981186686,1.45184424,9.916968852459016,4.202154095513748,0.0,6.315673289183223,0.0,1.2971851083149566,0.8876720901126408,0.04747697496432741,-39.23903351351351,0.1417,-0.007069408740359833,0.6245399203284695,-0.12279967152180962,-0.5123717950208673,-0.019377162629757784,-0.041884816753926704,1.3408239700374531,1.4365472428520434,0.05547114550380747,0.7780954519931154,Restaurants,Consumer Cyclical,RAVE
2009Q4,2009,Q4,2009-09-23,2009-06-28,382000.0,10423000.0,267000.0,0.04668,1445000.0,0.1386357094886309,7062000.0,3052000.0,5152000.0,2947000.0,4010000.0,1371000.0,18796000.0,15466000.0,15813000.0,0.37493857493857496,1.7482185273159145,0.08793542905692438,0.20347313237221495,0.059641629883938625,0.37493857493857496,0.1251638269986894,1.4838338290319486,10.1217277486911,5.067496723460025,0.0,6.548504741064916,0.0,1.4759274992919853,0.9884628435697319,0.0540923251203625,44.570605187319885,0.1386357094886309,0.007119741100323559,-0.15794517922177495,-0.15985967814287316,-0.5647151108892533,0.009783368273934312,0.05817174515235457,-0.563011456628478,1.1075295648921526,0.05404916241093725,0.08147145903410152,Restaurants,Consumer Cyclical,RAVE
2009Q3,2009,Q3,2009-05-13,2009-03-29,361000.0,10757000.0,611000.0,0.04635,1431000.0,0.13302965510830156,7129000.0,3128000.0,5336000.0,3020000.0,4001000.0,1267000.0,18414000.0,9193175.0,9381175.0,0.3402524155147705,1.7668874172185431,0.07392341141815122,0.16847826086956522,0.11003836817790308,0.3402524155147705,0.11540920716112532,0.8546225713488891,6.366464681440443,2.938994565217391,0.0,7.36069455406472,0.0,1.5089072801234396,0.9596026490066225,0.05063823818207322,7.3604283426741395,0.13302965510830156,1.5,-0.30801297730035515,-0.1311655788633543,-0.49252444394219314,-0.0006983240223463687,1.6544117647058822,0.11904761904761904,1.9003255766162641,-0.003596025860499771,-0.5252420452728144,Restaurants,Consumer Cyclical,RAVE
2009Q2,2009,Q2,2009-02-11,2008-12-28,136000.0,11278000.0,546000.0,0.01854,1432000.0,0.12697286752970385,7458000.0,3012000.0,5702000.0,3013000.0,4446000.0,1315000.0,18053000.0,15508709.7,16350709.7,0.3204521908099163,1.892465980750083,0.13301153124161974,0.3293492695883134,0.09856996935648621,0.3204521908099163,0.0451527224435591,1.3751294289767688,28.508657536764705,5.148974003984064,0.0,7.487452471482889,0.0,1.5122016626441406,1.0856289412545637,0.018235451863770447,-281.97654,0.12697286752970385,-0.3333333333333333,-0.7182852543431031,-0.11735539711193865,-0.47944865456286495,0.1419457735247209,-0.5358361774744027,0.06019417475728155,1.2625197259082064,0.025928834936441936,-0.5705213953997608,Restaurants,Consumer Cyclical,RAVE
2009Q1,2009,Q1,2008-11-12,2008-09-28,293000.0,11388000.0,515000.0,0.02781,1254000.0,0.1101159114857745,7051000.0,3187000.0,5650000.0,3398000.0,3864000.0,1416000.0,17917000.0,23933411.12,24081411.12,0.3302395951989981,1.6627427898763978,0.042688980286484185,0.09444618763727644,0.10038963466904992,0.3302395951989981,0.09193598995920929,2.1016342746750967,20.42099924914676,7.509699127706307,0.0,7.156779661016949,0.0,1.6150900581477805,0.8781636256621542,0.0415543894483052,-22.30513617893756,0.1101159114857745,-0.6035356807407407,-0.34632334911901336,-0.16722059445568527,-0.40817432177492263,-0.3128767123287671,-0.598079561042524,-0.5575601374570447,1.6756283246413888,0.012686255263538566,-0.5810888068385915,Restaurants,Consumer Cyclical,RAVE
2008Q4,2008,Q4,2008-06-30,2008-06-30,729000.0,13077000.0,1164000.0,0.07014502604410727,1825000.0,0.13955800259998472,7835000.0,3654000.0,6695000.0,3696000.0,4181000.0,1396000.0,17624000.0,25774029.919999998,24617029.919999998,0.3515911181963895,1.811417748917749,0.0,0.0,0.2766304458248138,0.3515911181963895,0.19950738916256158,1.97094363539038,8.838830562414266,7.053648035030104,0.0,8.060171919770774,0.0,1.6690491384811743,1.1385281385281385,0.09304403318442885,21.31846974358974,0.13955800259998472,-0.1592248972886254,0.3518370919611478,-0.09962997930994161,-0.34584674513488467,0.22401073105298458,-0.18819599109131402,0.6033057851239669,7.319315292723593,-0.07212961070313743,-0.6016669231302977,Restaurants,Consumer Cyclical,RAVE
2008Q3,2008,Q3,2008-03-31,2008-03-31,898000.0,11668000.0,726000.0,0.083429,1491000.0,0.12778539595474803,7953000.0,3951000.0,7162000.0,3494000.0,4002000.0,1385000.0,16894000.0,27021160.400000002,26008160.400000002,0.38016872139954433,2.0497996565540926,0.0,0.0,0.23857167428065626,0.38016872139954433,0.22728423184004048,2.315834796023312,7.522594766146994,6.839068691470514,0.0,7.348014440433213,0.0,1.4671193260404878,1.1694333142530051,0.11291336602539923,31.202263741339493,0.12778539595474803,0.12500168556749686,1.4936566350059963,-0.14194048849017704,-0.21422919732619208,0.02193283070596299,-0.003329633740288568,0.16346153846153846,48.02056318277138,-0.08819766763312624,-0.5415909467795097,Restaurants,Consumer Cyclical,RAVE
2008Q2,2008,Q2,2007-12-31,2007-12-31,901000.0,12695000.0,624000.0,0.074159,1459000.0,0.11492713666797952,8130000.0,4090000.0,7217000.0,3538000.0,4040000.0,1351000.0,15996000.0,32560152.0,31380152.0,0.37684099263418674,2.0398530243075186,0.0,0.0,0.15256723716381418,0.37684099263418674,0.22029339853300733,2.564801260338716,9.034448390677026,7.9609173594132026,0.0,8.316802368615841,0.0,1.5615006150061501,1.355568117580554,0.11082410824108241,52.60121486268174,0.11492713666797952,1.6666307083782812,-0.5239263855402149,-0.1630695237586838,-0.1560825251379064,0.05266955266955267,1.6115942028985508,0.45794392523364486,16.742171781016257,-0.07640851670010317,-0.5422910467701884,Restaurants,Consumer Cyclical,RAVE
2008Q1,2008,Q1,2007-09-30,2007-09-30,345000.0,12078000.0,428000.0,0.02781,1386000.0,0.11475409836065574,7849000.0,4087000.0,6780000.0,3238000.0,3762000.0,1334000.0,15144000.0,26758633.32,25438633.32,0.3726752364645804,2.093885114268067,0.0,0.0,0.10472229018840225,0.3726752364645804,0.08441399559579153,2.2154854545454548,19.390313999999996,6.54725552238806,0.0,8.014992503748125,0.0,1.5387947509236846,1.3591723285979,0.043954643903682,-51.06609412213741,0.11475409836065574,-0.5718903940886699,0.12651761410498064,-0.22207620424442728,0.366074695574479,-0.6337209302325582,-0.4756838905775076,-0.3505311077389985,0.20671591270468095,-0.16510770500961597,-0.5454495982553561,Restaurants,Consumer Cyclical,RAVE
2007Q4,2007,Q4,2007-09-21,2007-06-24,658000.0,11701000.0,659000.0,0.06496,3784000.0,0.32339116314844885,8194000.0,3777000.0,7080000.0,3887000.0,4417000.0,1518000.0,14799000.0,32207200.0,30328200.0,0.371751968503937,1.8214561358374068,0.0,0.0,0.17447709822610538,0.371751968503937,0.17421233783426,2.7525168788992396,12.236778115501519,8.52719089224252,0.0,5.215415019762846,0.0,1.4279960947034416,1.1842037561101106,0.08030266048328046,45.74886363636364,0.32339116314844885,0.4015102481121899,2.308280365556715,-0.3585520608368201,0.2768264947591691,1.7380607814761215,0.43982494529540483,0.4357298474945534,0.1620734908136484,-0.24436377911915572,-0.5684146012091497,Restaurants,Consumer Cyclical,RAVE
2007Q3,2007,Q3,2007-05-08,2007-03-25,457000.0,11763000.0,459000.0,0.04635,1382000.0,0.11748703562016492,7912000.0,3219000.0,6550000.0,4083000.0,4693000.0,1580000.0,14141000.0,26028746.24,24913746.24,0.29433688159080534,1.6042125887827579,0.0,0.0,0.14259086672879775,0.29433688159080534,0.1419695557626592,2.212764281220777,14.238920262582058,8.085972736874806,0.0,6.570253164556962,0.0,1.4867290192113245,0.97060984570169,0.05776036400404449,31.665141411192213,0.11748703562016492,2.33453237410072,-0.05148782440385963,-0.23655307814520615,0.7077880754170077,-0.06114130434782609,2.0065789473684212,0.44339622641509435,-0.26362983681911584,-0.20135609480852323,-0.561005988957834,Restaurants,Consumer Cyclical,RAVE
2007Q2,2007,Q2,2007-02-07,2006-12-24,152000.0,12425000.0,318000.0,0.0139,1472000.0,0.11847082494969818,8460000.0,2714000.0,6796000.0,5092000.0,5746000.0,1560000.0,13684000.0,,,,,,,,,,,,,,,,,,,,,,,,,,,,,,,Restaurants,Consumer Cyclical,RAVE
2007Q1,2007,Q1,2006-11-08,2006-09-24,-1061000.0,11990000.0,-451000.0,-0.092699,1812000.0,0.15112593828190157,18258000.0,2459000.0,16651000.0,15372000.0,15799000.0,1710000.0,13532000.0,,,,,,,,,,,,,,,,,,,,,,,,,,,,,,,Restaurants,Consumer Cyclical,RAVE
