Quarters,Year,Quarter,FillingDate,Date,NetIncome,Revenue,OperatingIncome,EPSDiluted,GrossProfit,GrossProfitRatio,TotalAssets,CommonStockEquity,CurrentAssets,CurrentLiability,TotalLiability,Inventory,RetainedEarnings,MarketCap,EnterpriseValue,bookValuePerShare,currentRatio,debtToAssets,debtToEquity,roic,shareholdersEquityPerShare,roe,priceToSalesRatio,peRatio,pbRatio,payoutRatio,inventoryTurnover,dividendYield,assetTurnover,quickRatio,returnOnAssets,priceToFreeCashFlowsRatio,grossProfitMargin,epsdilutedGrowth,fiveYNetIncomeGrowthPerShare,fiveYRevenueGrowthPerShare,fiveYShareholdersEquityGrowthPerShare,grossProfitGrowth,netIncomeGrowth,operatingIncomeGrowth,threeYNetIncomeGrowthPerShare,threeYRevenueGrowthPerShare,threeYShareholdersEquityGrowthPerShare,Industry,Sector,Symbol
2023Q1,2023,Q1,2023-04-27,2023-03-31,7963000.0,363625000.0,17674000.0,0.24,81130000.0,0.2231144723,1268746000.0,680318000.0,711499000.0,306872000.0,588428000.0,218463000.0,598620000.0,2004856440.0,2100613440.0,20.502621903441625,2.318553012330874,0.2068081396906867,0.3856828718334661,0.012403588841170233,20.502621903441625,0.0117048203928163,5.513527507734617,62.94287454476956,2.946940166216387,0.0,1.2931022644566814,0.0,0.2866018887941322,1.379549127975182,0.006276275944909383,106.55628169014085,0.22311447232726023,2.846153846153846,-0.3195213209200683,0.5384390704632476,0.23482982482035286,0.16218771487508596,2.8936979785969084,0.7033538936006168,-0.33920239020502185,0.5671300088750157,0.42499849672758266,Auto Parts,Consumer Cyclical,THRM
2022Q4,2022,Q4,2023-02-24,2022-12-31,-4205000.0,343322000.0,10376000.0,-0.13,69808000.0,0.2033309837,1239300000.0,672273000.0,683867000.0,285625000.0,567027000.0,218248000.0,590657000.0,2166713940.0,2275599940.0,20.257729162900016,2.394282713347921,0.21203663358347455,0.39087840802769114,0.010633532468348425,20.257729162900016,-0.006254899423299761,6.311025626088628,-128.81771343638528,3.2229673659361606,0.0,1.2532256882079102,0.0,0.27702896796578713,1.4040157549234136,-0.003393044460582587,-178.75702829799522,0.20333098374121086,-1.4482758620689655,0.11184515873016428,0.4780043166107686,0.3438611356236894,-0.1312226204699323,-1.4279027170041723,-0.6665595475287615,-1.3955962203907408,0.46562749592358565,0.3988612385882381,Auto Parts,Consumer Cyclical,THRM
2022Q3,2022,Q3,2022-11-03,2022-09-30,9827000.0,332962000.0,31118000.0,0.29,80352000.0,0.2413248359,1241333000.0,624089000.0,705972000.0,320224000.0,617244000.0,233895000.0,594862000.0,1649146260.0,1774984260.0,18.81940172486581,2.2046192665134408,0.21348099180477761,0.42462052687998025,0.0213254711272593,18.81940172486581,0.015746151590558397,4.952956373399967,41.954468810420266,2.6424857031609275,0.0,1.0800145364372902,0.0,0.2682293953354982,1.2108180523633456,0.007916489773493494,259.54457979225685,0.241324835867156,0.38095238095238093,0.6612561314623138,0.5641389995457494,0.2553670685179321,0.35325125890496323,0.38956447963800905,39.18159509202454,-0.3874687233729643,0.3735083848527335,0.368511764449113,Auto Parts,Consumer Cyclical,THRM
2022Q2,2022,Q2,2022-08-02,2022-06-30,7072000.0,260715000.0,-815000.0,0.21,59377000.0,0.2277467733,947046000.0,643195000.0,592726000.0,239218000.0,303851000.0,187784000.0,585035000.0,2066956790.0,1971295790.0,19.420725263443945,2.477765051124915,0.06504119124097457,0.09576722455864863,-0.0007194510599097904,19.420725263443945,0.010995110347561782,7.92803172046104,73.06832543834841,3.2135772044247854,0.0,1.0721786733694032,0.0,0.27529285800267356,1.524224765694889,0.007467430304335798,-161.59462043624424,0.22774677329651152,-0.39999999999999997,-0.07751629539669196,0.18955296914608002,0.34011050009321003,-0.07386957403334737,-0.3979739507959479,-1.0574348132487668,1.5956952495714292,0.08188112121456477,0.3958198884863748,Auto Parts,Consumer Cyclical,THRM
2022Q1,2022,Q1,2022-05-04,2022-03-31,11747000.0,267657000.0,14190000.0,0.35,64113000.0,0.2395341799,967113000.0,655787000.0,602470000.0,243700000.0,311326000.0,176168000.0,577963000.0,2412876400.0,2299607400.0,19.851278946571817,2.47217890849405,0.0668463767936115,0.09858078918917271,0.013922531440755462,19.851278946571817,0.017912828403124796,9.01480775768988,51.350906614454765,3.6793599141184568,0.0,1.1553971209300213,0.0,0.2767587655217126,1.6976897825194912,0.01214646065144404,-360.50745555057523,0.2395341799392506,-0.4166666666666667,-0.48737110055236876,0.19030387621707398,0.4619219260455013,-0.04823194085686292,-0.4140562649640862,-0.38520861314501104,0.41886246656805876,0.05464850478704127,0.3928633130539713,Auto Parts,Consumer Cyclical,THRM
2021Q4,2021,Q4,2022-02-17,2021-12-31,20048000.0,248226000.0,23081000.0,0.6,67362000.0,0.2713736675,935343000.0,653806000.0,565845000.0,213089000.0,281537000.0,159477000.0,566216000.0,2878041100.0,2751643100.0,19.741115371840937,2.6554397458339003,0.06864647514334314,0.09820650162280554,0.02765307595750043,19.741115371840937,0.030663530160322788,11.594438535850394,35.88937923982443,4.401980251022475,0.0,1.134107112624391,0.0,0.265384997802945,1.8645120114130715,0.02143384833157462,168.43454673143324,0.2713736675448986,0.2765957446808511,-0.1510328604507874,0.15700418617452483,0.5656798423187669,-0.029184141121535733,0.2780823664414127,0.11480873261205564,0.6560959564823254,0.020921581022784987,0.4218817992375973,Auto Parts,Consumer Cyclical,THRM
2021Q3,2021,Q3,2021-10-29,2021-09-30,15686000.0,243384000.0,20704000.0,0.47,69387000.0,0.285092693028301,943978000.0,655480000.0,573703000.0,215353000.0,288498000.0,154296000.0,546168000.0,2685095540.0,2556270540.0,19.756465127494124,2.664012110349055,0.07019337315064546,0.10108775248672729,0.021354214928720944,19.756465127494124,0.023930554708000245,11.032342060283339,42.79445907178376,4.0963805760663945,0.0,1.1276831544563697,0.0,0.25782804260268777,1.897716771997604,0.016616912682287086,125.05684597829631,0.285092693028301,-0.3648648648648649,-0.14722288105562573,0.1502825954115442,0.6190382204460052,-0.12404529559541995,-0.3672703803799766,-0.34629957059863603,49.08271423707718,0.02282109308743383,0.29612974420937577,Auto Parts,Consumer Cyclical,THRM
2021Q2,2021,Q2,2021-07-30,2021-06-30,24791000.0,266005000.0,31672000.0,0.74,79213000.0,0.29778763557075993,933873000.0,645210000.0,559002000.0,207142000.0,288663000.0,138246000.0,530482000.0,2351755000.0,2240507000.0,19.49274924471299,2.698641511620048,0.08096925384929214,0.11719440182266239,0.034365950785706444,19.49274924471299,0.03842314905224656,8.841018025976956,23.715814206768584,3.6449450566482233,0.0,1.3511566338266567,0.0,0.28484065820513066,1.9626777765976962,0.02654643618564837,81.83148335015136,0.29778763557075993,-0.25252525252525254,0.4796740285107541,0.2584335895268253,0.688534793723287,-0.09645370655533883,-0.24668023944817527,-0.22275393261184323,0.6420393737614772,0.11272547756350426,0.2098950091679371,Auto Parts,Consumer Cyclical,THRM
2021Q1,2021,Q1,2021-04-30,2021-03-31,32909000.0,288535000.0,40749000.0,0.99,87669000.0,0.3038418216160951,932454000.0,612758000.0,564469000.0,222750000.0,319696000.0,132057000.0,505691000.0,2441625836.7,2361011836.7,18.59887567432375,2.5340920314253648,0.09688520827837084,0.1474334076421687,0.045286561919816,18.59887567432375,0.05370635715894366,8.462147873568197,18.548313810051962,3.984649464715271,0.0,1.5210553018772197,0.0,0.30943617594004635,1.874334455667789,0.03529289380494909,82.06042336156483,0.3038418216160951,-0.029411764705882377,2.0535779320474887,0.47606645696556055,0.6601466756312433,-0.054241237580504226,-0.03188891830671021,-0.027632615076240246,1.8323880449225876,0.2294909279497547,0.12017119073563512,Auto Parts,Consumer Cyclical,THRM
2020Q4,2020,Q4,2021-03-01,2020-12-31,33993000.0,288884000.0,41907000.0,1.02,92697000.0,0.3208796610404176,1022839000.0,586331000.0,643606000.0,205984000.0,436508000.0,122401000.0,472782000.0,2136933300.0,2091287300.0,17.89504043949336,3.1245436538760294,0.21772634793941179,0.3798178844372888,0.04175940504800023,17.89504043949336,0.05797578500880902,7.397201991110618,15.715980495984466,3.644585225751325,0.0,1.6028218723703238,0.0,0.2824335012646174,2.4746145331676246,0.03323396937347911,67.2245281238203,0.3208796610404176,0.3972602739726028,0.324324767911602,0.5064611314254728,0.6889625745604873,0.12217178136916651,0.4078108175267125,0.088323897574404,8.272051035978,0.25962796563852397,0.18712463641244143,Auto Parts,Consumer Cyclical,THRM
2020Q3,2020,Q3,2020-10-30,2020-09-30,24146000.0,259540000.0,38506000.0,0.73,82605000.0,0.3182746397472451,921447000.0,511796000.0,574912000.0,190601000.0,409651000.0,114636000.0,427429000.0,1334321600.0,1308555600.0,15.687714565963708,3.0163115618490983,0.21788230902048625,0.3922793456767931,0.0375939832395606,15.687714565963708,0.047178954114530006,5.141101949603144,13.815141224219332,2.607135655612783,0.0,1.5434505739907185,0.0,0.28166568451576707,2.3313466351173395,0.026204437151567048,70.37190021623331,0.3182746397472451,3.28125,-0.03393843989431823,0.2835109249922116,0.6075831710386724,2.089769964466056,3.3392753342375507,4.890673941598465,3.149199755664751,0.23933432992392215,0.04646473540116479,Auto Parts,Consumer Cyclical,THRM
2020Q2,2020,Q2,2020-08-04,2020-06-30,-10322000.0,136061000.0,-9897000.0,-0.32,26735000.0,0.196492749575558,823370000.0,469321000.0,479782000.0,136010000.0,354049000.0,112630000.0,403283000.0,1267362000.0,1262975000.0,14.405187231430325,3.527549444893758,0.24871321520094247,0.43633888106434615,-0.014668451748317931,14.405187231430325,-0.021993475680824,9.314660336172746,-30.695650067816313,2.7004161330944063,0.0,0.9706650093225606,0.0,0.16524891604017636,2.5758253069627233,-0.012536283809223071,76.62869580990386,0.196492749575558,-1.8888888888888888,-1.5846074216662531,-0.296187066921385,0.5853515698483094,-0.5953350386728624,-1.8693674724164069,-1.5292230362012726,-2.3686942448976853,-0.3689299630869242,-0.005982402676496398,Auto Parts,Consumer Cyclical,THRM
2020Q1,2020,Q1,2020-05-07,2020-03-31,11873000.0,228613000.0,18701000.0,0.36,66067000.0,0.28899056484101954,893370000.0,470381000.0,547037000.0,171300000.0,422989000.0,117641000.0,413605000.0,1026560200.0,1042523200.0,14.387820022634815,3.1934442498540574,0.26741663588434805,0.5078904122402903,0.017727046427637314,14.387820022634815,0.025241240611334217,4.490384186376103,21.61543417838794,2.182401500060589,0.0,1.381712158176146,0.0,0.2558995712862532,2.3812375948628137,0.013290126151538557,44.5420315008461,0.28899056484101954,0.12499999999999993,-0.34459637085527006,0.20885320210430958,0.7290849708691982,0.006781262381518393,0.13573751674000384,-0.15107358482001,-0.47645246204708586,0.0273057085189454,0.059572514984921124,Auto Parts,Consumer Cyclical,THRM
2019Q4,2019,Q4,2020-02-20,2019-12-31,10454000.0,230381000.0,22029000.0,0.32,65622000.0,0.2848411978418359,727386000.0,472650000.0,373863000.0,156704000.0,254736000.0,118479000.0,401732000.0,1448800820.0,1483567820.0,14.481585881487836,2.3857910455380846,0.11714550458766047,0.18028139215064,0.03140004376363202,14.481585881487836,0.022117846186395854,6.288716604233856,34.64704467189593,3.0652720194647203,0.0,1.3906177466048835,0.0,0.3167245451520926,1.5135095466612212,0.014372011559199654,49.24209163211202,0.2848411978418359,-0.3333333333333333,-0.4234767035097198,0.22792604857382712,0.7567263898530767,-0.1214320141380603,-0.3419777176307673,0.08362437896600915,-0.5507831896953175,0.08965244443457475,0.14854336608535607,Auto Parts,Consumer Cyclical,THRM
2019Q3,2019,Q3,2019-10-29,2019-09-30,15887000.0,240056000.0,20329000.0,0.48,74692000.0,0.31114406638451025,737671000.0,451593000.0,384841000.0,170500000.0,286078000.0,118791000.0,391278000.0,1349190315.0,1408096315.0,13.751728128140321,2.257131964809384,0.14112795541643905,0.23053058838378807,0.025113926071946156,13.751728128140321,0.035179907571640835,5.620314905688673,21.23104291244414,2.9876245092372997,0.0,1.3920583209165678,0.0,0.32542420672630484,1.2669970674486803,0.021536701320778503,35.25635818438382,0.31114406638451025,4.999999999999999,-0.005958243913178754,0.26045554507387236,0.743868250408044,0.02720246444976208,4.774990912395492,0.01356135015206661,-0.12737931562454372,0.1462658887835347,0.126951268506887,Auto Parts,Consumer Cyclical,THRM
2019Q2,2019,Q2,2019-07-26,2019-06-30,2751000.0,243326000.0,20057000.0,0.08,72714000.0,0.2988336634802693,751910000.0,465281000.0,378431000.0,161415000.0,286629000.0,112613000.0,375391000.0,1409538150.0,1488240150.0,13.913489429143866,2.344459932472199,0.14945804684071232,0.24152931239401565,0.01126058396145749,13.913489429143866,0.005912556068268422,5.792797111693777,128.0932524536532,3.029434148396345,0.0,1.5150293482990418,0.0,0.32361053849529864,1.2719821577920267,0.0036586825550930296,54.94632791486376,0.2988336634802693,-0.6799999999999999,-0.8228735657430591,0.2479093860603326,0.8049559751410824,-0.03443239008325919,-0.673044925124792,-0.08184939345387961,-0.8374783083946886,0.13940404411934398,0.20523845601628923,Auto Parts,Consumer Cyclical,THRM
2019Q1,2019,Q1,2019-05-01,2019-03-31,8414000.0,257921000.0,21845000.0,0.25,75307000.0,0.2919770007095196,763046000.0,478487000.0,401881000.0,166354000.0,284559000.0,112125000.0,372640000.0,1278459840.0,1344446840.0,14.252137134006494,2.4158180747081524,0.13728661181632562,0.21893175781160198,0.020119311870248884,14.252137134006494,0.01758459477477967,4.956788473990097,37.986089850249584,2.6718799883800393,0.0,1.6286644370122632,0.0,0.3380150082694883,1.2852892025439724,0.011026858144856273,738.5672097053726,0.2919770007095196,-0.3055555555555555,-0.4699516543966128,0.38897714136899486,0.9866306359244831,0.10006281315278204,-0.3337556417768628,0.048576777228435654,-0.2338585160687593,0.2948106462946446,0.27215421501664355,Auto Parts,Consumer Cyclical,THRM
2018Q4,2018,Q4,2019-02-26,2018-12-31,12629000.0,253652000.0,20833000.0,0.36,68457000.0,0.2698855124343589,803047000.0,479699000.0,443075000.0,175396000.0,323348000.0,112535000.0,363965000.0,1381348980.0,1481618980.0,13.883794969754856,2.526140846997651,0.17419901948453825,0.29162037027385923,0.022299982255161277,13.883794969754856,0.026326925843080766,5.445843044801539,27.34478145538047,2.879616134284207,0.0,1.6456657928644423,0.0,0.3158619607569669,1.1772104266916008,0.01572635225584555,36.19223360494668,0.2698855124343589,37.0,0.1612640207588044,0.4020669416033176,1.0825632634925744,-0.06401509454600145,36.57464788732394,0.3258448418506969,-0.5334227907308735,0.2543602519634405,0.31037480334696527,Auto Parts,Consumer Cyclical,THRM
2018Q3,2018,Q3,2018-11-01,2018-09-30,-355000.0,258939000.0,15713000.0,-0.01,73139000.0,0.2824564858904993,845029000.0,550321000.0,454546000.0,178437000.0,294708000.0,108589000.0,351336000.0,1625041040.0,1679318040.0,15.24266009306448,2.5473752640988137,0.1200302001469772,0.18430879432185943,-0.002567858627059486,15.24266009306448,-0.0006450780544445878,6.275767806317318,-1144.3950985915494,2.9528966548614353,0.0,1.7110388713405593,0.0,0.30642616998943234,1.292489786311135,-0.00042010392542741136,57.37936654779139,0.2824564858904993,-1.0222222222222221,-1.0389229150721302,0.44322969099874326,1.4483640494546275,-0.017886157027567778,-1.0213098025091543,0.007695760918360803,-1.0128342308416087,0.15710993836420425,0.5619766502277596,Auto Parts,Consumer Cyclical,THRM
2018Q2,2018,Q2,2018-07-31,2018-06-30,16659000.0,263779000.0,15593000.0,0.45,74471000.0,0.28232346016930837,890013000.0,588426000.0,446572000.0,171690000.0,301587000.0,118363000.0,351691000.0,1435353900.0,1482896900.0,16.111108068888097,2.601036752286097,0.12685207968872364,0.19186779646038754,0.01876149836621063,16.111108068888097,0.028311121534398548,5.441501787481187,21.540216999819915,2.4393108054368775,0.0,1.5993849429298006,0.0,0.2963765697804414,1.5456986429029065,0.018717704123422916,108.79662699916622,0.28232346016930837,0.2857142857142858,1.7039539886261494,0.46938028270645377,1.7588919859356598,-0.052133847544134304,0.2848218417399352,-0.24565816844855112,-0.15834514175145428,0.21716215002937433,0.773095348131161,Auto Parts,Consumer Cyclical,THRM
2018Q1,2018,Q1,2018-04-27,2018-03-31,12966000.0,261889000.0,20671000.0,0.35,78567000.0,0.3000011455234851,901423000.0,610448000.0,445751000.0,164481000.0,290975000.0,120637000.0,335032000.0,1248205700.0,1286950700.0,16.603601153239406,2.7100455371745067,0.12117174733726563,0.17892924540665217,0.02327323858547626,16.603601153239406,0.021240138390165912,4.766163145454754,24.066899969150086,2.04473714386811,0.0,1.5196167013437005,0.0,0.2905284200647199,1.6238836096570424,0.014383924084475324,-447.7064921090387,0.3000011455234851,3.4999999999999996,0.2884767871498631,0.5202969274794108,1.9551816426709643,0.0161409226710123,3.4734834032811905,-0.019169632265717676,-0.36355220978360814,0.23139756764749614,0.9953708880989541,Auto Parts,Consumer Cyclical,THRM
2017Q4,2017,Q4,2018-02-23,2017-12-31,-5242000.0,257185000.0,21075000.0,-0.14,77319000.0,0.30063572914439024,883405000.0,553874000.0,461069000.0,171315000.0,329531000.0,121409000.0,293645000.0,1166590250.0,1208087250.0,15.074272650572897,2.6913521874908795,0.16376293998788777,0.2611947843733412,-0.008524272220001317,15.074272650572897,-0.009464246380945847,4.535996461691001,-55.63669639450591,2.106237609997942,0.0,1.48148819280284,0.0,0.2911292102716195,1.682456293961416,-0.00593385819641048,55.80436498445348,0.30063572914439024,-1.777777777777778,-2.2769952575181116,0.4031520049752535,1.7683599193960684,0.10095544575602672,-1.7998169057064388,0.30277554552760094,-1.2567913008644782,0.21764338542493342,0.8286237978227011,Auto Parts,Consumer Cyclical,THRM
2017Q3,2017,Q3,2017-10-30,2017-09-30,6554000.0,235853000.0,16177000.0,0.18,70229000.0,0.2977659813527918,862588000.0,550805000.0,481823000.0,149286000.0,311783000.0,113385000.0,298887000.0,1364965300.0,1363230300.0,14.991154537042076,3.2275163109735674,0.16913172916850222,0.2648686921868901,0.02118335682506061,14.991154537042076,0.011898947903523025,5.787356107405884,52.06611611229783,2.4781280126360508,0.0,1.4607223177669004,0.0,0.27342485636248126,2.209597684980507,0.0075980653568099715,-627.5702528735632,0.2977659813527918,-0.21739130434782614,0.28926467035821707,0.34788016300917973,1.752589756635625,-0.1042790638352146,-0.23011864207682367,-0.3586409229671332,-0.6334811626305479,0.10683657935507483,0.90104095939857,Auto Parts,Consumer Cyclical,THRM
2017Q2,2017,Q2,2017-07-31,2017-06-30,8513000.0,243378000.0,25223000.0,0.23,78405000.0,0.32215319379730295,866497000.0,532968000.0,494502000.0,153079000.0,333529000.0,106568000.0,292333000.0,1426947600.0,1426055600.0,14.491883514152867,3.2303712462192724,0.1884426605054605,0.30636923792798065,0.02833503547505329,14.491883514152867,0.015972816379219764,5.863091980376205,41.904957124397974,2.677360742108344,0.0,1.5480538247879287,0.0,0.28087575606147513,2.2566779244703716,0.009824615665143676,93.49063748935333,0.32215319379730295,-0.6666666666666666,0.2274548269107592,0.43714223476966835,1.7758984455243292,-0.07932127759511508,-0.6648689079600032,-0.276220264570002,-0.5015996036786591,0.13495543349725145,0.8799893350354375,Auto Parts,Consumer Cyclical,THRM
2017Q1,2017,Q1,2017-05-01,2017-03-31,25402000.0,249267000.0,34849000.0,0.69,85160000.0,0.34164169344518125,832678000.0,497259000.0,473103000.0,153157000.0,335419000.0,108455000.0,283820000.0,1437335000.0,1466565000.0,13.578891316220645,3.089006705537455,0.19591847028503215,0.3280724934088674,0.04107555960015912,13.578891316220645,0.05108404272220312,5.766246635134213,14.145884182347846,2.8905158076575788,0.0,1.5131344797381403,0.0,0.29935581341166695,2.0840444772357776,0.030506390225273156,-41.18674422603014,0.34164169344518125,-0.028169014084507067,2.47841971073998,0.2854751945489977,1.1380963018092898,0.083377859196499,-0.02435089875556921,0.31674601375349504,0.4670762882340576,0.23067957233220066,0.8927857090517222,Auto Parts,Consumer Cyclical,THRM
2016Q4,2016,Q4,2017-02-23,2016-12-31,26036000.0,236541000.0,26466000.0,0.71,78606000.0,0.33231448247872464,843030000.0,460405000.0,488753000.0,193623000.0,382625000.0,105074000.0,256922000.0,1236032750.0,1230370750.0,12.608653977817335,2.524250734675116,0.20346251023095263,0.37255242666782507,0.03370172988752818,12.608653977817335,0.056550211227071816,5.2254482309620744,11.868496984943924,2.6846640457857758,0.0,1.5030835411233987,0.0,0.28058432084267465,1.7935420895244882,0.030883835687935186,56.65976392390557,0.33231448247872464,0.29090909090909073,1.0523925936355347,0.20944185787686415,3.8554066364098465,0.024930242261454613,0.28744498837956783,-0.03461608608426044,1.2652992790842665,0.23716095051839722,0.8912926641090796,Auto Parts,Consumer Cyclical,THRM
2016Q3,2016,Q3,2016-10-28,2016-09-30,20223000.0,232625000.0,27415000.0,0.55,76694000.0,0.32968941429339066,809553000.0,445114000.0,464996000.0,202103000.0,364439000.0,107204000.0,230886000.0,1146107340.0,1154866340.0,12.202593415028648,2.300787222356917,0.17487675297355454,0.3180578458552191,0.03601204017713249,12.202593415028648,0.04543330472642963,4.926845094035465,14.16836448598131,2.5748624846668497,0.0,1.4545259505242343,0.0,0.28734993261713565,1.542668837177083,0.02498045217545979,-15080.359736842105,0.32968941429339066,0.10000000000000009,9.772295058030203,0.15491884729717081,3.2537360845114494,0.07271837191411987,0.09633524883443564,0.2264572987965821,1.1946172817159537,0.28330705516363686,0.9600509914317309,Auto Parts,Consumer Cyclical,THRM
2016Q2,2016,Q2,2016-07-29,2016-06-30,18446000.0,232720000.0,22353000.0,0.5,71495000.0,0.3072146785837057,787576000.0,420693000.0,449850000.0,203322000.0,366883000.0,94563000.0,210663000.0,1248138500.0,1258118500.0,11.54417979254706,2.212500368873019,0.18028355358720935,0.3375073985067496,0.030244127043955838,11.54417979254706,0.04384670056311847,5.363262719147474,16.916113249484983,2.9668630093678763,0.0,1.7049480240686103,0.0,0.29548894328928255,1.4770216700602985,0.02342123172874745,40.2534427709872,0.3072146785837057,0.515151515151515,7.382637221411272,0.8385617000471779,3.1032833680039236,0.047668591190176135,0.5509963844278147,-0.25203279237075454,2.0006601647474014,0.29924764437645596,0.9768438631084505,Auto Parts,Consumer Cyclical,THRM
2016Q1,2016,Q1,2016-04-29,2016-03-31,11893000.0,215714000.0,29885000.0,0.33,68242000.0,0.31635406139610783,786535000.0,407313000.0,513820000.0,182537000.0,379222000.0,86950000.0,192217000.0,1512087630.0000002,1474967630.0000002,11.203152075253733,2.814881366517473,0.2205063983166674,0.4258052161359937,0.022063838226918323,11.203152075253733,0.029198675220285138,7.009687039320583,31.78524405112251,3.712348071384906,0.0,1.6960552041403105,0.0,0.2742586153190894,2.0392906643584587,0.015120751142670065,-141.8202616769837,0.31635406139610783,-0.5769230769230769,11.845457760756052,2.659944756741214,3.1339706045066467,-0.013530313105322501,-0.5814387273879074,-0.00790093948145935,0.19514429606730002,0.26633273949496267,0.993986066473394,Auto Parts,Consumer Cyclical,THRM
2015Q4,2015,Q4,2016-02-25,2015-12-31,28414000.0,212277000.0,30123000.0,0.78,69178000.0,0.32588551750778466,646798000.0,384291000.0,420608000.0,143783000.0,262507000.0,84183000.0,180324000.0,1719198000.0,1672460000.0,10.595285359801489,2.925297149176189,0.15111518588492853,0.25434111129326475,0.045449964544484286,10.595285359801489,0.07393875995014194,8.098842550064303,15.12632857042303,4.47368790838193,0.0,1.6998562655167908,0.0,0.32819674767083384,1.99668250071288,0.04393025334030099,92.36048135811754,0.32588551750778466,0.026315789473684233,4.238735712053936,3.469108397374614,3.066157360129598,-0.07671569281691269,0.027073920115669618,-0.19562605142994471,6.012158127962636,0.17324600591331846,0.9458028924217212,Auto Parts,Consumer Cyclical,THRM
2015Q3,2015,Q3,2015-10-30,2015-09-30,27665000.0,223818000.0,37449000.0,0.76,74926000.0,0.3347630664200377,625688000.0,352382000.0,397404000.0,146526000.0,273306000.0,77923000.0,151910000.0,1622061200.0,1592180200.0,9.75857103295486,2.7121739486507512,0.15869091304292235,0.2817709190594298,0.06122717437772963,9.75857103295486,0.07850855037998536,7.247233019685638,14.658062533887584,4.603132963658757,0.0,1.9107580560296704,0.0,0.3577150272979504,1.9456888197316518,0.04421532776719387,116.98962856112513,0.3347630664200377,0.43396226415094336,5.181719869744384,3.4145547693687375,2.7047216987542204,0.1403393957841869,0.4191546116753873,0.40416197975253093,4.537345523459513,0.3014880715961691,0.7918128052339272,Auto Parts,Consumer Cyclical,THRM
2015Q2,2015,Q2,2015-07-31,2015-06-30,19494000.0,213441000.0,26670000.0,0.53,65705000.0,0.3078368261018267,599754000.0,326848000.0,372242000.0,155663000.0,272906000.0,79616000.0,124245000.0,1975167609.9999998,1959107609.9999998,9.086430735870563,2.391332558154475,0.14269683903733865,0.2618434256902291,0.04806262661447986,9.086430735870563,0.059642402584687684,9.253927830173208,25.330455653021442,6.043076934844331,0.0,1.8556069131832797,0.0,0.35588091117358117,1.6129009462749657,0.03250332636380916,107.8324840312278,0.3078368261018267,-0.03636363636363639,4.078981518814155,3.4527437855412497,2.6829147018401183,-0.012993841069550848,-0.01644803229061554,-0.015031207297706541,1.8737410699923382,0.2886057651403389,0.7404921127356997,Auto Parts,Consumer Cyclical,THRM
2015Q1,2015,Q1,2015-05-01,2015-03-31,19820000.0,206909000.0,27077000.0,0.55,66570000.0,0.32173564223885864,563294000.0,297636000.0,346675000.0,149514000.0,265658000.0,80145000.0,104751000.0,1806692190.0,1812894190.0,8.321060135871845,2.3186791872333026,0.15228814792985546,0.2882144633041702,0.0534659775672346,8.321060135871845,0.06659140695345993,8.731820220483401,22.788751135216952,6.070140003225416,0.0,1.7510636970490985,0.0,0.367319730016652,1.5190952017871235,0.03518588871885729,-1147.8349364675985,0.32173564223885864,0.0,6.230981965931224,4.149404334983148,2.53865276595024,0.06828211506057931,-0.000453880679812396,0.06673758027025962,1.7786206766985335,0.09242048846038244,0.31021211447416275,Auto Parts,Consumer Cyclical,THRM
2014Q4,2014,Q4,2015-03-02,2014-12-31,19829000.0,205168000.0,25383000.0,0.55,62315000.0,0.30372670201980817,557892000.0,294219000.0,335025000.0,147593000.0,263673000.0,77643000.0,84931000.0,1307004420.0,1312079420.0,8.2435067664117,2.269924725427358,0.16271070386383027,0.3085286810165217,0.053855562059476926,8.2435067664117,0.06739537555358424,6.370410687826562,16.478445962983507,4.44228421685887,0.0,1.8398696598534316,0.0,0.36775576634904245,1.5033436545093601,0.035542721530332035,56.858416496280505,0.30372670201980817,0.14583333333333348,7.563081184766396,4.730885649768865,2.6799599389305624,0.011853535763578794,0.1469805645534475,0.057625,0.5991882028334532,0.07324971106171924,2.1744528425748433,Auto Parts,Consumer Cyclical,THRM
2014Q3,2014,Q3,2014-11-10,2014-09-30,17288000.0,206012000.0,24000000.0,0.48,61585000.0,0.2989388967632953,557673000.0,280118000.0,328679000.0,151355000.0,277555000.0,74783000.0,65102000.0,1500094060.0,1529717060.0,7.885760936884185,2.17157675663176,0.1699777468157863,0.3384002456107783,0.04584497131009868,7.885760936884185,0.06171684789981365,7.281585829951653,21.692706790837573,5.355221942181509,0.0,1.9312811735287432,0.0,0.3694136169403934,1.4022001255326881,0.03100024566367746,156.52066569282138,0.2989388967632953,0.04347826086956513,8.238825905874398,5.751793251220716,2.645250125197077,0.013628059318267854,0.052670035925226816,-0.009696719620383742,8.456471449285516,0.05029017813742848,1.748919406733861,Auto Parts,Consumer Cyclical,THRM
2014Q2,2014,Q2,2014-08-05,2014-06-30,16423000.0,206182000.0,24235000.0,0.46,60757000.0,0.2946765479042787,534836000.0,272580000.0,297201000.0,156301000.0,262256000.0,68023000.0,47814000.0,1571796450.0,1613888450.0,7.708492406888945,1.9014657615754218,0.15938717662984542,0.31273754494093475,0.04851927233587593,7.708492406888945,0.060250201775625505,7.623344666362728,23.926755921573406,5.76636748844376,0.0,2.1378798347617716,0.0,0.3855050894105857,1.2099154835861574,0.030706609128779663,83.5973008190618,0.2946765479042787,-0.021276595744680753,12.447947910860815,10.65610634017459,2.6767593158359584,0.06544498027181062,-0.009409493938114482,-0.02341231463571889,6.691457161956739,0.6786993188745921,1.7399199643436254,Auto Parts,Consumer Cyclical,THRM
2014Q1,2014,Q1,2014-05-09,2014-03-31,16579000.0,193938000.0,24816000.0,0.47,57025000.0,0.2940372696428756,513337000.0,251550000.0,301041000.0,156284000.0,261787000.0,65591000.0,31391000.0,1217422080.0,1250099080.0,7.174024640657084,1.9262432494689157,0.17596237948949714,0.3590856688531107,0.05259493906122479,7.174024640657084,0.0659073742794673,6.277377718652353,18.357893720972314,4.83968228980322,0.0,2.08737479227333,0.0,0.37779860013986916,1.2588236799672392,0.03229652255730641,-122.66217430730478,0.2940372696428756,0.5161290322580644,11.725361292951984,10.547059603442369,2.37436621999183,0.14872487006969903,0.5129585690819493,0.47573739295908657,16.67622118182522,2.4118167209058803,1.6472198878734807,Auto Parts,Consumer Cyclical,THRM
2013Q4,2013,Q4,2014-03-11,2013-12-31,10958000.0,182290000.0,16816000.0,0.31,49642000.0,0.2723243183937682,481923000.0,232094000.0,269932000.0,153146000.0,249829000.0,64217000.0,14812000.0,933363340.0,960798340.0,6.666685816051014,1.7625794993013204,0.17081566972317155,0.3546838780838798,0.03727315833654966,6.666685816051014,0.047213628960679724,5.120211421361566,21.294107957656504,4.021488448645807,0.0,2.065621252939253,0.0,0.3782554474469988,1.1307379885860551,0.02273807226465639,36.84522895941892,0.2723243183937682,0.2916666666666667,21.965467342699164,7.667794172145105,2.1427667853725687,0.08112463793366291,0.25925074695472305,0.15542119005084512,1.1048397650617592,2.998291214948851,1.5584769714135676,Auto Parts,Consumer Cyclical,THRM
2013Q3,2013,Q3,2013-11-05,2013-09-30,8702000.0,171182000.0,14554000.0,0.24,45917000.0,0.2682349779766564,457899000.0,214455000.0,251042000.0,137688000.0,242253000.0,62806000.0,3854000.0,657593230.0,709024230.0,6.22565100008709,1.823267096624252,0.19094603831849383,0.4077032477675969,0.034173769160115684,6.22565100008709,0.040577277284278755,3.8414858454744074,18.89201419213974,3.0663459933319346,0.0,1.994475050154444,0.0,0.3738422665260243,1.1499404450642032,0.019004190880521687,-67.08765864109365,0.2682349779766564,0.6,7.635470504518122,5.618836674404613,1.8881711339308274,0.14357939828651126,0.5795970230531857,0.728708872787742,1.0383267712460258,2.539370918536703,1.363491977565671,Auto Parts,Consumer Cyclical,THRM
2013Q2,2013,Q2,2013-08-05,2013-06-30,5509000.0,160520000.0,8419000.0,0.15,40152000.0,0.2501370545726389,446467000.0,190713000.0,249021000.0,137608000.0,254616000.0,56210000.0,-4686000.0,615603300.0,659030300.0,5.839702370016535,1.8096404278821,0.2079168225199175,0.48674185818481175,0.02195550265831127,5.839702370016535,0.028886337061448355,3.8350566907550463,27.93625431112725,3.2279042330622456,0.0,2.1413983276996977,0.0,0.35953385132607785,1.1861519679088426,0.012339097850457033,137.41145089285715,0.2501370545726389,-0.375,1.9782645195488346,5.479049782943954,1.767536666998439,0.02819390028424368,-0.3631950063576465,-0.1401286896129098,0.5809253738213446,2.6884333234394218,1.3669498330076577,Auto Parts,Consumer Cyclical,THRM
2013Q1,2013,Q1,2013-05-09,2013-03-31,8651000.0,148090000.0,9791000.0,0.24,39051000.0,0.2636977513674117,427192000.0,177583000.0,235706000.0,122305000.0,246944000.0,52238000.0,-9655000.0,494017410.0,537863410.0,5.618470591957478,1.9271983974490003,0.21494550459746437,0.517070890794727,0.03364368164520989,5.618470591957478,0.048715248644295904,3.3359268687960024,14.276309386198127,2.781895845886149,0.0,2.087350204831732,0.0,0.3466591134665443,1.2750010220350763,0.020250847394145958,125.92847565638542,0.2636977513674117,1.6666666666666667,3.3928585283010624,4.938740820261042,1.739575573502168,0.015234628883400493,1.6057228915662651,0.18177429088714545,2.5717698131695035,3.170872056845354,1.3893369565892797,Auto Parts,Consumer Cyclical,THRM
2012Q4,2012,Q4,2013-03-15,2012-12-31,3320000.0,148242000.0,8285000.0,0.09,38465000.0,0.2594743729847142,439197000.0,161815000.0,242144000.0,117209000.0,224034000.0,53756000.0,-17383000.0,395239071.7,394039071.7,5.445199717333513,2.065916439863833,0.12967301689219188,0.3519574823100454,0.033044295930598454,5.445199717333513,0.020517257361802058,2.666174712294761,29.761978290662654,2.442536672743565,0.0,2.042134831460674,0.0,0.33752962793461705,1.368606506326306,0.007559250177027621,-289.7647153225806,0.2594743729847142,0.0,0.3896547710394034,5.697133929437225,1.8054081008735072,0.04524456521739131,-0.1898487066861884,-0.18726701981557778,0.7219521716298262,3.973213863733031,1.4307758078041466,Auto Parts,Consumer Cyclical,THRM
2012Q3,2012,Q3,2012-11-05,2012-09-30,4098000.0,141058000.0,10194000.0,0.09,36800000.0,0.26088559316026033,458537000.0,161311000.0,252028000.0,133009000.0,246557000.0,51800000.0,-16685000.0,377938440.0,365941440.0,5.446200074276646,1.8948191475764797,0.13146594495100722,0.37370049159697727,0.032390335565844135,5.446200074276646,0.025404343163206475,2.6793123396049854,23.056273792093705,2.3429179659167696,0.0,2.0127027027027027,0.0,0.30762621118906436,1.303092271951522,0.008937119578136551,143.75748953974895,0.26088559316026033,-0.25,-0.01751040571276147,5.496271920259293,1.9445410287477578,0.07561453248765089,-0.26506456241033,0.15030467163168584,1.6264612748125777,4.544359173600303,1.5175454419049992,Auto Parts,Consumer Cyclical,THRM
2012Q2,2012,Q2,2012-08-06,2012-06-30,5576000.0,136153000.0,8862000.0,0.12,34213000.0,0.25128348255271643,443791000.0,154363000.0,244988000.0,117188000.0,241356000.0,46384000.0,-19267000.0,339736320.0,322891320.0,5.220610119047619,2.090555346963853,0.13621051350748437,0.3916029100237751,0.02914737241608428,5.220610119047619,0.036122645970860894,2.4952540157029226,15.232080344332855,2.200892182712179,0.0,2.1977406002069677,0.0,0.3067953158130742,1.4646209509506092,0.012564472916305199,63.10109955423477,0.25128348255271643,0.09090909090909087,2.247788752516061,5.614767287897332,2.073847718578013,0.05436222996086166,0.14309143091430915,0.016634163129517036,5.648368030128674,8.205185752767997,1.4901012904159612,Auto Parts,Consumer Cyclical,THRM
2012Q1,2012,Q1,2012-05-08,2012-03-31,4878000.0,129526000.0,8717000.0,0.11,32449000.0,0.25052113089263933,465539000.0,155350000.0,263121000.0,117023000.0,263403000.0,50220000.0,-23003000.0,395778980.0,368794980.0,6.350925963779077,2.2484554318381855,0.15813283097656694,0.47387833923398776,0.02803087816419187,6.350925963779077,0.031400064370775665,3.055594861263376,20.283875563755636,2.5476599935629225,0.0,1.9330346475507765,0.0,0.27822803245270533,1.6279363885731866,0.010478176908916332,115.62342389716623,0.25052113089263933,-0.6764705882352942,2.296431811746889,5.960267107375543,2.862452201109848,-0.04127518761448916,-0.4259825841374441,0.11871149897330595,5.52358385247474,10.054846048153147,1.9872144453468623,Auto Parts,Consumer Cyclical,THRM
2011Q4,2011,Q4,2012-03-15,2011-12-31,8498000.0,131016000.0,7792000.0,0.34,33846000.0,0.25833485986444404,377807000.0,63521000.0,177670000.0,111715000.0,270092000.0,46344000.0,-25716000.0,348813860.0,401221860.0,2.596827603123339,1.5903862507272972,0.20181468315833218,1.2003431935895217,0.05107124573669133,2.596827603123339,0.13378252861258483,2.662376045673811,10.261645681336784,5.491315627902583,0.1460343610261238,2.0967115484205077,0.00355777147158086,0.34678023435246036,0.9509376538513181,0.022492965985278196,16.101082902511077,0.25833485986444404,5.606336464560206,6.214663484532342,6.622578970263552,0.6743878468321041,0.09732849176501103,6.257045260461144,0.3402132782937736,24.347809564590584,7.86645059212151,0.22418001442116248,Auto Parts,Consumer Cyclical,THRM
2011Q3,2011,Q3,2011-11-09,2011-09-30,1171000.0,125639000.0,5814000.0,0.05146574078143541,30844000.0,0.2454970192376571,402808000.0,65271000.0,181799000.0,116937000.0,292157000.0,49667000.0,-31899000.0,289645690.0,353908690.0,2.868676658023118,1.554674739389586,0.20189519572600345,1.245959154907999,0.024174786258098005,2.868676658023118,0.01794058617150036,2.3053804153169,61.83725234842016,4.437586217462579,0.0,1.9086113516016672,0.0,0.3119079064963953,0.9183491965759341,0.002907092212667077,-444.9242549923195,0.2454970192376571,-0.14768741888581832,0.21699321701167604,8.232173479409195,0.9318158603945195,0.6048701805504969,-0.1267710663683818,0.444831013916501,0.7592864568666292,6.354629133568622,0.3308213255397104,Auto Parts,Consumer Cyclical,THRM
2011Q2,2011,Q2,2011-08-09,2011-06-30,1341000.0,77137000.0,4024000.0,0.06038364553314121,19219000.0,0.24915410244111127,419361000.0,62480000.0,182691000.0,112035000.0,310396000.0,44807000.0,-30080000.0,385975017.79200006,449454017.79200006,2.813400576368876,1.6306600615878966,0.21726865397593004,1.4582906530089628,0.009781256490798732,2.813400576368876,0.021462868117797695,5.003759775360723,71.95656558389263,6.177577109346992,0.0,1.2926105296047492,0.0,0.1839393744291911,0.9563261480787254,0.003197722248850036,242.44661921608045,0.24915410244111127,3.0127881844380404,0.4209396587345313,4.3748082655565375,0.772289149906015,0.8380833970925784,3.0135135135135136,3.630609896432681,0.06610359816885682,3.578519267572971,0.3333195359463773,Auto Parts,Consumer Cyclical,THRM
2011Q1,2011,Q1,2011-05-02,2011-03-31,-666000.0,35796000.0,869000.0,-0.03,10456000.0,0.292099675941446,243257000.0,59840000.0,224603000.0,121188000.0,183417000.0,7326000.0,-28498000.0,337176870.0,417825870.0,2.710022191023957,1.8533435653695085,0.3586042744915871,1.4577707219251337,-0.003561219775336735,2.710022191023957,-0.011129679144385026,9.41940077103587,-126.56789414414413,5.634640207219252,0.0,3.4589134589134587,0.0,0.14715301101304382,0.2660741987655543,-0.002737845159645971,355.29701791359327,0.292099675941446,-1.2,-1.69261893709524,1.738254159536888,0.6199142950412996,0.21765459415395366,-1.201695941853422,-0.6368575010447137,-1.4840828233665646,1.0547911053083356,0.3214113123250193,Auto Parts,Consumer Cyclical,THRM
2010Q4,2010,Q4,2011-02-17,2010-12-31,3302000.0,28917000.0,2393000.0,0.15,8587000.0,0.2969533492409309,79422000.0,57537000.0,68436000.0,21197000.0,21885000.0,6825000.0,-27832000.0,240241280.00000003,213657280.00000003,2.60572437842489,3.228570080671793,0.0,0.0,0.05334487174306225,2.60572437842489,0.05738915828075847,8.30796002351558,18.18907328891581,4.1754224238316215,0.0,2.978754578754579,0.0,0.36409307244843997,2.608152096994858,0.04157538213593211,78.27998696643859,0.2969533492409309,0.25,-0.8212610478799821,1.3183983017537202,0.6038304937668434,-0.024758659852356615,0.22705314009661837,-0.4029441117764471,0.8600821903240314,0.7581550804170756,0.34248891856192554,Auto Parts,Consumer Cyclical,THRM
2010Q3,2010,Q3,2010-10-28,2010-09-30,2691000.0,30486000.0,4008000.0,0.12,8805000.0,0.28882109820901397,77944000.0,57194000.0,66466000.0,21050000.0,21615000.0,3389000.0,-31134000.0,223643900.00000003,198408900.00000003,2.6340901763920233,3.1575296912114013,0.0,0.0,0.04428662888402103,2.6340901763920233,0.04705038990103857,7.335954208489143,20.777025269416576,3.9102685596391233,0.0,6.397462378282679,0.0,0.39112696294775734,2.800712589073634,0.03452478702658319,46.16926094137077,0.28882109820901397,0.1999999999999999,1.2148788287713175,1.668465246679998,1.9863807050409854,0.011603860294117647,0.16644993498049415,0.19606087735004477,-0.11992382841557751,0.915214751151816,0.424146467633746,Auto Parts,Consumer Cyclical,THRM
2010Q2,2010,Q2,2010-08-06,2010-06-30,2307000.0,28812000.0,3351000.0,0.1,8704000.0,0.30209634874357905,70355000.0,53343000.0,57803000.0,17246000.0,17748000.0,2907000.0,-33825000.0,159562980.0,139113980.0,2.467184681559595,3.3516757508987594,0.0,0.0,0.039568477201903464,2.467184681559595,0.04324841122546538,5.538073719283632,17.291176853055916,2.9912637084528426,0.0,6.917096663226694,0.0,0.4095231326842442,2.9544821987707293,0.03279084642171843,187.06093786635404,0.30209634874357905,0.4285714285714285,2.6466638834368688,1.4149168219910777,2.044201790781605,0.3102513924431733,0.3981818181818182,0.4085750315258512,0.8376329762553923,0.9142864877885892,0.45265588346713476,Auto Parts,Consumer Cyclical,THRM
2010Q1,2010,Q1,2010-04-30,2010-03-31,1650000.0,24188000.0,2379000.0,0.07,6643000.0,0.27464031751281626,67060000.0,50632000.0,52852000.0,16535000.0,16974000.0,3122000.0,-36132000.0,217257880.0,198744880.0,2.3514768716329186,3.196371333534926,0.0,0.0,0.0299708746349001,2.3514768716329186,0.03258808658555854,8.982052257317678,32.9178606060606,4.290920366566597,0.0,5.619795003203075,0.0,0.3606919176856546,2.8255216208043543,0.024604831494184312,120.03197790055249,0.27464031751281626,0.1111111111111112,1.4728974814893452,0.8698274421161099,1.890203518481054,0.060335195530726256,0.18110236220472442,0.0016842105263157896,0.26670673977640413,0.476586008521082,0.43010122783623245,Auto Parts,Consumer Cyclical,THRM
2009Q4,2009,Q4,2010-02-19,2009-12-31,1397000.0,21598000.0,2375000.0,0.063,6265000.0,0.290073154921752,62382000.0,48234000.0,47702000.0,14160000.0,14587000.0,2541000.0,-37782000.0,170964080.0,149287080.0,2.2401077466096972,3.3687853107344634,0.0,0.0,0.031224811563950943,2.2401077466096972,0.02896297217730232,7.915736642281693,30.594860415175376,3.54447236389269,0.0,6.034238488783943,0.0,0.346221666506364,3.068785310734463,0.022394280401397838,48.52798183366449,0.290073154921752,0.25999999999999995,2.763807699841915,0.9202233109216642,2.2618191614614687,0.37843784378437845,0.23519009725906279,0.948318293683347,0.3473660336658557,0.4275159508217448,0.44438128353473877,Auto Parts,Consumer Cyclical,THRM
2009Q3,2009,Q3,2009-11-09,2009-09-30,1131000.0,18442000.0,1219000.0,0.05,4545000.0,0.24644832447673787,58999000.0,46446000.0,43117000.0,12511000.0,12895000.0,2137000.0,-39179000.0,157804500.0,132900500.0,2.1632976245924547,3.4463272320358085,0.0,0.0,0.018456082976930716,2.1632976245924547,0.024350859062136673,8.5567996963453,34.88163129973474,3.3975907505490244,0.0,6.503041647168929,0.0,0.31258156917913865,3.168251938294301,0.01916981643756674,-167.87712765957446,0.24644832447673787,2.25,2.6376056452670467,0.6667291415562615,2.075752994485524,0.7957329118925326,2.3014959723820483,2.008271298593879,0.24566278528178856,0.4361312272900564,0.4568015709450565,Auto Parts,Consumer Cyclical,THRM
2009Q2,2009,Q2,2009-08-10,2009-06-30,-869000.0,10715000.0,-1209000.0,-0.04,2531000.0,0.23621091927204854,53710000.0,44908000.0,37918000.0,8416000.0,8802000.0,3477000.0,-40310000.0,130661999.99999999,104494999.99999999,2.096545284780579,4.505465779467681,0.0,0.0,-0.020168071582361488,2.096545284780579,-0.019350672485971318,12.194307046196919,-37.5897583429229,2.9095484100828357,0.0,2.3537532355478863,0.0,0.1994973003165146,3.9180133079847907,-0.016179482405511078,65.23315027458811,0.23621091927204854,0.0,-2.74504122552976,-0.26448876576509317,3.1502438562528505,0.0467328370554177,0.07158119658119658,0.1814488828706838,-1.9546773447941268,-0.22592616169147434,0.32070935497528624,Auto Parts,Consumer Cyclical,THRM
2009Q1,2009,Q1,2009-05-01,2009-03-31,-936000.0,10170000.0,-1477000.0,-0.04,2418000.0,0.2377581120943953,53743000.0,45140000.0,38098000.0,8214000.0,8603000.0,3397000.0,-39441000.0,78558400.0,54673400.0,2.1260361718161267,4.6381787192598,0.024189196732597732,0.028799291094373063,-0.021218098537464015,2.1260361718161267,-0.020735489587948606,7.7245231071779745,-20.98247863247863,1.740327868852459,0.0,2.2820135413600235,0.0,0.18923394674655303,4.122595568541515,-0.017416221647470368,-41.19475616151023,0.2377581120943953,-3.857142857142857,-2.819030761565943,-0.3361114692176523,4.2969647450263375,-0.15336134453781514,-4.216494845360825,-14.675925925925926,-2.012333977015825,-0.19092637879751634,0.2708369687550572,Auto Parts,Consumer Cyclical,THRM
2008Q4,2008,Q4,2009-02-13,2008-12-31,291000.0,12826000.0,108000.0,0.014,2856000.0,0.22267269608607515,52599000.0,45039000.0,37639000.0,7168000.0,7560000.0,2641000.0,-38505000.0,29087840.000000004,3784840.0000000037,2.121279201205727,5.2509765625,0.0,0.0,0.0030338923657467877,2.121279201205727,0.006461067075201492,2.267880866988929,24.989553264604815,0.6458367192877285,0.0,3.775085195001893,0.0,0.24384494001787108,4.686802455357143,0.0055324245708093306,13.34916934373566,0.22267269608607515,-0.5333333333333333,-0.357641011787121,-0.1609511231806684,4.679303228923287,-0.4090626939788951,-0.5509259259259259,-0.8735362997658079,-0.983618149442655,0.06943374272121026,0.3056531599645484,Auto Parts,Consumer Cyclical,THRM
2008Q3,2008,Q3,2008-10-30,2008-09-30,648000.0,16631000.0,854000.0,0.03,4833000.0,0.2906018880404065,58675000.0,47748000.0,47034000.0,10532000.0,10927000.0,4442000.0,-38796000.0,75977930.0,60768930.0,2.155568597354521,4.465818458032662,0.0,0.0,0.01075124925338547,2.155568597354521,0.01357124905755215,4.568452287896098,29.31247299382716,1.591227485967999,0.0,2.6560108059432688,0.0,0.2834426927993183,3.6133687808583366,0.011043885811674477,186.22041666666667,0.2906018880404065,-0.5,3.4172420553078093,-0.016539945378357804,6.179674091243773,-0.08448569804887289,-0.48325358851674644,-0.512,-0.4771973560226357,0.4269408290052175,1.4438603223330775,Auto Parts,Consumer Cyclical,THRM
2008Q2,2008,Q2,2008-08-11,2008-06-30,1254000.0,16796000.0,1750000.0,0.06,5279000.0,0.31430102405334603,59078000.0,46717000.0,34431000.0,11964000.0,12361000.0,4836000.0,-39444000.0,63320400.0,49711400.0,2.1100722673893406,2.8778836509528585,0.0,0.0,0.023451989428148804,2.1100722673893406,0.02684247704261832,3.769969040247678,12.623684210526315,1.3554038144572638,0.0,2.38151364764268,0.0,0.2843021090761366,2.08049147442327,0.02122617556450794,81.18,0.31430102405334603,0.0,2.003050449223704,0.4496441048747838,5.703130899497507,-0.05036877136175571,-0.08533916849015317,-0.0499457111834962,0.9357257977866121,0.37477870644158434,1.6035690895278736,Auto Parts,Consumer Cyclical,THRM
2008Q1,2008,Q1,2008-05-02,2008-03-31,1371000.0,17360000.0,1842000.0,0.06,5559000.0,0.3202188940092166,58736000.0,45127000.0,24321000.0,13209000.0,13609000.0,3170000.0,-40698000.0,72613200.0,70050200.0,2.050854390110889,1.8412446059504883,0.0,0.0,0.025541608283420864,2.050854390110889,0.030380924945154784,4.18278801843318,13.240919037199124,1.6090854698960708,0.0,3.722712933753943,0.0,0.29555979297194224,1.2475584828526005,0.02334173249795696,-386.24042553191487,0.3202188940092166,-0.2307692307692308,1.7255212074463118,0.6198538192515236,28.61092846633296,-0.03923263048738334,-0.22498586772187676,-0.20328719723183392,1.0106772204345376,0.31320952799248486,1.5207080051247523,Auto Parts,Consumer Cyclical,THRM
2007Q4,2007,Q4,2008-02-14,2007-12-31,1769000.0,16390000.0,2312000.0,0.078,5786000.0,0.3530201342281879,55986000.0,42709000.0,43365000.0,12827000.0,13277000.0,2219000.0,-42069000.0,127183120.0,126013120.0,1.9409652790401746,3.3807593357760974,0.0,0.0,0.036383994290619184,1.9409652790401746,0.04141984125125852,7.759799877974374,17.973872244205765,2.977899740101618,0.0,4.778729157278053,0.0,0.2927517593684135,2.8663756139393466,0.03159718501053835,31.33360926336536,0.3530201342281879,-0.4,1.7589210136440812,0.2490948597714376,11.511153213968713,0.11849990334428764,-0.4211387434554974,0.37373737373737376,3.6638179333506398,0.425935525846867,1.8262380452397657,Auto Parts,Consumer Cyclical,THRM
2007Q3,2007,Q3,2007-10-30,2007-09-30,3056000.0,15909000.0,1683000.0,0.13,5173000.0,0.3251618580677604,52405000.0,40138000.0,39597000.0,11767000.0,12267000.0,1403000.0,-43838000.0,157983280.0,156188280.0,1.8495921846919496,3.365088807682502,0.0,0.0,0.06494633554783387,1.8495921846919496,0.07613732622452539,9.930434345339116,12.924024869109948,3.9360027903732124,0.0,7.6521739130434785,0.0,0.30357790287186337,2.8168607121611284,0.058315046274210476,86.18836879432624,0.3251618580677604,1.1666666666666667,2.0750853254581605,0.7583949368100131,6.521255950736761,0.0034917555771096023,1.4331210191082802,-0.060825892857142856,8.724306919774177,0.4224997228141846,1.6297300177154408,Auto Parts,Consumer Cyclical,THRM
2007Q2,2007,Q2,2007-08-07,2007-06-30,1256000.0,15058000.0,1792000.0,0.06,5155000.0,0.34234294062956566,46859000.0,36738000.0,36071000.0,9571000.0,10121000.0,1706000.0,-46894000.0,180402540.0,178165540.0,1.6983958208127226,3.7687806916727613,0.0,0.0,0.029369586416566285,1.6983958208127226,0.03418803418803419,11.980511356089787,35.90814888535032,4.910516086885513,0.0,5.804806565064478,0.0,0.3213470197827525,3.0667641834709016,0.026803815702426428,410.9397266514806,0.34234294062956566,0.0,1.3778949339938302,1.647606705640863,3.50576881427927,-0.011315688530878405,-0.02936630602782071,-0.06569343065693431,1.4975743381477773,0.023545839135959572,2.362081836239101,Auto Parts,Consumer Cyclical,THRM
2007Q1,2007,Q1,2007-05-02,2007-03-31,1294000.0,16273000.0,1918000.0,0.06,5214000.0,0.3204080378541142,45104000.0,35171000.0,35698000.0,9333000.0,9933000.0,1904000.0,-48150000.0,194649000.0,191738000.0,1.6442730247779336,3.8249223186542376,0.0,0.0,0.032760646505241256,1.6442730247779336,0.03679167495948366,11.961469919498557,37.60606646058732,5.534360694890677,0.0,5.808298319327731,0.0,0.3607884001418943,3.1915782706525233,0.028689251507626818,60.468779123951535,0.3204080378541142,0.3043478260869565,1.2038230542783903,2.528005456816806,1.0254831616842965,0.012427184466019418,0.2563106796116505,-0.04195804195804196,1.4961954774407888,0.054440208646068466,3.096664186106707,Auto Parts,Consumer Cyclical,THRM
