Quarters,Year,Quarter,FillingDate,Date,NetIncome,Revenue,OperatingIncome,EPSDiluted,GrossProfit,GrossProfitRatio,TotalAssets,CommonStockEquity,CurrentAssets,CurrentLiability,TotalLiability,Inventory,RetainedEarnings,MarketCap,EnterpriseValue,bookValuePerShare,currentRatio,debtToAssets,debtToEquity,roic,shareholdersEquityPerShare,roe,priceToSalesRatio,peRatio,pbRatio,payoutRatio,inventoryTurnover,dividendYield,assetTurnover,quickRatio,returnOnAssets,priceToFreeCashFlowsRatio,grossProfitMargin,epsdilutedGrowth,fiveYNetIncomeGrowthPerShare,fiveYRevenueGrowthPerShare,fiveYShareholdersEquityGrowthPerShare,grossProfitGrowth,netIncomeGrowth,operatingIncomeGrowth,threeYNetIncomeGrowthPerShare,threeYRevenueGrowthPerShare,threeYShareholdersEquityGrowthPerShare,Industry,Sector,Symbol
2023Q1,2023,Q1,2023-04-26,2023-03-31,-1530000000000.0,4411000000000.0,-1098000000000.0,-2137.97,-383490000000.0,-0.0869394695,36644238000000.0,8967331000000.0,9853531000000.0,12758129000000.0,26115494000000.0,2810586000000.0,4145617000000.0,5919466782438.0,20980824782438.0,12530.656145048973,0.7723335451460006,0.4713996781704125,1.9263348258249864,-0.04324727005855407,12530.656145048973,-0.17061932920731931,1.3419784136109725,-0.9672331343852941,0.6601146743036473,0.0,1.7058684559020787,0.0,0.12037363145605592,0.413846183872259,-0.041752812543134336,-2.926815497320635,-0.08693946950804807,-0.9726974109136539,-24.734181047532545,-0.2227537389227871,-0.3701513470375905,-18.463533472060092,-0.9727044746868493,-0.2534246575342466,-6.688789945273906,-0.06630662355011346,-0.21123405077276772,Consumer Electronics,Technology,LPL
2022Q4,2022,Q4,2022-12-31,2022-12-31,-775585000000.0,7302000000000.0,-876000000000.0,-1083.78,-19703000000.0,-0.0026983018,35686019000000.0,9879589000000.0,9444035000000.0,13961520000000.0,24366792000000.0,2872918000000.0,5359769000000.0,4473332911188.757,17712881911188.758,13805.415748945616,0.6764331534102304,0.42213164769093464,1.524779826367271,-0.014601339956769953,13805.415748945616,-0.07850377176621416,0.6126174898916402,-1.4419221978212438,0.4527853244895873,0.0,2.548524879582362,0.0,0.2046179485585097,0.3499813773858434,-0.021733581434230587,-10.716597658452155,-0.0026983018351136676,-0.0707489848543229,-21.970825221717497,0.024687790877247654,-0.31265170731408665,-1.3880988023952097,-0.002007671527367767,-0.21234935590480566,0.5693684929993265,0.13708296641307333,-0.12882114456677024,Consumer Electronics,Technology,LPL
2022Q3,2022,Q3,2022-09-30,2022-09-30,-774031000000.0,6771355000000.0,-722564000000.0,-1012.17,50768000000.0,0.0074974654,40133950000000.0,12506242000000.0,11778600000000.0,14962941000000.0,25850347000000.0,4517317000000.0,7278419000000.0,4175776330569.189,18019489330569.188,17475.815063453058,0.7871848188133603,0.38333037241537404,1.2301506719604498,-0.01818866775162654,17475.815063453058,-0.0618915738236954,0.6166825296516264,-1.3487109465154459,0.3338953724523473,0.0,1.4877386289250898,0.0,0.1687188776584413,0.35719247974044677,-0.019286190369998468,-4.157429593771874,0.007497465426048406,-1.120927016323366,-2.7512726762628343,-0.028931199130371815,-0.13953688219912663,-0.8157736216043604,-1.0260947410026935,-1.2876736182567097,-0.8457699223090756,0.16312711053731718,-0.04842166293960951,Consumer Electronics,Technology,LPL
2022Q2,2022,Q2,2022-06-30,2022-06-30,-382031000000.0,5607318000000.0,-315851000000.0,-477.23,275574000000.0,0.0491454203,38305442000000.0,12929769000000.0,11990079000000.0,14975599000000.0,23675108000000.0,4722450000000.0,8072910000000.0,5182365152301.48,16518449152301.48,18067.637892915263,0.8006410294506416,0.3674858261653788,1.0887052197142888,-0.008696011151878014,18067.637892915263,-0.02954662221730334,0.9242145981914135,-3.391325018324089,0.40080879653004475,0.0,1.129020741352476,0.0,0.1463843701372771,0.42310815079917674,-0.009973282647410778,-5.865356601797829,0.049145420323940966,-7.291760052735664,-1.5534274952919023,-0.15410854855551898,-0.07654104519851687,-0.6630346131318849,-8.038413353476546,-3.072581121427868,0.30334240859846423,0.04742920867260315,-0.043881095727403244,Consumer Electronics,Technology,LPL
2022Q1,2022,Q1,2022-03-31,2022-03-31,54278000000.0,6471480000000.0,152395000000.0,75.85,817811000000.0,0.1263715564,38267145000000.0,13046583000000.0,13137794000000.0,14535438000000.0,23509919000000.0,4229563000000.0,8325146000000.0,7202516737573.08,16984574737573.08,18230.869970210922,0.9038457595842657,0.3435628396108463,1.0077097581795937,0.008404410445605104,18230.869970210922,0.004160323051637352,1.1129628365649094,33.17419920397344,0.5520615426716007,0.0,1.3367028697763812,0.0,0.16911321709523927,0.5427881842982647,0.001418396904185039,-12.136625373151842,0.12637155642913214,-0.6991631301312815,-0.9143190894883898,-0.08364039227647285,-0.010874736287379604,-0.3783769608834256,-0.6991725276978756,-0.5298830221739613,1.890781678236752,0.10082005095954422,-0.07280151455077266,Consumer Electronics,Technology,LPL
2021Q4,2021,Q4,2021-12-31,2021-12-31,180429000000.0,8806516000000.0,324164000000.0,252.13,1315606000000.0,0.1493900653,38154515000000.0,13118855000000.0,13187067000000.0,13994817000000.0,23392014000000.0,3350375000000.0,8541521000000.0,8600378838532.757,17806913838532.758,18331.860508077203,0.9422822034757582,0.33411857023998337,0.9717412075977667,0.009491404235404483,18331.860508077203,0.013753410644450298,0.9765926546358125,11.916569451879626,0.65557389257925,0.0,2.2358422564638287,0.0,0.23081189735998478,0.63622968417522,0.0047289029882833,8.576989388470398,0.14939006526531037,-0.24737313432835822,-0.773908979157608,0.10969818885084552,0.012570086269701899,0.005833440368936433,-0.569923819149139,-0.38709775004726793,0.23430178069353327,0.26752656525896856,-0.06154391359899355,Consumer Electronics,Technology,LPL
2021Q3,2021,Q3,2021-09-30,2021-09-30,419528000000.0,7223196000000.0,528900000000.0,335.0,1307976000000.0,0.18107995408126817,37606183000000.0,12997472000000.0,13046542000000.0,13666407000000.0,22994546000000.0,3580326000000.0,8526710000000.0,6713338163400.0,16782953163400.0,18162.243859059286,0.9546431626103336,0.3602402030538436,1.042299533324634,0.015130611789435292,18162.243859059286,0.032277661379074334,0.9294138167370787,4.0005304552973815,0.5165110694910519,0.0,1.6521456426034948,0.0,0.19207469154739792,0.6228688345078557,0.011155825093974574,23.443537073354705,0.18107995408126817,-0.3399014778325123,1.3592183326303953,0.0742768757134198,0.09758480998462744,-0.09798304480444561,0.1555939962703937,-0.24557099249707587,121.63314820228005,0.1836719644504924,-0.05793848446455859,Consumer Electronics,Technology,LPL
2021Q2,2021,Q2,2021-06-30,2021-06-30,363041000000.0,6965570000000.0,701060000000.0,507.5,1450057000000.0,0.20817492322954187,36323689000000.0,12261734000000.0,12127015000000.0,12631439000000.0,22562966000000.0,2722817000000.0,8109354000000.0,8663049362775.061,18952323362775.062,17134.147551379105,0.9600659908977908,0.3827678956286626,1.1338968860358576,0.020579287694884922,17134.147551379105,0.029607639506777753,1.2436956864657251,5.965613637836402,0.7065109521031088,0.0,2.0256642293624583,0.0,0.19176383764325258,0.677652957830062,0.009994607100616901,17.583985456251504,0.20817492322954187,0.5934065934065934,6.073016639571713,0.1901464407387779,0.033517590736263474,0.17750565383506636,0.5922082706536088,0.34038456758611857,2.2207777796459136,0.24135842864189927,-0.12093361141167906,Consumer Electronics,Technology,LPL
2021Q1,2021,Q1,2021-03-31,2021-03-31,228011000000.0,6882761000000.0,523029000000.0,318.5,1231465000000.0,0.1789202036798895,36397551000000.0,11821980000000.0,12163134000000.0,11998080000000.0,23158450000000.0,2351689000000.0,7748806000000.0,8064678819269.16,18535527819269.16,16519.6496408626,1.0137567010721715,0.3949408848963492,1.2159452985032964,0.016373994656304115,16519.6496408626,0.019287039903637122,1.1717214674850922,8.842422974406016,0.682176659008826,0.0,2.4030796589174845,0.0,0.18909956331952113,0.7557533372006188,0.006264459935779745,41.47323966608809,0.1789202036798895,-0.5989947080629071,92.2941898527005,0.14919519314846835,-0.015049390915910697,-0.11461894460153844,-0.5988497395288119,-0.23697198252281299,4.835082584855519,0.21278627366539538,-0.16964611004673008,Consumer Electronics,Technology,LPL
2020Q4,2020,Q4,2020-12-31,2020-12-31,568393000000.0,7461208000000.0,685465000000.0,794.2538575026193,1390887000000.0,0.18641579218807464,35071523000000.0,11401043000000.0,11099470000000.0,11006948000000.0,22334584000000.0,2170656000000.0,7524297000000.0,6551692201525.68,16485838201525.68,15931.445993007015,1.0084057815118233,0.40352524753487323,1.2413114308927702,0.0392464821226888,15931.445993007015,0.04985447384068282,0.8781007313461412,2.8816735082617484,0.574657266140096,0.0,2.796537544410538,0.0,0.21274262882738226,0.7830204158318909,0.016206681415004417,10.866801128405248,0.18641579218807464,50.67208947204876,36.8947268708557,-0.004608078525574915,-0.06494809460416145,0.6453522416344608,17.711294729565132,3.1705098564127523,14.368618862210685,0.047029408764125806,-0.20680025850380168,Consumer Electronics,Technology,LPL
2020Q3,2020,Q3,2020-09-30,2020-09-30,30377000000.0,6737646000000.0,164360000000.0,15.371042,845343000000.0,0.12546562998412206,35497408000000.0,10930844000000.0,10920675000000.0,11202372000000.0,23323029000000.0,2399724000000.0,6841972000000.0,5441069231087.49,16621602231087.49,15274.405231520026,0.974853807747145,0.407625508882226,1.3237449002108164,-0.0013195570509799593,15274.405231520026,0.002779016881038646,0.807562349088612,44.779514361914366,0.49777210534589006,0.0,2.455408621991529,0.0,0.1898067036331216,0.72248029256661,0.0008557526228393915,216.3360992043056,0.12546562998412206,1.0224887227505486,-0.8394178719445149,-0.058751493566609865,-0.12398347253547602,5.594607877553886,1.062105286830866,1.3178968827305555,-0.9312709567357946,-0.03376535096682313,-0.2479285057465728,Consumer Electronics,Technology,LPL
2020Q2,2020,Q2,2020-06-30,2020-06-30,-489121000000.0,5307021000000.0,-517023000000.0,-683.5,128187000000.0,0.02415422889790713,35054254000000.0,10854374000000.0,9826257000000.0,11160360000000.0,22953481000000.0,2039385000000.0,6812370000000.0,4147765029403.3804,15359132029403.38,15167.548545242704,0.8804605765405417,0.4202676799226707,1.357256530869491,-0.015166830614497001,15167.548545242704,-0.045062110445061136,0.7815618271349182,-2.120009685437438,0.3821284423591246,0.0,2.539409674975544,0.0,0.15139449266271648,0.6622238888351272,-0.013953256571941311,-12.365847783541819,0.02415422889790713,-1.4579601075843565,-2.460080120359646,-0.20880301926848488,-0.10464731751961052,-0.539149317102458,-1.4580056384459599,-0.42855998165335335,-1.7085629436476895,-0.19940982542164704,-0.2247681401682897,Consumer Electronics,Technology,LPL
2020Q1,2020,Q1,2020-03-31,2020-03-31,-198991000000.0,4724249000000.0,-361919000000.0,-278.076116,278153000000.0,0.05887771791876339,35885572000000.0,11368811000000.0,10158676000000.0,11213456000000.0,23322511000000.0,2310091000000.0,7302500000000.0,3928255617234.96,15017240617234.96,15886.406046464703,0.9059362251923047,0.4081688038858625,1.2883819600836006,-0.009349633607897777,15886.406046464703,-0.01750323758570707,0.8315090117466205,-4.935217694814037,0.3455291513980627,0.0,1.924641063923456,0.0,0.13164758806129662,0.6592229906640736,-0.00554515335578321,-4.0810967724603735,0.05887771791876339,0.8895083453404766,-1.434265773944621,-0.3272551677508481,-0.029816920874959386,-0.3850077495041865,0.8895133425613299,0.1421321601774904,-1.3141186127642108,-0.3310477726226049,-0.13807483703020637,Consumer Electronics,Technology,LPL
2019Q4,2019,Q4,2019-12-31,2019-12-31,-1801041000000.0,6421695000000.0,-421882000000.0,-2516.7160077101144,452287000000.0,0.07043109334840723,35574563000000.0,11340483000000.0,10248315000000.0,10984976000000.0,23086282000000.0,2051155000000.0,7503312000000.0,5748156504759.241,15981555504759.242,15846.821422313218,0.9329392253565233,0.38143552177998646,1.1965453323284378,-0.014112096576113498,15846.821422313218,-0.15881519332113103,0.8951151533604821,-0.7978936216276089,0.5068705190739443,0.0,2.910266654640922,0.0,0.1805136720864287,0.7127252713160229,-0.05062721360765556,16.732277759773304,0.07043109334840723,-3.2947372145223794,-5.788881857437621,-0.230191473492131,-0.007954310456136201,0.4996303038140047,-3.29479866652041,0.034015817263439406,-3.2568389686192494,-0.19081015570146814,-0.12469237218872477,Consumer Electronics,Technology,LPL
2019Q3,2019,Q3,2019-09-30,2019-09-30,-419354000000.0,5821681000000.0,-436738000000.0,-586.0,301599000000.0,0.05180617076064456,37443065000000.0,13142630000000.0,10779641000000.0,10640846000000.0,23117140000000.0,2727194000000.0,9201528000000.0,5117187448157.4,15886603448157.4,18365.08291838508,1.0130436057433778,0.3613248007341279,1.0294064430026562,-0.012042753256020135,18365.08291838508,-0.03190792101733063,0.878987950071019,-3.0506370799833795,0.38935794800259915,0.0,2.0240884953545657,0.0,0.15548088811639751,0.715872967243394,-0.011199777582310637,-2.799837524632361,0.05180617076064456,0.2354859752120026,-2.1988256280660026,-0.11076650109602271,0.18763895373861073,-0.3738615390683876,0.23528156724297336,-0.18439350877573601,-3.3582398425418245,-0.13416481069042316,0.10984282568550754,Consumer Electronics,Technology,LPL
2019Q2,2019,Q2,2019-06-30,2019-06-30,-548377000000.0,5353410000000.0,-368744000000.0,-766.5,481681000000.0,0.08997648227951903,35600739000000.0,13523181000000.0,8989170000000.0,10220308000000.0,20872181000000.0,2569221000000.0,9622298000000.0,6292652813647.201,15376598813647.201,18896.85248579087,0.8795400295177014,0.32323365534631177,0.8509356637317803,-0.01824845518417847,18896.85248579087,-0.04055088813793145,1.1754475770858577,-2.8687621899018376,0.46532341862814675,0.0,1.8961891561683484,0.0,0.15037356387461506,0.5919594595387928,-0.015403528561584072,-7.340459341955263,0.08997648227951903,-8.01764705882353,-3.12280172030024,-0.10463719928282812,0.2737315388869094,-0.2387619318540995,-7.999671770633318,-1.793134269569301,-6.662841513102975,-0.08530933472560315,0.1398424926042609,Consumer Electronics,Technology,LPL
2019Q1,2019,Q1,2019-03-31,2019-03-31,-60933000000.0,5878781000000.0,-132018000000.0,-85.0,632760000000.0,0.10763455893322102,35387981000000.0,14070971000000.0,9513621000000.0,9730825000000.0,20098447000000.0,2629840000000.0,10176992000000.0,7204101217055.819,15610924217055.82,19662.316382428162,0.9776787682442136,0.3054997401518894,0.7683207505722242,-0.0025718314475389826,19662.316382428162,-0.004330404774482159,1.2254413316393007,-29.557469749790013,0.5119832325044106,0.0,1.994806147902534,0.0,0.16612366215523852,0.6150253447164038,-0.0017218557905295587,-2.976847204867275,0.10763455893322102,-1.3975729992553925,0.2378706958011782,0.05209354549941674,0.33895538427032973,-0.4672414446348209,-1.4168382599415785,-1.4731827956989247,-25.931669394435353,-0.018436515989361534,0.1723257404304996,Consumer Electronics,Technology,LPL
2018Q4,2018,Q4,2018-12-31,2018-12-31,146179000000.0,6947796000000.0,279000000000.0,213.797215,1187705000000.0,0.17094701686693162,33175710000000.0,13979189000000.0,8800127000000.0,9954483000000.0,18289464000000.0,2691203000000.0,10239965000000.0,6562907755734.331,12756662755734.332,19534.063206281895,0.8840365692522656,0.25798323532488077,0.6122513258816373,0.008065776406313436,19534.063206281895,0.01045690132667925,0.9446028288300824,11.224094698510612,0.4694770029745166,0.0,2.1403405837463767,0.0,0.20942418413954064,0.5863938890648565,0.004406205624536747,-5.508382927998331,0.17094701686693162,41.759443,1.0432613010539264,-0.01853591998431426,0.31740279797530413,0.3364009928730081,41.72990353697749,0.9918469918826881,10.231386169876854,-0.07310183411957895,0.14649750117936994,Consumer Electronics,Technology,LPL
2018Q3,2018,Q3,2018-09-30,2018-09-30,3421000000.0,6102363000000.0,140071000000.0,5.0,888734000000.0,0.14563768166528276,32119627000000.0,13796840000000.0,9245299000000.0,10143749000000.0,17427548000000.0,2587403000000.0,10078039000000.0,6923110694740.0205,11876255694740.02,19279.254655399414,0.9114282106152272,0.24014553469129638,0.5590689607185414,0.00103397493146146,19279.254655399414,0.0002479553289014006,1.1344967014810525,505.9274111911737,0.5017895905685664,0.0,2.0150046204630665,0.0,0.1899886010506909,0.6288639436957677,0.00010650808616177268,-9.049025372601381,0.14563768166528276,1.0118875647874659,-0.986036563713025,-0.07241088142325246,0.3049958263674263,0.9041185406101431,1.0115036064361014,1.6140556227751768,-0.98191554596972,-0.14750046834393177,0.10570234711826854,Consumer Electronics,Technology,LPL
2018Q2,2018,Q2,2018-06-30,2018-06-30,-297385000000.0,5611248000000.0,-228108000000.0,-420.607592,466743000000.0,0.08317989153215113,31444211000000.0,13948587000000.0,9716846000000.0,9768584000000.0,16911363000000.0,2430307000000.0,10078081000000.0,6607603567772.747,11322575567772.746,19491.300968627143,0.9947036336074911,0.24063103380142056,0.5424530097564721,-0.00937131450150999,19491.300968627143,-0.02132008066480139,1.1775639871509416,-5.55475525646279,0.47371132056406484,0.0,2.116812814183558,0.0,0.17845090786345377,0.7196653066606173,-0.00945754371130508,-7.882626245629576,0.08317989153215113,-4.06756134939759,-3.8139873771065753,-0.14619491519234193,0.3358803826348986,-0.13898399510039033,-4.001934268510109,-1.3199861680379972,-1.8877270176360315,-0.1634473510212692,0.1505872920226526,Consumer Electronics,Technology,LPL
2018Q1,2018,Q1,2018-03-31,2018-03-31,-59454000000.0,5675164000000.0,-98323000000.0,-83.0,542084000000.0,0.09551864932890045,29995271000000.0,14237279000000.0,9898586000000.0,9548591000000.0,15169635000000.0,2350385000000.0,10379127000000.0,9196006616280.0,13301007616280.0,19894.70976259566,1.0366540990183788,0.22442504353436246,0.4728213867270565,-0.002398072985835063,19894.70976259566,-0.004175938393846184,1.6203948672285065,-38.668578297002725,0.6459104029836038,0.0,2.1839315686579006,0.0,0.18920195786862537,0.7627712821713696,-0.001982112446992061,-8.038902996735837,0.09551864932890045,-2.6060298020765735,-16.24852526288792,-0.16581452366813454,0.387675805049649,-0.3818163572046008,-2.6075600259571705,-3.2106979044878137,-1.1297487691609343,-0.1918425017042019,0.21497025314100815,Consumer Electronics,Technology,LPL
2017Q4,2017,Q4,2017-12-31,2017-12-31,36984000000.0,7126073000000.0,44476000000.0,51.68023650164037,876898000000.0,0.12305487187683876,29159687000000.0,14373483000000.0,10473703000000.0,8978682000000.0,14178177000000.0,2350084000000.0,10621571000000.0,10452880921697.28,13453438921697.28,20085.03679408142,1.1665078460290719,0.19215288559167318,0.3898232599572421,0.0022098472575125955,20085.03679408142,0.002573071537358064,1.466850104075173,70.65812866170019,0.7272336789696193,0.0,2.659128354560943,0.0,0.24438098392482746,0.8939160558309115,0.001268326371267291,-38.615546588904984,0.12305487187683876,-0.9163073093090844,-0.8823020227350841,-0.18489998656002385,0.40781087916318914,-0.3015597658001655,-0.9163223841694911,-0.9241014824409165,-0.9016613133096509,-0.14575330097154884,0.25736724387153564,Consumer Electronics,Technology,LPL
2017Q3,2017,Q3,2017-09-30,2017-09-30,441982000000.0,6973095000000.0,585993000000.0,617.5,1255509000000.0,0.18005046539592534,28791729000000.0,14534315000000.0,11334062000000.0,8079139000000.0,13623617000000.0,2664032000000.0,10582527000000.0,11005347509622.092,14415613509622.092,20309.77819028064,1.4028799355970976,0.18700863709852228,0.37045447274260945,0.023450266485495353,20309.77819028064,0.03040955146492972,1.5782586512333607,6.224997573216834,0.7571975362871998,0.0,2.1462152106281005,0.0,0.24219090836816365,1.0507693951050971,0.015351005839211672,34.08663557913577,0.18005046539592534,-0.35977190254017627,1.7865082117075937,-0.0816470862480073,0.4586183468413678,-0.17066151077901112,-0.359724757351876,-0.27139947679392046,0.26351328172347943,0.06510639539332866,0.313399118738593,Consumer Electronics,Technology,LPL
2017Q2,2017,Q2,2017-06-30,2017-06-30,690300000000.0,6628886000000.0,804272000000.0,964.5,1513868000000.0,0.22837442067943242,26501299000000.0,14001455000000.0,9993708000000.0,6787252000000.0,11911844000000.0,2343384000000.0,10143348000000.0,13180835501334.67,16663919501334.67,19565.176989159503,1.4724233018016717,0.1895212004513439,0.35871686192613556,0.0374406848676498,19565.176989159503,0.049302018968742894,1.9883937514289234,4.77358956299242,0.9413904127345815,0.0,2.1827485380116958,0.0,0.2501343802052873,1.0983633729821731,0.02604777977109726,89.90406862652391,0.22837442067943242,0.01653385196057846,7.209129750393524,-0.04073384182501312,0.41676529026706494,-0.11947559443487972,0.08967781654011903,-0.2167786404798238,1.6721945441243073,0.1086873478016537,0.31877956996995094,Consumer Electronics,Technology,LPL
2017Q1,2017,Q1,2017-03-31,2017-03-31,633490000000.0,7062162000000.0,1026877000000.0,948.812475,1719280000000.0,0.24344952721277138,24805201000000.0,13190021000000.0,9647152000000.0,6869244000000.0,11096278000000.0,2283169000000.0,9455040000000.0,10887482062087.352,14226798062087.352,18431.305557581738,1.404397922100307,0.18883293870507237,0.3551199046612587,0.04549196902275883,18431.305557581738,0.04802797508813671,1.5416641620635936,4.2966274377209395,0.8254332621674637,0.0,2.3401167412486767,0.0,0.2847048891077319,1.0369021685646922,0.025538595716277406,-22.61323681282617,0.24344952721277138,-0.14916225711124298,5.931264790135758,0.1420653346003252,0.3210437731514055,0.09259419309903048,-0.20618968794679945,0.13672561669493138,8.923478130354843,0.2638768236937645,0.2551265748887349,Consumer Electronics,Technology,LPL
2016Q4,2016,Q4,2016-12-31,2016-12-31,798037000000.0,7935956000000.0,903364000000.0,1115.1509003098522,1573576000000.0,0.19828436548791348,24884336000000.0,12955997000000.0,10484186000000.0,7058219000000.0,11421948000000.0,2287785000000.0,9004283000000.0,11083682664500.775,14303756664500.775,18104.288045493813,1.4853868943426096,0.19203928125709283,0.3688461798810234,0.039461405464417586,18104.288045493813,0.061595954367695514,1.3966411437387978,3.472170671441542,0.8554866649398556,0.0,2.7810218180467134,0.0,0.31891371343000674,1.149277884406817,0.03206985309955628,131.36994979851576,0.19828436548791348,3.487528773882705,155.04947203754398,0.20060248309449735,0.28077701149061696,0.6748027532065576,3.487766062139744,1.7953818970612354,10.154804170976488,0.12105418100718003,0.22097688917144234,Consumer Electronics,Technology,LPL
2016Q3,2016,Q3,2016-09-30,2016-09-30,177825000000.0,6723775000000.0,323163000000.0,248.5,939559000000.0,0.13973682938527837,23570311000000.0,11841884000000.0,9818530000000.0,7075384000000.0,11268648000000.0,2491955000000.0,8085604000000.0,10027861090166.803,13744910090166.803,16547.462841904366,1.3877027734466427,0.20334844118094156,0.40474860250277744,0.014821577328992697,16547.462841904366,0.015016613910421686,1.4914034289021871,14.097934894090823,0.8468129809552942,0.0,2.321155879620619,0.0,0.2852645856051708,0.9534583564651756,0.007544448607402762,377.2993110906315,0.13973682938527837,3.485,1.259190268176114,0.07258914999251047,0.1660240769295908,0.5395817254358324,3.4838322182336263,6.279921605730891,-0.2741747858137039,0.022046791670435106,0.12008323618503969,Consumer Electronics,Technology,LPL
2016Q2,2016,Q2,2016-06-30,2016-06-30,-71593000000.0,5855142000000.0,44391000000.0,-100.0,610269000000.0,0.1042278735511453,22566989000000.0,11869029000000.0,9180432000000.0,6336969000000.0,10220490000000.0,2453078000000.0,7908569000000.0,9526507510470.0,13422528510470.0,16578.476946070146,1.4487102588003824,0.2158815250009649,0.41046289464791097,-0.020616772052812163,16578.476946070146,-0.006031917185474903,1.6270327022760507,-33.2661975,0.802635793582609,0.0,2.138078365221163,0.0,0.2594560576956013,0.9609974421525496,-0.00317246576404145,-23.509644241159673,0.1042278735511453,-29.571428571428573,-3.8704480365809637,-0.032141569233969394,0.1036625340481824,-0.02575191570881226,-30.293371522094926,0.12322562688191088,-1.6771618360916343,-0.10945569203619723,0.13624340221657003,Consumer Electronics,Technology,LPL
2016Q1,2016,Q1,2016-03-31,2016-03-31,2444000000.0,5989201000000.0,39521000000.0,3.5,626400000000.0,0.10458824140315211,22177943000000.0,12002612000000.0,8856127000000.0,5776163000000.0,9677306000000.0,2531891000000.0,7981165000000.0,9379215053178.3,12828578053178.3,16772.058911892353,1.5332197169643584,0.19242925279409367,0.3555630224487803,-0.00038310599610389084,16772.058911892353,0.00020362234486960006,1.5660210858140011,959.4123417735578,0.7814311629150638,0.0,2.1181010556931557,0.0,0.2700521414452188,0.9874613995484546,0.00011019957982577555,-45.54343523928475,0.10458824140315211,1.1581755541521945,1.0212173037355998,0.11623951918137972,0.11889587518375044,-0.18284602831078464,1.1543416482475528,-0.34745063073773197,-0.37317260836111826,-0.11965460574667357,0.16986780056769132,Consumer Electronics,Technology,LPL
2015Q4,2015,Q4,2015-12-31,2015-12-31,-15835000000.0,7495749000000.0,60564000000.0,-22.127313027348997,766563000000.0,0.10226636457544136,22577160000000.0,12192952000000.0,9531634000000.0,6606712000000.0,9872204000000.0,2351669000000.0,8158526000000.0,8770432072802.399,12243001072802.398,17038.03382579356,1.4427197674122922,0.18710196499471146,0.3464485876758967,-0.001620896762014956,17038.03382579356,-0.001298701085676381,1.1700541297210458,-138.46593105150615,0.7193034199431277,0.0,2.8614511651086953,0.0,0.3320058413015632,1.0754319243823554,-0.0007013725375556535,160.61591562681804,0.10226636457544136,-1.083657138099618,0.941624917515474,0.15615136773924254,0.10482865392956923,-0.26762009947701004,-1.0837086610843272,-0.818092257417297,-1.0503933449597107,-0.14261541937015132,0.19423875721107864,Consumer Electronics,Technology,LPL
2015Q3,2015,Q3,2015-09-30,2015-09-30,189168000000.0,7158201000000.0,332938000000.0,264.5,1046674000000.0,0.14622025841409036,23796265000000.0,12477897000000.0,10474775000000.0,7304533000000.0,10774747000000.0,2876463000000.0,8255646000000.0,8044153151017.499,11868091151017.5,17436.206684055505,1.4340102235146313,0.18409439464554628,0.3510815163805247,0.014392738886023215,17436.206684055505,0.015160246955075844,1.1237674313724215,10.630964474722864,0.6446721872297472,0.0,2.1246673431919687,0.0,0.3008119551534663,0.9648975506031665,0.007949482828502708,-26.72920136573351,0.14622025841409036,-0.43482905982905984,-0.15622700084302363,0.06876642465565065,0.10701394673425081,-0.08169252824653049,-0.43531266044967704,-0.3179009563457268,0.19262364845695562,-0.05726872420748195,0.25224267495212965,Consumer Electronics,Technology,LPL
2015Q2,2015,Q2,2015-06-30,2015-06-30,334996000000.0,6707585000000.0,488108000000.0,468.0,1139786000000.0,0.16992494317999698,22454805000000.0,12123015000000.0,9277974000000.0,6448977000000.0,9820789000000.0,2578768000000.0,8067004000000.0,9315262939369.86,12288190939369.86,16940.3061408429,1.4386737617454675,0.18326710029323345,0.33945573770221354,0.021499226544484936,16940.3061408429,0.027633059927748997,1.388765545180547,6.951771766953828,0.7683949033610746,0.0,2.1590926364837784,0.0,0.2987149075665542,0.9646474161715881,0.014918677761842065,184.26726286016378,0.16992494317999698,-0.2693208430913349,-0.3694869444596062,0.025862730829571814,0.1029254827965491,-0.16271563202229652,-0.2689252418031356,-0.3438526683694045,4.013231391949629,-0.029345308761959486,0.2266915735105375,Consumer Electronics,Technology,LPL
2015Q1,2015,Q1,2015-03-31,2015-03-31,458224000000.0,7022349000000.0,743900000000.0,640.5,1361289000000.0,0.19385094645680526,22472580000000.0,11718212000000.0,9224466000000.0,7164054000000.0,10279998000000.0,2645543000000.0,7732754000000.0,11241456308265.148,13946982308265.148,16374.64761887195,1.2876041972882952,0.17782898091807883,0.3410312085154288,0.036105530181531675,16374.64761887195,0.039103576552463805,1.6008113963383404,6.13316647985764,0.9593149798164727,0.0,2.139848038758017,0.0,0.3124852153157314,0.8470352121857261,0.02039036016336353,42.78498878472556,0.19385094645680526,0.21876239523728497,-0.23507455211971068,0.20230385033139622,0.11929556911014083,0.021742507999198392,0.21839569462466232,0.18876593024649435,4.566944825009341,0.13562693129458928,0.17363505297437185,Consumer Electronics,Technology,LPL
2014Q4,2014,Q4,2014-12-31,2014-12-31,376088000000.0,8341938000000.0,625775000000.0,525.5331166295945,1332321000000.0,0.1597136061188659,22967023000000.0,11431412000000.0,9240629000000.0,7549556000000.0,11183613000000.0,2754098000000.0,7455063000000.0,11953156029353.553,15310703029353.553,15973.882644053909,1.223996351573523,0.1849341118350428,0.3715539252718737,0.0318037399684547,15973.882644053909,0.032899522823602194,1.4328991691563222,7.945717511163314,1.045641258433652,0.0,2.545158886866045,0.0,0.36321372604538255,0.8502980837548593,0.016375130551312636,30.98944570592832,0.1597136061188659,0.0747098499582709,-0.25649475813068,0.4276058792745066,0.14843121872280293,0.229449289591971,0.0751392208208025,0.3198746301018525,72.54086820492765,0.2620220521157558,0.13006275769267123,Consumer Electronics,Technology,LPL
2014Q3,2014,Q3,2014-09-30,2014-09-30,349804000000.0,6546853000000.0,474117000000.0,489.0,1083673000000.0,0.16552578773343468,22689120000000.0,11066183000000.0,8767943000000.0,7548692000000.0,11296886000000.0,2624846000000.0,7188056000000.0,11928192480319.5,15688256480319.5,15463.523540191221,1.1615181808980946,0.2020143575422934,0.4141923190679207,0.02483355283838515,15463.523540191221,0.03161017669778279,1.8219734703558335,8.524911436346855,1.0778958273434933,0.0,2.081333533472059,0.0,0.2885459198064976,0.7473878918360956,0.015417257258104325,409.20042814132074,0.16552578773343468,0.3545706371191136,-0.38456937062469543,0.09856756795305611,0.1454811536479286,0.529380301169962,0.354113197613877,1.907230718288959,1.5098596517310687,0.044366222010093506,0.08964382844055307,Consumer Electronics,Technology,LPL
2014Q2,2014,Q2,2014-06-30,2014-06-30,258327000000.0,5979040000000.0,163082000000.0,361.0,708570000000.0,0.11850899140999224,21323110000000.0,10616979000000.0,7325340000000.0,6898782000000.0,10416886000000.0,1984046000000.0,6838521000000.0,11393622336765.24,14617558336765.24,14835.820507596509,1.0618309145005598,0.2108485582075035,0.4234676361326513,0.009432611225533924,14835.820507596509,0.024331497688749315,1.9055939309262424,11.026356455931088,1.0731510664912534,0.0,2.656425304655235,0.0,0.2804018738354771,0.7085920384206952,0.012114883804473175,-16.458944935341158,0.11850899140999224,4.237668161434978,-0.12025650543694802,0.24356047346911966,0.16309462878617248,0.06739516533575564,4.231066528248553,0.7297440629607238,9.3616782319201,-0.011248768410179955,-0.01234960790657696,Consumer Electronics,Technology,LPL
2014Q1,2014,Q1,2014-03-31,2014-03-31,-79951000000.0,5587698000000.0,94281000000.0,-111.5,663831000000.0,0.11880223304838594,21598944000000.0,10508917000000.0,7316308000000.0,7793803000000.0,10883122000000.0,2198844000000.0,6580689000000.0,9450807176250.0,12665820176250.0,14684.818189922913,0.9387340172698745,0.1743203278826965,0.3582800206719684,-0.018931524264276016,14684.818189922913,-0.007607920016877096,1.6913596934283135,-29.551872947961876,0.8993131429480317,0.0,2.239298012955899,0.0,0.25870236989363926,0.6005486666778721,-0.0037016161530860027,-48.72856217259265,0.11880223304838594,-2.1153294721981495,0.6981374995752457,0.524021408366806,0.19057643772955096,-0.22016183412002696,-2.117539347516144,-0.6329564831468548,0.3059146272647562,0.041409251225790734,-0.02034791394169933,Consumer Electronics,Technology,LPL
2013Q4,2013,Q4,2013-12-31,2013-12-31,71542000000.0,7079012000000.0,256866000000.0,99.97045965283245,851242000000.0,0.12024870137245142,21715284000000.0,10611173000000.0,7731788000000.0,6788919000000.0,10917864000000.0,1933241000000.0,6662655000000.0,9133881938814.6,12014790938814.6,14827.70739238105,1.1388835247555613,0.1797249808015405,0.36779901713033986,0.005577748449321887,14827.70739238105,0.006742138687212055,1.2902763745582857,31.917901158810906,0.8607796648697179,0.0,3.2214141951262154,0.0,0.32599214451904013,0.8439982860305153,0.0032945459060079525,-22.636185500199748,0.12024870137245142,-0.7081154462691023,1.132479542538003,0.7034676661738434,0.1439357302084881,-0.1382323701692472,-0.707988261080748,-0.3400035457986141,1.2637366688416776,0.0918734613502282,-0.03849961992766079,Consumer Electronics,Technology,LPL
2013Q3,2013,Q3,2013-09-30,2013-09-30,244997000000.0,6578735000000.0,389193000000.0,342.5,987786000000.0,0.15014831878773047,22346203000000.0,10572325000000.0,8017102000000.0,7095356000000.0,11693212000000.0,2416823000000.0,6590167000000.0,9175019115304.35,11102199115304.35,14773.422463016575,1.129908351321625,0.17938264500684972,0.3791522678313427,0.015876003521869013,14773.422463016575,0.02317342684792607,1.3946479247612724,9.362379044747842,0.8678336236640805,0.0,2.313346488344409,0.0,0.29440057445106,0.7517432529107771,0.010963697054036428,-32.66561204834981,0.15014831878773047,1.3220338983050848,0.17590846040499755,0.7038808297267829,0.08983086699503527,0.023724885842382686,1.318269130685743,0.06371179779273099,0.09279504712457573,-0.017751655100633264,-0.06204457174096009,Consumer Electronics,Technology,LPL
2013Q2,2013,Q2,2013-06-30,2013-06-30,105681000000.0,6572048000000.0,365882000000.0,147.5,964894000000.0,0.14681785647335505,23012148000000.0,10441494000000.0,8329787000000.0,7404413000000.0,12478948000000.0,2395659000000.0,6345249000000.0,9865820431526.4,11529561431526.4,14590.603486655282,1.1249760109275373,0.17798707882462775,0.39226809879888835,0.01631931499265655,14590.603486655282,0.010121252763253994,1.5011789980119439,23.338680632106055,0.9448667433536234,0.0,2.340547632196402,0.0,0.2855903760048823,0.7630927664353677,0.004592400500813744,21.46311312507919,0.14681785647335505,25.818181818181817,-0.8582282066384476,0.5605577635820624,0.10314501678633275,0.3700781811314539,26.104642215952808,1.4184469356459204,-0.8010924004389177,0.0051336074642403026,-0.05005563293724616,Consumer Electronics,Technology,LPL
2013Q1,2013,Q1,2013-03-31,2013-03-31,3899000000.0,6803240000000.0,151288000000.0,5.5,704262000000.0,0.10351861759984948,24085901000000.0,10259802000000.0,9115142000000.0,8307611000000.0,13741006000000.0,2528573000000.0,6242671000000.0,10925504508441.6,13294786508441.6,14336.713006164906,1.0972037568923243,0.1960040440255899,0.46013889936667396,0.000864035775288053,14336.713006164906,0.00038002682702843586,1.6059266626550879,700.5324768172352,1.0648845375809006,0.0,2.4120236987423342,0.0,0.2824573595980487,0.7424733777255579,0.00016187893490054618,72.02948628003243,0.10351861759984948,-0.9874741502985094,-0.9942165268531155,0.6832496231303947,0.17823164274236528,-0.3629395913294322,-0.987591812314625,-0.8247332269832609,-0.9934912961318366,0.16478996511403332,-0.020008264183361636,Consumer Electronics,Technology,LPL
2012Q4,2012,Q4,2012-12-31,2012-12-31,314228000000.0,8742575000000.0,863187000000.0,439.0919682954102,1105487000000.0,0.1264486721589463,24455511000000.0,10209811000000.0,8914685000000.0,9206158000000.0,14215331000000.0,2390007000000.0,6238989000000.0,11017242728870.4,13134438728870.4,14266.85721168747,0.9683393441650686,0.18220257184566702,0.4364289407512049,0.037414645165284574,14266.85721168747,0.030777063356020987,1.2601828098552659,8.765325439545807,1.0790839055561754,0.0,3.1954249506382197,0.0,0.3574889520811894,0.7007572540032444,0.012848964799795025,56.183763463613694,0.1264486721589463,0.9823565160063665,-0.5826942707765081,0.9992890357912002,0.23704881621077725,0.3797477359639751,0.9810736689468209,2.406326581349371,-0.37878856772321184,0.4961692918358204,0.02570580866646037,Consumer Electronics,Technology,LPL
2012Q3,2012,Q3,2012-09-30,2012-09-30,158615000000.0,7593045000000.0,253407000000.0,221.5,801224000000.0,0.10552077592059575,25316520000000.0,9964440000000.0,8759147000000.0,10164209000000.0,15339673000000.0,2746810000000.0,5924248000000.0,10174668337350.0,12327338337350.0,13923.983771533782,0.8617637634173009,0.183795640159074,0.4669671351325313,0.011915963320865012,13923.983771533782,0.015918104780599813,1.3399984245253387,16.036737284225957,1.0210978577170418,0.0,2.4726213316538095,0.0,0.2999245156917301,0.5519773353735642,0.006265276586197471,-111.91284633452858,0.10552077592059575,2.42443729903537,-0.6822779467537626,0.9289251287041129,0.3378138170046956,0.04058443455956362,2.4267146390825274,10.940648046445943,-0.7209393566729827,0.27411948595884367,0.031437689640191745,Consumer Electronics,Technology,LPL
2012Q2,2012,Q2,2012-06-30,2012-06-30,-111175000000.0,6910372000000.0,-25492000000.0,-155.5,769975000000.0,0.11142308981339934,25542597000000.0,9882692000000.0,8407889000000.0,10361819000000.0,15646667000000.0,2568962000000.0,5823865000000.0,7825139365977.798,9927861365977.797,13809.751780036482,0.8114298271374939,0.18626943062993948,0.4814280360047647,-0.0025217075387469656,13809.751780036482,-0.011249465226681151,1.1323759945163296,-17.596445617220144,0.7918024123364158,0.0,2.3902249235294253,0.0,0.2705430461906438,0.5254103550737569,-0.004352533142968978,9.368776448785491,0.11142308981339934,0.13370473537604458,-1.4336725217954056,1.1074771251894961,0.45046232943697445,1.34586839555672,0.13458245111470918,0.8567784707006012,-1.3786111517884205,0.43726509208296754,0.08265317122206571,Consumer Electronics,Technology,LPL
2012Q1,2012,Q1,2012-03-31,2012-03-31,-128464000000.0,6183676000000.0,-177990000000.0,-179.5,328226000000.0,0.05307943042293937,24531565000000.0,9984545000000.0,7382512000000.0,9690691000000.0,14532732000000.0,2197680000000.0,5934666000000.0,9585353035764.0,12446535035764.0,13952.0778434261,0.7618148179526104,0.21419974632682423,0.5262788639842877,-0.007661195512943371,13952.0778434261,-0.012866284843225205,1.5501059621758966,-18.653772721859823,0.9600190129609312,0.0,2.6643778894106513,0.0,0.25207017978673596,0.49487090239488596,-0.005236681801589095,-15.236975982202724,0.05307943042293937,-26.118466229956983,0.20266325962822504,1.3859080457521,0.5657877171085864,-0.049922859384090794,-26.12006257332812,0.8528269966834602,0.5149721172397389,0.6865719311251284,0.13116927447903523,Consumer Electronics,Technology,LPL
2011Q4,2011,Q4,2011-12-31,2011-12-31,5114000000.0,6609978000000.0,-1209393000000.0,7.146136963805668,345473000000.0,0.05226537819036614,25162931000000.0,10115732000000.0,7858065000000.0,9911434000000.0,15031903000000.0,2317370000000.0,6063359000000.0,8706630851821.168,10990989851821.168,14135.394282587376,0.7928282627922458,0.18349754247627195,0.456451001272078,-0.003854201626087821,14135.394282587376,0.0005055491782502739,1.31719513314888,425.62724148519595,0.8607020086950868,0.0,2.7032821690105595,0.0,0.26268712496171454,0.5336514373197663,0.0002032354656935633,36.8865642473719,0.05226537819036614,1.0074555419549356,1.0416246311417412,1.4158863827600585,0.5048853563556861,0.9146673317261064,1.0074539520958956,-31.703825941252635,1.0094699670199232,0.5906010326187396,0.0905247960817687,Consumer Electronics,Technology,LPL
2011Q3,2011,Q3,2011-09-30,2011-09-30,-686079000000.0,6268733000000.0,39389000000.0,-958.5,180435000000.0,0.028783328305735784,24774110000000.0,10155780000000.0,7412425000000.0,9658670000000.0,14591298000000.0,2368804000000.0,6077086000000.0,6864729986070.001,8386498986070.001,14191.356052850671,0.767437442215129,0.1434314290200536,0.34988804404979235,0.0028420474233325213,14191.356052850671,-0.0675555201077613,1.095074552715836,-2.5014356896472565,0.6759431561209479,0.0,2.570199138468189,0.0,0.25303564890928476,0.48741234559209495,-0.027693386361810776,-109.15281973684631,0.028783328305735784,-29.611940298507463,-1.2037500030370434,1.2327264368908113,0.42729238877831827,-0.6000367965703823,-28.519112751193294,1.1154452624915003,-4.292963181615287,0.6235908552899098,0.046892005534339816,Consumer Electronics,Technology,LPL
2011Q2,2011,Q2,2011-06-30,2011-06-30,24931000000.0,6047062000000.0,-341192000000.0,33.5,451129000000.0,0.07460300555873249,24670199000000.0,10749734000000.0,8035832000000.0,9709950000000.0,13894603000000.0,2821946000000.0,6709542000000.0,10690073429036.424,12965592429036.424,15021.328018865577,0.8275873717166412,0.18805255685209513,0.4315729114785538,0.009277197228254578,15021.328018865577,0.0023192201779132396,1.767812770736669,107.19659689780218,0.9944500421160584,0.0,1.9830049901734477,0.0,0.24511606087976834,0.5003271901503097,0.0010105714996461925,-21.298064118958383,0.07460300555873249,1.2080745341614907,1.078213415969246,1.470400901740349,0.38092154988735816,0.9367578242390417,1.2164355971490333,0.4038065016670045,-0.9665548908479589,0.43589784355836614,0.13571060749339228,Consumer Electronics,Technology,LPL
2011Q1,2011,Q1,2011-03-31,2011-03-31,-115189000000.0,5365516000000.0,-572284000000.0,-161.0,232930000000.0,0.04341241364297488,24325435000000.0,10727193000000.0,8540971000000.0,10015280000000.0,13570815000000.0,2505194000000.0,6687001000000.0,12209214357738.842,13801759357738.842,14989.829959948655,0.8527940307210582,0.18930485724099075,0.4292756735149633,-0.02134981635030353,14989.829959948655,-0.010738037434396865,2.2754967756575213,-26.49822109259313,1.1381555601487585,0.0,2.0487778591198924,0.0,0.2205722528702981,0.5679828222476057,-0.004735331557277393,-43.03292127302054,0.04341241364297488,0.5752584930491811,-2.883245751128935,1.1713054141788504,0.3992851962131937,-0.4084617924168931,0.5753604435547789,0.6940379300924221,-1.1708623976189976,0.32752964541896273,0.23190664209742068,Consumer Electronics,Technology,LPL
2010Q4,2010,Q4,2010-12-31,2010-12-31,-271263000000.0,6483363000000.0,-1870441000000.0,-379.0540772805665,393770000000.0,0.06073545473236652,23857658000000.0,11036057000000.0,8840433000000.0,8881829000000.0,12796691000000.0,2215217000000.0,6995865000000.0,14316939374326.023,16772096374326.023,15421.426449426339,0.9953392482561869,0.23427136058367506,0.5064459163268186,-0.07117688501796715,15421.426449426339,-0.024579702696352512,2.2082581793316254,-13.194703455987383,1.2972875524588197,0.0,2.7489826053158675,0.0,0.2717518626513969,0.7235072866185557,-0.01137005987762923,-41.65315570998907,0.06073545473236652,-2.246888412107127,-1.7018056391000023,1.0365634330359788,0.3705256261397344,-0.4894504756459177,-2.2099530315397895,-11.273761397341536,-1.360246712661991,0.4826428782085763,0.3371590568605689,Consumer Electronics,Technology,LPL
2010Q3,2010,Q3,2010-09-30,2010-09-30,224193000000.0,6697629000000.0,182060000000.0,304.0,771267000000.0,0.11515522881306206,23792794000000.0,11271671000000.0,9640830000000.0,9017635000000.0,12503472000000.0,2491607000000.0,7277156000000.0,14084370458268.232,15158877458268.232,15750.665775705202,1.0691084746721287,0.17739396222234347,0.3744518448063291,0.010807297794847532,15750.665775705202,0.019889952430300707,2.1028890161381337,15.70563137371398,1.2495370436440376,0.0,2.3785300009190857,0.0,0.2814982132825594,0.7622567336114181,0.009422726897900264,-25.932765969144857,0.11515522881306206,-0.587516960651289,-0.03905817396236863,1.6951963746364314,0.4975427490945266,-0.3864536730031247,-0.5780349214296067,-0.7412652507265635,-0.5509185115945296,0.7014550658974624,0.5133210902500425,Consumer Electronics,Technology,LPL
2010Q2,2010,Q2,2010-06-30,2010-06-30,531307000000.0,6538482000000.0,703655000000.0,737.0,1257064000000.0,0.1922562454098673,22256827000000.0,10991690000000.0,9324609000000.0,7618583000000.0,11265137000000.0,1776587000000.0,6951498000000.0,14065649291232.0,14635742291232.0,15359.429449294707,1.2239295680049689,0.16082921433499933,0.3256594754764736,0.04111634775835887,15359.429449294707,0.048337152885498044,2.1512102184011517,6.618418960804205,1.279662116674688,0.33673187065105487,2.9727888361222954,0.012719498140162258,0.29377422037741496,0.9628356086689611,0.023871641721436753,38.21263143215907,0.1922562454098673,-0.07644110275689223,11.064505204774413,1.9994091422432885,0.7907854963303247,0.20072135131107893,-0.11307516643184808,-0.000616399347241613,1.0725275155165421,0.99406070302196,0.6132276794469662,Consumer Electronics,Technology,LPL
2010Q1,2010,Q1,2010-03-31,2010-03-31,599044000000.0,5840744000000.0,704089000000.0,798.0,1046924000000.0,0.17924497290071265,20310977000000.0,10469274000000.0,8308226000000.0,6484684000000.0,9841703000000.0,1389197000000.0,6429082000000.0,14241499963891.197,14569236963891.197,14629.42235346297,1.2812075345537268,0.16604036329714716,0.32212758974500044,0.040302398714352254,14629.42235346297,0.0572192493958989,2.4383023744733885,5.943428180522298,1.3603139973116758,0.0,3.4507848778826906,0.0,0.2875658812473669,1.0380331562802443,0.029493608308453108,61.319962470844644,0.17924497290071265,0.1289815317764234,8.073162379214963,2.069500434866071,0.7140935615027746,0.07906947980334154,0.1842769620683588,1.3408147931433434,4.718082811521279,1.2535912461743315,0.6418034708886863,Consumer Electronics,Technology,LPL
2009Q4,2009,Q4,2009-12-31,2009-12-31,505831000000.0,5843306000000.0,300788000000.0,706.8317572426251,970210000000.0,0.16603785596715284,19719611000000.0,9953937000000.0,8451435000000.0,6529938000000.0,9765674000000.0,1667780000000.0,5763097000000.0,13946312455086.85,18198414455086.85,13909.307221566856,1.2942596085904645,0.2571087228850508,0.5093546402795196,0.026443951456360613,13909.307221566856,0.05081717917242193,2.3867160910427847,6.892772712174051,1.4010850636373176,1.97694486893844e-06,2.921905766947679,7.170354193772956e-08,0.29631953693204194,0.972169261025143,0.025651165228360744,19.20178280288922,0.16603785596715284,-0.09205939981679494,4.477464520535901,1.545151014999362,0.6067779499232777,-0.13168191711773636,-0.11006194701164168,-0.681566652939327,5.117135079205732,1.135674792820815,0.4808156275183099,Consumer Electronics,Technology,LPL
2009Q3,2009,Q3,2009-09-30,2009-09-30,568389000000.0,5959445000000.0,944587000000.0,778.5,1117344000000.0,0.18749128484279995,17932246000000.0,9660729000000.0,7514174000000.0,5457273000000.0,8271517000000.0,1381178000000.0,5427873000000.0,12076285600051.2,14342274600051.2,13499.587916349115,1.3769100427997647,0.17193914248109243,0.3191534510490875,0.06138622735044306,13499.587916349115,0.058835000961107595,2.026411117151211,5.311628831685342,1.2500387496690155,0.0,3.505776228697532,0.0,0.3323312093755573,1.0669141895595107,0.03169647572311912,104.73340791857422,0.18749128484279995,0.9198520345252774,0.7856459103119136,1.9678580770705711,0.5505988720714747,1.7205313750888709,0.9356727137743964,3.1783682641352526,2.825718700727208,1.1225677342928402,0.35771796668990213,Consumer Electronics,Technology,LPL
2009Q2,2009,Q2,2009-06-30,2009-06-30,293639000000.0,4808001000000.0,226066000000.0,405.5,410708000000.0,0.08542177923839867,17423661000000.0,9128216000000.0,6915904000000.0,5343624000000.0,8295445000000.0,1129490000000.0,4859484000000.0,11374799155785.932,13229868155785.932,12755.471601721221,1.2942347740035602,0.1805401287364349,0.34460950529654427,0.016541349891422245,12755.471601721221,0.032168279102948484,2.3658063207112336,9.684339576645074,1.2461141537169946,0.6092753346796577,3.8931668275062195,0.015728365622086328,0.27594665667565504,1.020561139780793,0.016852887576267697,-15.822989653023088,0.08542177923839867,2.095945945945946,-0.6483113884051701,0.7564187383108242,0.8709564810244452,3.5532332865011376,2.108661589751528,1.549346565642329,1.9212028900482696,0.9642084050020489,0.17261973053720042,Consumer Electronics,Technology,LPL
2009Q1,2009,Q1,2009-03-31,2009-03-31,-264859000000.0,3666417000000.0,-411518000000.0,-370.0,-160858000000.0,-0.043873351012718956,18562108000000.0,8826747000000.0,7718325000000.0,5915582000000.0,9712385000000.0,1193451000000.0,4558168000000.0,10057141448260.73,12387510448260.73,12334.208644282517,1.304744824769566,0.21635883165855946,0.4549893635786774,-0.021992814420050414,12334.208644282517,-0.03000641119542681,2.7430435349445332,-9.49292024082694,1.1393938727665731,0.0,3.2068974763102966,0.0,0.19752158537166145,1.0010754647640756,-0.014268799642799191,71.33027964495462,-0.043873351012718956,0.5096808506304361,-1.3456082035208787,0.39873385093455815,1.1598312374216473,-2.1564302813861307,0.5095412602796547,-0.27971514755729704,-5.330227594633677,0.4837177044551498,0.1513856800953631,Consumer Electronics,Technology,LPL
2008Q4,2008,Q4,2008-12-31,2008-12-31,-540023000000.0,4155648000000.0,-321570000000.0,-754.6105439196771,-50962000000.0,-0.012263310078235693,17388366000000.0,9276022000000.0,7018010000000.0,4785882000000.0,8099743000000.0,1136673000000.0,5001934000000.0,7360566361316.428,9897307361316.428,12962.010889963743,1.466398461140496,0.22454628571770344,0.4209232147142385,-0.01825807036191532,12962.010889963743,-0.05821708917896055,1.7712198822702085,-3.407524476418795,0.7935046252926554,0.0,3.7008092916784334,0.0,0.2389901385788636,1.1416587370938105,-0.031056569662727365,159.5060538576784,-0.012263310078235693,-3.6201754997211015,-6.847717563323242,0.8100629549744732,0.4973479953312165,-1.1042120804380988,-3.5919403687118123,-2.214590037619544,-2.3971355719125,0.3053782053186129,0.1519536243457197,Consumer Electronics,Technology,LPL
2008Q3,2008,Q3,2008-09-30,2008-09-30,208347000000.0,3861030000000.0,264756000000.0,288.0,489022000000.0,0.12665584053995954,17899664000000.0,9700886000000.0,8922848000000.0,4811293000000.0,8198690000000.0,1512175000000.0,5552848000000.0,10949847871481.42,14583049871481.42,13555.70199966072,1.8545634198540808,0.2468128452020105,0.45540860906931596,0.01702259787567188,13555.70199966072,0.02147711044125248,2.8359913990519163,13.138955530294917,1.1287471960273958,0.0,2.2299059301998776,0.0,0.21570404896985776,1.3944708833987038,0.011639715695221988,62.0757736752888,0.12665584053995954,-0.7171036868394235,-0.3454588873539842,0.9228282283521014,0.5570442861707393,-0.5702458261567929,-0.7205010566563587,-0.7059392277745066,-0.1069777083608214,0.5537190934825594,0.28884985101965865,Consumer Electronics,Technology,LPL
2008Q2,2008,Q2,2008-06-30,2008-06-30,745430367312.12,4211345554370.7,900344503608.18,1018.040839,1137910996016.1,0.27020128871522575,16908930908652.18,9465205246013.82,8742356030559.0,4268651313596.04,7443638751643.5,1387359163829.76,5346137178655.62,13982922301392.0,17475581991097.799,13226.369393536701,2.048037046903739,0.2592101488051576,0.46306090391581356,0.052788181862781176,13226.369393536701,0.0787548022401364,3.3202980189740003,4.689546775445893,1.4772973155844424,0.0,2.2153128320935176,0.0,0.24906042712705062,1.5719265400599818,0.04408500876484678,22.468801798933306,0.27020128871522575,0.10925809739574656,-0.10720520461987816,0.5384535579752757,0.9400271749985031,0.060817893540088694,0.10571339118282853,0.007928384166756753,15.926651721573354,0.9318778207120716,0.542087911354055,Consumer Electronics,Technology,LPL
2008Q1,2008,Q1,2008-03-31,2008-03-31,674162376305.04,4041729703374.47,893262376326.95,917.767327,1072673267434.0,0.2653995556749916,15334683169850.3,8707797030573.75,7306725743304.93,3379971287466.71,6626800000662.68,1032570297132.96,4606044554916.05,15856683645890.783,18947521269962.242,12167.991832909722,2.1617715423793804,0.26741528780613155,0.47092607910857176,0.05300554121865759,12167.991832909722,0.07742054321408776,3.923241980445135,5.8801426048121925,1.8209753385634435,0.39867147204304865,2.875403683588776,0.016949906610971635,0.26356786498993096,1.6806092148536034,0.04396324129020928,18.548019661575644,0.2653995556749916,-0.12776914335731143,-0.12030156514918708,0.5419152138007113,1.1307251738109918,-0.025957860783995878,-0.10468888177050799,0.02926848520989763,8.960116381372606,1.124060065313435,0.4256937801971221,Consumer Electronics,Technology,LPL
2007Q4,2007,Q4,2007-12-31,2007-12-31,752992297960.31,4372841967064.66,867861388124.39,1052.2069014304152,1101259611106.1304,0.2518407066618436,13852534673562.13,8253361440718.1,5757632034678.09,2450684462124.29,5599087090521.75,824390451185.91,4196664802904.42,17222980971348.365,19485985657793.875,11532.978347118502,2.3493975351226113,0.24978135466088863,0.41923583513243384,0.05572449019377681,11532.978347118502,0.09123462038696255,3.938624149024431,5.718179660669047,2.086783802582363,0.0,3.9684864753737283,0.0,0.3156708912925752,1.803867756886691,0.05435772699399284,12.467320830072103,0.2518407066618436,0.5098137427959063,7.153886567478854,0.9046654703529864,0.3322687470990482,0.22850881390454775,0.5083205181511977,0.2961244135883723,7.153886567478854,0.9046654703529864,0.3322687470990482,Consumer Electronics,Technology,LPL
2007Q3,2007,Q3,2007-09-30,2007-09-30,499225654560.0,3936412506120.0,669581854200.0,696.911726,896419788480.0,0.2277250636426753,14010203177880.0,7448301006720.0,5148947809440.0,2907898338240.0,6561902171160.0,900974767080.0,3429898885800.0,16111961497961.998,18918739311282.0,10408.013128993502,1.7706766917293233,0.3180310813446908,0.5982142857142857,0.04335332442759308,10408.013128993502,0.06702544031311154,4.09305718669283,8.068476324680528,2.163172713270513,0.0,3.374115267947422,0.0,0.28096755315690225,1.3405388471177946,0.03563300604720723,26.15409546019726,0.2277250636426753,0.9444697629548489,0.5683629492967882,0.9603694053674214,0.1954923008262484,1.8520890935586625,0.9463817689181903,3.6555845317251356,0.5683629492967882,0.9603694053674214,0.1954923008262484,Consumer Electronics,Technology,LPL
2007Q2,2007,Q2,2007-06-30,2007-06-30,256489072458.52,3280667315486.77,143823369468.9,358.407078,314302870308.1299,0.09580455440404663,13448755588952.64,6816986607535.17,4143524454821.73,2568117201003.31,6631768981417.47,940763044742.07,2880469556600.24,14932110372393.838,18303643679924.36,9520.931016110573,1.613448347763467,0.34076795832071005,0.6722772462154916,0.02252046510603857,9520.931016110573,0.037624992863416994,4.5515466630539105,14.554333864270859,2.190426831099917,0.0,3.1531472901254656,0.0,0.24393835502383912,1.0671348445972533,0.01907158404077256,-33.407197535101155,0.09580455440404663,2.599355741893678,-0.6929636451128279,0.19784898705724668,0.3965181489310844,10.044476946094408,2.5911296492385683,1.7373964264700512,-0.6929636451128279,0.19784898705724668,0.3965181489310844,Consumer Electronics,Technology,LPL
2007Q1,2007,Q1,2007-03-31,2007-03-31,-161199354547.42,2593084437902.35,-195042129723.07,-224.094658,-34750806727.83984,-0.013401340203156347,12682945495461.22,6379975795403.63,3064865542065.32,2835703656169.93,6302969700057.59,1026387593737.94,2553284330351.72,11669119217064.8,14850341876333.162,8910.580719837471,1.0808130586553988,0.32442041872080285,0.6449250937934536,-0.01297128551205759,8910.580719837471,-0.02526645236860522,4.500092263291055,-18.09734171986417,1.8290224902532806,0.0,2.5602757288404403,0.0,0.20445443361956603,0.6627708896855424,-0.012709930402610937,71.39408801860368,-0.013401340203156347,-0.30530068585714765,-1.2102369133775879,-0.011250556658755623,0.5603230930581964,-34.533296973276585,-0.34520024651397196,-0.3984065053711758,-1.2102369133775879,-0.011250556658755623,0.5603230930581964,Consumer Electronics,Technology,LPL
