Quarters,Year,Quarter,FillingDate,Date,NetIncome,Revenue,OperatingIncome,EPSDiluted,GrossProfit,GrossProfitRatio,TotalAssets,CommonStockEquity,CurrentAssets,CurrentLiability,TotalLiability,Inventory,RetainedEarnings,MarketCap,EnterpriseValue,bookValuePerShare,currentRatio,debtToAssets,debtToEquity,roic,shareholdersEquityPerShare,roe,priceToSalesRatio,peRatio,pbRatio,payoutRatio,inventoryTurnover,dividendYield,assetTurnover,quickRatio,returnOnAssets,priceToFreeCashFlowsRatio,grossProfitMargin,epsdilutedGrowth,fiveYNetIncomeGrowthPerShare,fiveYRevenueGrowthPerShare,fiveYShareholdersEquityGrowthPerShare,grossProfitGrowth,netIncomeGrowth,operatingIncomeGrowth,threeYNetIncomeGrowthPerShare,threeYRevenueGrowthPerShare,threeYShareholdersEquityGrowthPerShare,Industry,Sector,Symbol
2023Q1,2023,Q1,2023-05-15,2023-03-31,-1653000.0,98000.0,-1697000.0,-0.11,98000.0,1.0,2168000.0,-312000.0,1785000.0,2447000.0,2480000.0,106000.0,-387936000.0,12463280.0,11485280.0,-0.02077783697389451,0.7294646505925623,0.07287822878228782,-0.5064102564102564,-418.67776119402987,-0.02077783697389451,5.298076923076923,127.17632653061224,-1.8849485783424076,-39.94641025641026,0.0,0.0,0.0,0.045202952029520294,0.4675112382509195,-0.7624538745387454,-6.563075302790943,1.0,0.999424113920737,0.995022027764115,-0.9992774435339147,0.9971068458419766,0.9215686274509803,0.35580067779277746,0.35005744925315974,0.9456945922439178,-0.9865434028054706,-1.0108483938082926,Biotechnology,Healthcare,TTNP
2022Q4,2022,Q4,2023-03-31,2022-12-31,-2565976.0,51000.0,-2611000.0,-191.01,51000.0,1.0,4058000.0,1363000.0,3603000.0,2630000.0,2695000.0,106000.0,-386261000.0,10520.1654,-2739479.8346,101.45898466577341,1.3699619771863119,0.04608181370133071,0.1371973587674248,-1.5031523195805743,101.45898466577341,-1.8825942773294204,0.20627775294117648,-0.0010249672444325277,0.007718389875275128,0.0,0.0,0.0,0.012567767373090193,1.1304182509505702,-0.6323252833908329,-0.006662549335022166,1.0,-1060.1666666666665,-5.14763061069255,6.710427222744144,12.946052432489433,11.75,0.025455374097987087,0.012107453651153992,-132.5090500596165,7.59298687677142,194.03574613205538,Biotechnology,Healthcare,TTNP
2022Q3,2022,Q3,2022-11-14,2022-09-30,-2633000.0,4000.0,-2643000.0,-0.18,4000.0,1.0,6276000.0,3550000.0,5747000.0,2630000.0,2726000.0,460000.0,-383695000.0,15799320.000000002,11565320.000000002,0.24266867181625537,2.185171102661597,0.03441682600382409,0.06084507042253521,-0.6624787853148113,0.24266867181625537,-0.7416901408450705,3949.8300000000004,-1.500125332320547,4.450512676056339,0.0,0.0,0.0,0.0006373486297004461,1.7106463878326996,-0.41953473550031867,-8.435301655098772,1.0,0.0,0.994941052621003,-0.9991947569895413,-0.9929207214286075,-0.9733333333333334,-0.060838033843674456,-0.08230958230958231,0.9667879908656211,-0.9998506595692417,1.0471861021752549,Biotechnology,Healthcare,TTNP
2022Q2,2022,Q2,2022-08-11,2022-06-30,-2482000.0,150000.0,-2442000.0,-0.18,150000.0,1.0,8319000.0,5667000.0,7713000.0,2524000.0,2652000.0,469000.0,-381057000.0,7651089.6,1476089.5999999996,0.41389132340052587,3.0558637083993663,0.029450655126818128,0.0432327510146462,-0.39984367881485106,0.41389132340052587,-0.43797423680959946,51.007264,-0.7706576954069299,1.3501128639491793,0.0,0.0,0.0,0.018031013342949875,2.5835974643423136,-0.2983531674480106,-4.329988455008489,1.0,0.25,0.993812267492146,-0.9832399524226868,-0.9935319734670657,-0.21875,0.023219205037386857,0.03820401732965734,0.9842156164276217,-0.9901243404995268,1.3280164847562053,Biotechnology,Healthcare,TTNP
2022Q1,2022,Q1,2022-05-16,2022-03-31,-2541000.0,192000.0,-2539000.0,-0.24,192000.0,1.0,10318000.0,7882000.0,9633000.0,2278000.0,2436000.0,293000.0,-378595000.0,10262288.5,2396288.5,0.734644421660919,4.228709394205444,0.02636169800348905,0.03450900786602385,-0.30144785263460866,0.734644421660919,-0.32238010657193605,53.44941927083333,-1.0096702577725305,1.30199042121289,0.0,0.0,0.0,0.018608257414227565,3.6681299385425814,-0.2462686567164179,-3.462310560053981,1.0,0.07692307692307698,0.9907180482586498,-0.947310951626433,-0.9918431405502567,0.4222222222222222,0.0007864726700747149,-0.0007883326763894363,0.9769005114490379,-0.9916570966983121,-0.8940568197395163,Biotechnology,Healthcare,TTNP
2021Q4,2021,Q4,2022-03-25,2021-12-31,-2543000.0,135000.0,-2537000.0,-0.26,135000.0,1.0,7994000.0,5138000.0,7229000.0,2669000.0,2856000.0,293000.0,-376055000.0,10061280.0,4323280.0,0.5208840227088403,2.708505058074185,0.03740305228921691,0.05819384974698326,-0.4428166765503685,0.5208840227088403,-0.49493966523939276,74.528,-0.9891152182461659,1.958209420007785,0.0,0.0,0.0,0.016887665749311984,2.303859123267141,-0.31811358518889166,-9.264530386740331,1.0,-0.368421052631579,0.9869522605413861,-0.953947732012513,-0.9953494782625697,-0.48863636363636365,-0.3279373368146214,-0.32966457023060797,0.9675857308366386,-0.9886234161961163,-0.9664058400215705,Biotechnology,Healthcare,TTNP
2021Q3,2021,Q3,2021-11-15,2021-09-30,-1915000.0,264000.0,-1908000.0,-0.19,264000.0,1.0,9637000.0,7496000.0,8845000.0,1925000.0,2141000.0,129000.0,-373515000.0,18445680.0,11352680.0,0.7599351175993512,4.594805194805195,0.03372418802531908,0.0433564567769477,-0.2342253866928554,0.7599351175993512,-0.25546958377801493,69.87,-2.408052219321149,2.4607363927427963,0.0,0.0,0.0,0.027394417349797653,3.991168831168831,-0.1987132925184186,-8.154588859416446,1.0,-0.11764705882352934,0.9912732449480879,-0.8787683885457608,-0.9941358721835413,-0.25842696629213485,-0.13988095238095238,0.17935483870967742,0.9884487940638155,-0.9980263422546635,-0.9831543331446495,Biotechnology,Healthcare,TTNP
2021Q2,2021,Q2,2021-08-16,2021-06-30,-1680000.0,445000.0,-2325000.0,-0.17,356000.0,0.8,11507000.0,8747000.0,10630000.0,2516000.0,2760000.0,129000.0,-371600000.0,25646400.0,16318400.0,0.8867599351175993,4.224960254372019,0.030590075606152775,0.04024236881216417,-0.24600571368109195,0.8867599351175993,-0.19206585114896535,57.632359550561794,-3.8164285714285717,2.9320224076826342,0.0,0.689922480620155,0.0,0.03867211262709655,3.888314785373609,-0.14599808812027462,-13.158748075936378,0.8,0.39285714285714285,-1.0016268005437328,-0.9996574329300237,-0.9942856146534039,-0.3776223776223776,0.3638773191972738,0.11664133738601824,0.9769124395577321,-0.9980081220414732,1.0795578321377899,Biotechnology,Healthcare,TTNP
2021Q1,2021,Q1,2021-05-17,2021-03-31,-2641000.0,682000.0,-2632000.0,-0.28,572000.0,0.8387096774193549,13824000.0,9980000.0,13189000.0,3756000.0,3844000.0,218000.0,-369920000.0,27681220.0,16788220.0,1.0743890623317902,3.5114483493077744,0.05324074074074074,0.07374749498997996,-0.24388435878428466,1.0743890623317902,-0.26462925851703406,40.5882991202346,-2.62033510034078,2.773669338677355,0.0,0.5045871559633027,0.0,0.04933449074074074,3.202076677316294,-0.19104456018518517,-10.545226666666666,0.8387096774193549,0.15151515151515146,0.9828359197559714,0.0,-0.9781349269040465,-0.6566626650660264,0.14392220421393842,-1.4436952124072826,0.9871431873788761,-0.991871406838228,1.1496004221674025,Biotechnology,Healthcare,TTNP
2020Q4,2020,Q4,2021-03-31,2020-12-31,-3085000.0,1057000.0,5932000.0,-0.33,1666000.0,1.576158940397351,8087000.0,3532000.0,7328000.0,4223000.0,4555000.0,328000.0,-367279000.0,30560810.0,25956810.0,0.38023468618796424,1.7352592943405163,0.1000370965747496,0.22904869762174404,1.3208639501224673,0.38023468618796424,-0.8734428086070215,28.912781456953642,-2.476564829821718,8.652550962627407,0.0,-1.8567073170731707,0.0,0.13070359836775072,1.4911200568316363,-0.381476443675034,-6.687266958424508,1.576158940397351,0.7800021999780001,0.9838658687146059,0.0,-0.9939378406104656,2.8123569794050343,0.37449310624493104,2.269148480958494,0.9893107625683354,-0.7688895226463633,-0.9477348123707632,Biotechnology,Healthcare,TTNP
2020Q3,2020,Q3,2020-11-16,2020-09-30,-4932000.0,1120000.0,-4674000.0,-1.500015,437000.0,0.39017857142857143,8018000.0,-897000.0,6649000.0,5877000.0,8915000.0,1073000.0,-364194000.0,16193487.0,17462487.0,-0.27485828098667076,1.1313595371788328,0.6662509353953604,-5.955406911928651,-1.0014998928647953,-0.27485828098667076,5.498327759197324,14.458470535714286,-0.8208377433090024,-18.052939799331103,0.0,0.6365330848089469,0.0,0.1396857071588925,0.765016164709886,-0.6151159890246944,-4.161780262143408,0.39017857142857143,0.0,0.9067960983489551,0.0,-1.0034351274428617,-0.601640838650866,-0.06270200387847447,-0.06614963503649635,0.957522065219096,0.010685460395281069,-1.0080183334923103,Biotechnology,Healthcare,TTNP
2020Q2,2020,Q2,2020-08-14,2020-06-30,-4641000.0,1325000.0,-4384000.0,-1.500015,1097000.0,0.8279245283018868,9762000.0,1560000.0,8690000.0,4857000.0,8202000.0,969000.0,-359262000.0,29067268.986,28830268.986,0.49299987580195437,1.7891702697138152,0.5389264494980537,3.3724358974358974,-0.6163362856741178,0.49299987580195437,-2.975,21.937561498867925,-1.5657869524886878,18.632864734615385,0.0,0.23529411764705882,0.0,0.13573038311821348,1.3504220712373893,-0.4754148740012293,-7.19486856089109,0.8279245283018868,0.28571428571428564,0.9283438459014662,-0.938599840683198,-0.9723361534948411,-0.05836909871244635,0.16887535816618912,-0.03738760056791292,0.9499354376124186,-0.3593969997526422,-0.9922957160560368,Biotechnology,Healthcare,TTNP
2020Q1,2020,Q1,2020-05-15,2020-03-31,-5584000.0,1336000.0,-4226000.0,-2.100021,1165000.0,0.8720059880239521,13262000.0,5276000.0,12146000.0,4410000.0,7986000.0,1064000.0,-354621000.0,19255157.28,15742157.280000001,1.9152915483222686,2.7541950113378686,0.3412004222590861,0.8576573161485974,-0.41598582537651346,1.9152915483222686,-1.0583775587566338,14.412542874251498,-0.8620682879656161,3.649574920394238,0.0,0.16071428571428573,0.0,0.1007389534006937,2.1743764172335602,-0.42105263157894735,-3.6732463334605114,0.8720059880239521,-0.4678686759956942,0.9539354926699665,-0.9407567048553431,-0.9491444622312455,0.7466266866566716,-0.4168992641461558,-0.11386399578281498,0.9205544819516887,0.4279563592326056,-0.9787342508779615,Biotechnology,Healthcare,TTNP
2019Q4,2019,Q4,2020-03-30,2019-12-31,-3941000.0,1217000.0,-3794000.0,-1.43066,667000.0,0.5480690221857025,9522000.0,1433000.0,8308000.0,3600000.0,8089000.0,998000.0,-349037000.0,16040455.056000002,15258455.056000002,0.5202071244779778,2.307777777777778,0.4663936147868095,3.099092812281926,-0.6026048284625158,0.5202071244779778,-2.7501744591765527,13.180324614626132,-1.0175371134229891,11.193618322400559,0.0,0.5511022044088176,0.0,0.12780928376391515,1.7266666666666666,-0.4138836378911993,-4.249127167152318,0.5480690221857025,0.7350656123068399,0.663413712264056,-0.946092788794086,-0.993277300079081,-0.12121212121212122,-0.4059935783089547,0.022920422353850115,0.9275933391695034,0.48658929784951316,-0.9953555216998791,Biotechnology,Healthcare,TTNP
2019Q3,2019,Q3,2019-11-14,2019-09-30,-2803000.0,947000.0,-3883000.0,-5.400054,759000.0,0.8014783526927138,5304000.0,-2660000.0,3946000.0,3482000.0,7964000.0,1309000.0,-345096000.0,4174029.96,7609029.96,-5.142799693752078,1.1332567489948306,0.8212669683257918,-1.637593984962406,-1.7811926605504587,-5.142799693752078,1.0537593984962406,4.407634593453009,-0.3722823724580806,-1.569184195488722,0.0,0.1436210847975554,0.0,0.1785444947209653,0.4870763928776565,-0.5284690799396682,-1.2327318251624335,0.8014783526927138,0.5263157894736842,-1.680406440814945,-0.8193283783654038,-1.1087549097317189,1.96484375,0.46065037521647106,0.20462925030725113,0.7563995187912168,7.293406761249763,-1.0396850126282844,Biotechnology,Healthcare,TTNP
2019Q2,2019,Q2,2019-08-14,2019-06-30,-5197000.0,502000.0,-4882000.0,-11.400114,256000.0,0.5099601593625498,6761000.0,-571000.0,5493000.0,4342000.0,7332000.0,1317000.0,-342293000.0,17309196.0,19593196.0,-1.2618003747834388,1.2650852141870106,0.6768229551841444,-8.014010507880911,-1.0729670329670329,-1.2618003747834388,9.101576182136602,34.48047011952191,-0.8326532614970176,-30.31382837127846,0.0,0.1867881548974943,0.0,0.07424937139476409,0.7904191616766467,-0.7686732731844401,-4.133045845272206,0.5099601593625498,-0.11764705882352951,-0.22612722884070507,-0.8905337471788685,-1.032755069734777,-0.6006240249609984,-0.15054239539517378,-0.13932322053675614,-1.1096946259046103,-0.9915764156959764,-1.0081311900622074,Biotechnology,Healthcare,TTNP
2019Q1,2019,Q1,2019-05-15,2019-03-31,-4517000.0,945000.0,-4285000.0,-10.200102,641000.0,0.6783068783068783,11440000.0,3055000.0,10089000.0,4761000.0,8385000.0,1246000.0,-337096000.0,24319022.400000002,23479022.400000002,6.9343247942400845,2.119092627599244,0.4430944055944056,1.6592471358428804,-0.49117377349839525,6.9343247942400845,-1.4785597381342062,25.73441523809524,-1.3459720168253266,7.960400130932897,0.0,0.24398073836276082,0.0,0.0826048951048951,1.67212770426381,-0.39484265734265733,-5.588010661764707,0.6783068783068783,-0.28247031488103314,0.4894849106811577,-0.7885009323312623,-0.8545346429314783,1.6708333333333334,-0.2890981735159817,-0.31200244947948563,0.381037762989647,0.0,-0.8588783860400845,Biotechnology,Healthcare,TTNP
2018Q4,2018,Q4,2019-04-01,2018-12-31,-3504000.0,530000.0,-3266000.0,-7.95348,240000.0,0.4528301886792453,14095000.0,6831000.0,13301000.0,3452000.0,7264000.0,1262000.0,-332579000.0,17684158.68,12703158.68,15.505195636482492,3.8531286210892235,0.306065980844271,0.6315327184892402,-0.2930462090623598,15.505195636482492,-0.512955643390426,33.36633713207547,-1.261712234589041,2.5888096442687747,0.0,0.22979397781299524,0.0,0.03760198652004257,3.2245075318655854,-0.24859879389854558,-4.840996079934301,0.4528301886792453,0.5983122962958175,-2.418320953213109,-0.8813814752757343,-0.7581997042981465,-0.8369565217391305,-0.7134474327628362,-0.673155737704918,0.6136183938192253,0.0,-0.7527974939461347,Biotechnology,Healthcare,TTNP
2018Q3,2018,Q3,2018-11-14,2018-09-30,-2045000.0,1650000.0,-1952000.0,-19.800158,1472000.0,0.8921212121212121,11854000.0,5489000.0,11525000.0,2202000.0,6365000.0,1293000.0,-329075000.0,4594972.464000001,313972.4640000006,45.11160787665604,5.233878292461399,0.34975535684157244,0.7553288394971762,-0.20259470679813182,45.11160787665604,-0.3725633084350519,2.784831796363637,-0.5617325750611247,0.8371237864820551,0.0,0.13766434648105183,0.0,0.13919352117428715,4.225249772933696,-0.17251560654631348,-2.010049196850394,0.8921212121212121,-1.7499997916683447,-0.22385274458577145,-0.48560398368183816,2.6803038453345893,-0.4334103156274057,-1.3532796317606444,-2.054773082942097,-0.03653275403685334,0.0,-0.436203553145881,Biotechnology,Healthcare,TTNP
2018Q2,2018,Q2,2018-08-14,2018-06-30,-869000.0,2668000.0,-639000.0,-7.200058,2598000.0,0.9737631184407796,4617000.0,-1313000.0,4193000.0,2389000.0,5930000.0,1317000.0,-326745000.0,23112163.799999997,25039163.799999997,-11.146104805643512,1.7551276684805357,0.7669482347844921,-2.696877380045697,-0.2868043087971275,-11.146104805643512,0.6618431073876618,8.662730059970015,-6.649068987341772,-17.602561919268847,0.0,0.05315110098709187,0.0,0.5778644141217241,0.7547090832984512,-0.18821745722330518,-12.48631215559157,0.9737631184407796,0.6666666512346915,-1.1214330691714178,-0.14104773448512548,-1.4329581316372961,0.0,0.6664107485604607,0.7345243041130037,0.6395891240877137,2.3210516486378894,-1.6254446453402411,Biotechnology,Healthcare,TTNP
2018Q1,2018,Q1,2018-05-15,2018-03-31,-2605000.0,1064000.0,-2407000.0,-21.600173,0.0,0.0,5290000.0,-846000.0,4749000.0,2718000.0,6136000.0,0.0,-325876000.0,22264011.0,22217011.0,-7.181724802417677,1.7472406181015452,0.646124763705104,-4.040189125295508,-0.9358475894245724,-7.181724802417677,3.07919621749409,20.924822368421054,-2.1366613243762,-26.316797872340427,0.0,0.0,0.0,0.20113421550094518,1.2847682119205297,-0.4924385633270321,-21.063397350993377,0.0,0.30478714587476546,-1.2912841818332699,-0.8620098764015659,0.81375346554885,0.0,0.28825136612021857,0.2866034380557202,0.4974757320646748,0.10332298810838822,-1.1906918438887715,Biotechnology,Healthcare,TTNP
2017Q4,2017,Q4,2018-04-02,2017-12-31,-3660000.0,58000.0,-3374000.0,-31.06987,0.0,0.0,8905000.0,857000.0,8310000.0,4464000.0,8048000.0,0.0,-323271000.0,28095061.5,27157061.5,7.275104202921926,1.8615591397849462,0.7393599101628299,7.6826137689614935,-0.45343367826904984,7.275104202921926,-4.27071178529755,484.39761206896554,-1.9190615778688525,32.78303558926488,0.0,0.0,0.0,0.006513194834362718,1.6995967741935485,-0.41100505334081977,-7.235400849858357,0.0,0.1369549599158761,-7.802573948863323,-0.9880580174245925,1.0248642602784488,0.0,0.12670007158196134,0.171007371007371,-6.309696757082203,-0.9399224005267373,-0.9059829438154274,Biotechnology,Healthcare,TTNP
2017Q3,2017,Q3,2017-11-09,2017-09-30,-4191000.0,40000.0,-4070000.0,-36.000288,0.0,0.0,12740000.0,4038000.0,12056000.0,1972000.0,8702000.0,0.0,-319611000.0,37106685.0,32143685.0,34.27872902146877,6.113590263691684,0.5278649921507065,1.6654284299158,-0.37814735668493915,34.27872902146877,-1.0378900445765231,927.667125,-2.2134744094488186,9.189372213967312,0.0,0.0,0.0,0.0031397174254317113,5.973123732251521,-0.3289638932496075,-10.099805389221556,0.0,-0.1764705805460053,0.7002436989094328,-0.981331585826937,1.0852994667511857,0.0,-0.21443059982613735,-0.123998895332781,-5.466870918889819,-0.9664926271321027,-0.2751068868233459,Biotechnology,Healthcare,TTNP
2017Q2,2017,Q2,2017-08-09,2017-06-30,-3451000.0,77000.0,-3621000.0,-30.600245,0.0,0.0,9414000.0,7538000.0,8754000.0,1869000.0,1876000.0,0.0,-315420000.0,40287258.0,31937258.0,63.990356454638835,4.683788121990369,0.0,0.0,-0.4803661448660122,63.990356454638835,-0.4578137436985938,523.2111428571428,-2.91852057374674,5.344555319713452,0.0,0.0,0.0,0.00817930741448906,4.514178705189941,-0.36658168684937326,-15.987007142857143,0.0,-0.06250002170121564,-0.11539334797137347,-0.9684519755236113,1.1826598394140482,0.0,-0.14841930116472546,-0.05353505964503928,-2.1277471131781525,-0.9354983072292979,0.6611253490748521,Biotechnology,Healthcare,TTNP
2017Q1,2017,Q1,2017-05-10,2017-03-31,-3005000.0,40000.0,-3437000.0,-28.80023,0.0,0.0,13074000.0,10607000.0,12312000.0,2270000.0,2467000.0,0.0,-311969000.0,69955974.0,59085974.0,90.06461692606838,5.423788546255507,0.0,0.0,-0.32403130008484965,90.06461692606838,-0.2833034788347318,1748.89935,-5.81996455906822,6.59526482511549,0.0,0.0,0.0,0.0030595074193054917,5.233039647577092,-0.22984549487532507,-22.307389668367346,0.0,-0.4697646813264315,0.7035483364256774,-0.983957656514374,1.2280547113097144,0.0,-0.2913622690159003,-0.056238475722188076,-0.2704911412412389,-0.9665107584132674,0.8893377580572207,Biotechnology,Healthcare,TTNP
2016Q4,2016,Q4,2017-03-16,2016-12-31,-2327000.0,35000.0,-3254000.0,-19.59513,0.0,0.0,18667000.0,13191000.0,17830000.0,4857000.0,5476000.0,0.0,-308964000.0,84795120.0,70789120.0,112.00550220342869,3.6709903232448013,0.0,0.0,-0.24668334470472292,112.00550220342869,-0.17640815707679477,2422.7177142857145,-9.109918349806618,6.428255628837844,0.0,0.0,0.0,0.0018749665184550277,3.6221947704344246,-0.12465848824128141,-34.150269834877164,0.0,0.09282532135275029,0.5910129634261913,-0.9873835426762902,1.33461636810473,0.0,0.11183206106870229,-0.24388379204892965,-7.492074494257143,-0.970696913611609,0.7467024723828446,Biotechnology,Healthcare,TTNP
2016Q3,2016,Q3,2016-11-09,2016-09-30,-2620000.0,26000.0,-2616000.0,-21.600173,0.0,0.0,23535000.0,15262000.0,22675000.0,6718000.0,8273000.0,0.0,-306637000.0,124648826.4,108159826.4,129.59047643307775,3.3752604941947006,0.0,0.0,-0.17140610667016118,129.59047643307775,-0.1716681955182807,4794.185630769231,-11.893971984732826,8.16726683265627,0.0,0.0,0.0,0.0011047376248141067,3.333879130693659,-0.1113235606543446,-44.264498011363635,0.0,-1.218181820202004,-0.6597762391648756,-0.9869142946838313,1.4429336027828017,0.0,-1.2196512407780014,-1.2172035868482232,-0.6199578198516333,-0.9916256026823512,9.572275101331433,Biotechnology,Healthcare,TTNP
2016Q2,2016,Q2,2016-08-09,2016-06-30,11928000.0,15004000.0,12044000.0,99.000792,0.0,0.0,25298000.0,17680000.0,24393000.0,6068000.0,7618000.0,0.0,-304017000.0,112177447.2,92872447.2,155.18028297581014,4.019940672379697,0.0,0.0,0.6812217194570136,155.18028297581014,0.6746606334841629,7.476502745934417,2.351136971830986,6.344878235294117,0.0,0.0,0.0,0.5930903628745355,3.980883322346737,0.47149972329828443,8.299603965670316,0.0,7.11111096022069,1.8969023084093002,10.345269133146944,1.547027628077342,0.0,7.461538461538462,7.577826324412889,0.7233786495744614,3.994432433988289,5.027806714156831,Biotechnology,Healthcare,TTNP
2016Q1,2016,Q1,2016-05-10,2016-03-31,-1846000.0,0.0,-1831000.0,-16.20013,0.0,0.0,11996000.0,5476000.0,10989000.0,5080000.0,6520000.0,0.0,-315945000.0,96086154.60000001,90324154.60000001,49.1372271026444,2.1631889763779526,0.0,0.0,-0.3343681519357195,49.1372271026444,-0.3371073776479182,0.0,-13.012751164680392,17.5467776844412,0.0,0.0,0.0,0.0,2.0903543307086614,-0.15388462820940313,-45.86451293556086,0.0,0.19965407548189565,0.780296142390764,-1.0,1.2820465524609395,0.0,0.1952920662598082,0.18622222222222223,-1.2181874060295546,-1.0,2.2742953137560784,Biotechnology,Healthcare,TTNP
2015Q4,2015,Q4,2016-03-15,2015-12-31,-2294000.0,0.0,-2250000.0,-20.24141,0.0,0.0,13287000.0,6990000.0,12244000.0,4853000.0,6297000.0,0.0,-314099000.0,89065245.60000001,81208245.60000001,62.72264745206069,2.522975479085102,0.0,0.0,-0.3218884120171674,62.72264745206069,-0.32818311874105865,0.0,-9.706325806451613,12.741809098712448,0.0,0.0,0.0,0.0,2.4871213682258397,-0.1726499586061564,-48.58987757774141,0.0,-0.24945972655774962,0.7134495827606344,-1.0,1.6201283391324257,0.0,-0.2695074709463199,-0.2486126526082131,-4.831910084577368,-1.0,1.2143683702805317,Biotechnology,Healthcare,TTNP
2015Q3,2015,Q3,2015-11-16,2015-09-30,-1807000.0,0.0,-1802000.0,-16.20013,0.0,0.0,14909000.0,8917000.0,13850000.0,4594000.0,5992000.0,0.0,-311805000.0,79837765.2,70147765.2,80.01399818741419,3.0148019155420114,0.0,0.0,-0.2020859033307166,80.01399818741419,-0.20264663003252215,0.0,-11.04562329828445,8.953433352024224,0.0,0.0,0.0,0.0,2.957771005659556,-0.12120195854852774,-44.13364577114428,0.0,0.18181897152641746,-1.5269811650724283,-1.0,2.4112695907827297,-1.0,0.20780359491451117,-0.6501831501831502,0.8633852405067486,-1.0,1.199107480727835,Biotechnology,Healthcare,TTNP
2015Q2,2015,Q2,2015-08-13,2015-06-30,-2281000.0,760000.0,-1092000.0,-19.800178,760000.0,1.0,17313000.0,1986000.0,16213000.0,5285000.0,15327000.0,0.0,-309998000.0,88272304.65900001,76773304.65900001,17.821089186206155,3.0677388836329236,0.0,0.0,-0.5498489425981873,17.821089186206155,-1.148539778449144,116.1477692881579,-9.674737468106095,44.447283312688825,0.0,0.0,0.0,0.043897649165367064,3.0227057710501417,-0.13175070756079246,-45.87957622609148,1.0,0.5,0.3364457129383079,-0.6958807244658716,1.3147883950261237,-0.16575192096597147,0.5342046150704512,0.3238390092879257,0.22069945619159737,-0.670851682531036,1.0508701227698798,Biotechnology,Healthcare,TTNP
2015Q1,2015,Q1,2015-05-13,2015-03-31,-4897000.0,911000.0,-1615000.0,-39.600356,911000.0,1.0,18388000.0,4191000.0,17202000.0,5340000.0,14197000.0,0.0,-307717000.0,78219414.89999999,64796414.89999999,37.66141569540173,3.2213483146067414,0.0,0.0,-0.38534955857790504,37.66141569540173,-1.1684562157003102,85.86104818880351,-3.9932313099857053,18.66366377952756,0.0,0.0,0.0,0.04954318033500109,3.1659176029962546,-0.26631498803567544,-38.474872060993604,1.0,-8.328112463989335,-7.634498458414461,-0.7979711063021753,2.394707563299082,-0.0010964912280701754,-9.35306553911205,-0.28890662410215484,0.4887222863319265,-0.613327274565693,1.095363346640117,Biotechnology,Healthcare,TTNP
2014Q4,2014,Q4,2015-03-31,2014-12-31,-473000.0,912000.0,-1253000.0,-4.24527,912000.0,1.0,20851000.0,8611000.0,19583000.0,6662000.0,12240000.0,0.0,-302820000.0,50897703.78,35427703.78,77.38068493273785,2.939507655358751,0.0,0.0,-0.1455115549878063,77.38068493273785,-0.054929741028916505,55.80888572368421,-26.901534767441863,5.910777352223899,0.0,0.0,0.0,0.04373890940482471,2.9177424196937856,-0.022684763320704043,-32.37767416030535,1.0,0.5711887034550902,0.8267225944228823,17.16510555360853,4.198098818922443,0.0010976948408342481,-1.660614525139665,-0.6978319783197832,0.912018443055227,-0.6520782653259473,1.2311747480639081,Biotechnology,Healthcare,TTNP
2014Q3,2014,Q3,2014-11-13,2014-09-30,716000.0,911000.0,-738000.0,-9.900089,911000.0,1.0,13216000.0,4251000.0,11859000.0,7461000.0,8965000.0,0.0,-302347000.0,49393357.2,41943357.2,47.28797721811871,1.5894652191395255,0.0,0.0,-0.17360621030345802,47.28797721811871,0.1684309574217831,54.21883336992317,17.24628393854749,11.619232462949896,0.0,0.0,0.0,0.068931598062954,1.553813161774561,0.05417675544794189,-35.20552900926586,1.0,0.0,1.2944161017256406,0.0,4.09394726498769,0.0,1.850356294536817,-0.3418181818181818,1.5942364244453624,-0.39932416633573226,1.161627881107057,Biotechnology,Healthcare,TTNP
2014Q2,2014,Q2,2014-08-13,2014-06-30,-842000.0,911000.0,-550000.0,-9.900089,911000.0,1.0,14249000.0,3463000.0,12812000.0,7821000.0,10786000.0,0.0,-303063000.0,69773679.36,60920679.36,38.522292426804306,1.6381536887866002,0.0,0.0,-0.1588218307825585,38.522292426804306,-0.24314178457984406,76.59020785949507,-20.716650641330165,20.14833362980075,0.0,0.0,0.0,0.06393431117973192,1.6105357371180156,-0.05909186609586638,-51.72251991104522,1.0,0.5,0.6821585442697922,19.573979740573783,0.0,0.0,0.5332594235033259,0.41113490364025695,0.9197592542766037,-0.12696535661032443,1.1357953333389745,Biotechnology,Healthcare,TTNP
2014Q1,2014,Q1,2014-05-14,2014-03-31,-1804000.0,911000.0,-934000.0,-19.800178,911000.0,1.0,16123000.0,4282000.0,14605000.0,9160000.0,11841000.0,0.0,-302221000.0,59581585.8,49342585.8,47.66993966112261,1.5944323144104804,0.0,0.0,-0.21812237272302662,47.66993966112261,-0.42129845866417565,65.40239934138309,-8.256871646341464,13.91442919196637,0.0,0.0,0.0,0.056503132171432116,1.5632096069868995,-0.11188984680270421,-38.217822835150734,1.0,-7.509910088020906,-0.08479149393210139,24.96132038849989,0.0,0.0,-7.631578947368421,-0.45482866043613707,0.7336251287556258,-0.35977025108364685,1.2736243563226437,Biotechnology,Healthcare,TTNP
2013Q4,2013,Q4,2014-03-31,2013-12-31,-209000.0,911000.0,-642000.0,-2.32672,911000.0,1.0,18423000.0,5760000.0,16820000.0,10846000.0,12663000.0,0.0,-300417000.0,53801282.7,42003282.7,64.1239730144947,1.5508021390374331,0.0,0.0,,64.1239730144947,-0.036284722222222225,59.05739045005489,-64.35560131578947,9.34050046875,0.0,0.0,0.0,0.04944905824241437,1.5319933616079662,-0.011344515008413396,-25.318250682352943,1.0,0.764979890584822,0.32817367519564467,0.0,62.055240130919785,-0.5855323020928116,0.8174672489082969,-4.015625,0.9676104695901518,-0.7773522369872696,1.6339830109123465,Biotechnology,Healthcare,TTNP
2013Q3,2013,Q3,2013-11-14,2013-09-30,-1145000.0,2198000.0,-128000.0,-9.900089,2198000.0,1.0,15520000.0,1022000.0,13850000.0,12250000.0,14498000.0,0.0,-300208000.0,55386507.33,46388507.33,12.25757702963647,1.1306122448979592,0.0,0.0,,12.25757702963647,-1.1203522504892367,25.19859296178344,-12.093123871179039,54.19423417808219,0.0,0.0,0.0,0.14162371134020618,1.1092244897959185,-0.07377577319587629,-25.429985,1.0,-1.1630308495039494,0.8629605815366307,0.0,-0.9062757006237823,0.0,-1.2261058451816746,0.5616438356164384,-1.1402074375527225,-0.5617652683327271,1.2161964919948702,Biotechnology,Healthcare,TTNP
2013Q2,2013,Q2,2013-08-14,2013-06-30,5064000.0,2198000.0,-292000.0,60.72524942440522,2198000.0,1.0,16908000.0,2146000.0,15230000.0,13525000.0,14762000.0,0.0,-299063000.0,39199569.75,28023569.75,25.744070826185535,1.1260628465804066,0.0,0.0,-0.13606710158434296,25.744070826185535,2.359739049394222,17.834199158325752,1.9352078273104265,18.266341915191052,0.0,0.0,0.0,0.1299976342559735,1.1110536044362291,0.2995031937544358,-9.974445229007634,1.0,-0.1237416646579514,1.465491527477167,128.35861554641173,-0.8850440538828604,-0.5751836103594897,-0.15614064322612897,-2.7076023391812867,2.9694156085082892,0.17584627451883425,1.4547384647559247,Biotechnology,Healthcare,TTNP
2013Q1,2013,Q1,2013-05-15,2013-03-31,6001000.0,5174000.0,171000.0,69.300624,5174000.0,1.0,23532000.0,-3048000.0,21965000.0,19981000.0,26580000.0,0.0,-304127000.0,2347636.5,-12758363.5,-38.56031374533494,1.0992943296131326,0.1062383137854836,-0.8202099737532809,-0.31204379562043794,-38.56031374533494,-1.9688320209973753,0.45373724391186704,0.09780188718546909,-0.7702219488188976,0.0,0.0,0.0,0.21987081421043686,1.0860317301436364,0.25501444841067483,-1.2460915605095542,1.0,22.768074406566168,1.7807936208616144,62.169704329034396,-1.1129469156072307,0.5876035593740411,22.508960573476703,1.3877551020408163,15.896260378763289,0.6153556273895922,-0.42799627233265425,Biotechnology,Healthcare,TTNP
2012Q4,2012,Q4,2013-03-18,2012-12-31,-279000.0,3259000.0,-441000.0,-3.18359,3259000.0,1.0,24827000.0,-23128000.0,23435000.0,21393000.0,47955000.0,0.0,-310128000.0,2347636.5,-3894363.5,-292.59282687076984,1.0954517832936006,0.47770572360736296,-0.512798339674853,,-292.59282687076984,0.012063299896229679,0.7203548634550475,-2.103616935483871,-0.10150624783811829,0.0,0.0,0.0,0.13126837717001652,1.0633384752021688,-0.011237765336125992,0.25070872490388724,1.0,0.9732023455108809,0.9665723803287849,201.2624992093112,-1.6795536799248572,1.6539087947882736,0.9651815799326096,0.834023334587881,0.8561096678107166,90.38482064834143,-11.092691798398635,Biotechnology,Healthcare,TTNP
2012Q3,2012,Q3,2012-11-09,2012-09-30,-8013000.0,1228000.0,-2657000.0,-118.801069,1228000.0,1.0,10744000.0,-27131000.0,9380000.0,10893000.0,37875000.0,0.0,-309849000.0,2005136.0999999999,9061136.1,-401.8633448372906,0.8611034609382172,1.127885331347729,-0.44664774612067376,,-401.8633448372906,0.2953448085216173,1.6328469869706839,-0.06255884500187195,-0.07390572039364565,0.0,0.0,0.0,0.1142963514519732,0.7887634260534289,-0.7458116157855548,-0.7988590039840637,1.0,-3.000000033669731,-0.23316106331691797,0.0,-2.758631660837728,-0.09705882352941177,-3.647911832946636,-0.527889591719379,-3.3872930045724896,0.0,-25.293025623048727,Biotechnology,Healthcare,TTNP
2012Q2,2012,Q2,2012-08-09,2012-06-30,-1724000.0,1360000.0,-1739000.0,-29.700267,1360000.0,1.0,10054000.0,-22995000.0,8819000.0,9464000.0,33049000.0,0.0,-301835000.0,1949478.3,10008478.3,-350.325263943692,0.9318469991546915,1.2097672568132087,-0.5289410741465536,,-350.325263943692,0.07497282017829963,1.4334399264705884,-0.2826969692575406,-0.08477835616438356,0.0,0.0,0.0,0.13526954445991646,0.8467878275570583,-0.17147404018301174,-0.6240327464788733,1.0,0.6666666704077479,0.6832013363761293,72.5987243356338,-2.0525066747155214,0.07086614173228346,0.6660856091419717,0.5076443941109853,0.10872007851169878,41.06464722665404,0.0,Biotechnology,Healthcare,TTNP
2012Q1,2012,Q1,2012-05-10,2012-03-31,-5163000.0,1270000.0,-3532000.0,-89.100802,1270000.0,1.0,7509000.0,-23690000.0,6737000.0,5887000.0,31199000.0,0.0,-300111000.0,1781584.2,11682584.2,-394.9254826126096,1.1443859351112622,1.6259155679850845,-0.5153651329674969,,-394.9254826126096,0.21794005909666525,1.4028222047244094,-0.08626690877396863,-0.07520406078514141,0.0,0.0,0.0,0.16913037688107604,0.991846441311364,-0.6875749101078705,-0.5833609037328095,1.0,-0.8443067632045277,0.05050702706646113,0.0,-3.147679749263055,-0.10120311394196745,-0.7815734989648033,-3.6109660574412534,-3.6490478971087126,53.19563115451576,0.0,Biotechnology,Healthcare,TTNP
2011Q4,2011,Q4,2012-03-15,2011-12-31,-2898000.0,1413000.0,-766000.0,-48.31127,1413000.0,1.0,10217000.0,-20079000.0,9962000.0,5123000.0,30296000.0,0.0,-294948000.0,1336188.15,8183188.15,-334.7281032240856,1.944563732188171,1.199275716942351,-0.6102395537626376,,-334.7281032240856,0.14432989690721648,0.9456391719745222,-0.11526812888198756,-0.06654654863290005,0.0,0.0,0.0,0.13829891357541352,1.7813780987702519,-0.2836449055495742,-0.5647456255283178,1.0,-3.879882392976467,0.4169512792421518,31.015980740333667,-2.2680098910793425,0.39624505928853754,-2.6044776119402986,0.6085845682166582,-12.949584429950457,0.0,-330.1493015036842,Biotechnology,Healthcare,TTNP
2011Q3,2011,Q3,2011-11-14,2011-09-30,-804000.0,1012000.0,-1957000.0,-9.900089,1012000.0,1.0,6551000.0,-17550000.0,6468000.0,6383000.0,24101000.0,0.0,-292050000.0,1336165.875,13569165.875,-292.57314328582146,1.0133166222779257,2.2904900015264844,-0.854985754985755,,-292.57314328582146,0.04581196581196581,1.3203220108695652,-0.415474463619403,-0.07613480769230768,0.0,0.0,0.0,0.15448023202564495,0.8724737584208052,-0.12272935429705388,-0.40245960090361443,1.0,0.9166666673681194,0.878681144940613,661.7389514045177,-1.859686647295753,0.45611510791366905,0.8849620832737158,0.534047619047619,0.8662481891659356,0.0,-3.237082647285198,Biotechnology,Healthcare,TTNP
2011Q2,2011,Q2,2011-08-15,2011-06-30,-6989000.0,695000.0,-4200000.0,-118.801069,695000.0,1.0,8841000.0,-16985000.0,8751000.0,6207000.0,25826000.0,0.0,-291246000.0,1333693.3499999999,9756693.35,-283.6790593579851,1.4098598356694054,1.6417826037778531,-0.8545775684427436,,-283.6790593579851,0.41148071828083604,1.9189832374100717,-0.04770687330090142,-0.078521833971151,0.0,0.0,0.0,0.07861101685329713,1.2603512163686161,-0.7905214342268974,-0.19278597137901127,1.0,-0.4999999936869256,-0.3378458354683383,454.78832214316736,-1.6381519303781522,-0.2668776371308017,-0.5489804964539007,-0.1722020653084008,0.10556796153783328,55.946455612341474,-2.266722535153515,Biotechnology,Healthcare,TTNP
2011Q1,2011,Q1,2011-05-16,2011-03-31,-4512000.0,948000.0,-3583000.0,-79.200713,948000.0,1.0,3218000.0,-10426000.0,3175000.0,8714000.0,13644000.0,0.0,-284257000.0,1333047.375,7825047.375,-174.2167265435709,0.36435620840027544,2.2660037290242387,-0.6994053328217916,,-174.2167265435709,0.4327642432380587,1.4061681170886076,-0.07386122423537234,-0.12785798724342987,0.0,0.0,0.0,0.29459291485394656,0.33910947899931143,-1.4021131137352392,-0.632375415085389,1.0,-0.10252764716314675,0.4182824794729637,574.0571643412147,-1.3055273240089231,-0.6522377109317682,-0.04954640614096301,0.10065261044176707,0.22459561414156373,14.28752884843222,-1.5102977646976554,Biotechnology,Healthcare,TTNP
2010Q4,2010,Q4,2011-03-25,2010-12-31,-4299000.0,2726000.0,-3984000.0,-71.83558,2726000.0,1.0,4752000.0,-6053000.0,4699000.0,5405000.0,10805000.0,0.0,-279745000.0,1333047.375,5423047.375,-101.14462361099507,0.8693802035152637,1.5298821548821548,-1.2010573269453164,,-101.14462361099507,0.7102263340492317,0.4890122432134996,-0.07752078244940684,-0.22022920452668096,0.0,0.0,0.0,0.5736531986531986,0.8149861239592969,-0.9046717171717171,-0.45065834178498987,1.0,-6.256053960727019,0.35562761249858404,26.108076191363207,-1.239046362391038,-0.2427777777777778,-10.1953125,-28.511111111111113,0.3196768856869951,222.4618514495781,-1.2349107526474798,Biotechnology,Healthcare,TTNP
2010Q3,2010,Q3,2010-11-15,2010-09-30,-384000.0,3600000.0,-135000.0,-9.900089,3600000.0,1.0,8547000.0,-3393000.0,8486000.0,4586000.0,10699000.0,0.0,-275446000.0,1333047.375,2439047.375,-56.696465870164594,1.8504143044047099,0.8783198783198783,-2.2124963159445916,,-56.696465870164594,0.11317418213969938,0.3702909375,-0.8678693847656249,-0.3928816312997347,0.0,0.0,0.0,0.4212004212004212,1.8109463584823375,-0.044928044928044926,11.016920454545454,1.0,0.6666666666666667,0.9670861233162151,1967.0441139610662,-1.1199018472791404,1.6825633383010432,0.7919826652221018,0.921784472769409,0.9333323079688826,0.0,-1.2481146917672916,Biotechnology,Healthcare,TTNP
2010Q2,2010,Q2,2010-08-16,2010-06-30,-1846000.0,1342000.0,-1726000.0,-29.700267,1342000.0,1.0,2086000.0,-3388000.0,2012000.0,2392000.0,4233000.0,0.0,-275062000.0,1333047.375,2807047.375,-56.612916701478824,0.8411371237458194,1.4026845637583893,-0.8636363636363636,,-56.612916701478824,0.5448642266824085,0.993328893442623,-0.1805318763542795,-0.39346144480519474,0.0,0.0,0.0,0.6433365292425696,0.7663043478260869,-0.8849472674976031,-6.979305628272251,1.0,-2.0000000000000004,0.824403562680894,55.38406138935841,-1.084753430806139,-0.4465979381443299,-5.052459016393443,-8.588888888888889,0.6279409602896523,78.65590553373995,-1.1700861423257143,Biotechnology,Healthcare,TTNP
2010Q1,2010,Q1,2010-05-14,2010-03-31,-305000.0,2425000.0,-180000.0,-9.900089,2425000.0,1.0,7450000.0,-1616000.0,7362000.0,5707000.0,7825000.0,0.0,-273216000.0,1333047.375,2609047.375,-27.003091319241374,1.2899947432977046,0.39181208053691274,-1.806311881188119,,-27.003091319241374,0.18873762376237624,0.5497102577319588,-1.0926617827868852,-0.8249055538366336,0.0,0.0,0.0,0.32550335570469796,1.2540739442789557,-0.04093959731543624,-0.8044944930597465,1.0,0.5964095859607241,0.9735582672645546,93.54498525953952,-1.0321542715785585,88.81481481481481,0.7922343324250681,0.8717034925160371,0.9437773254945366,0.0,-1.1468479370087221,Biotechnology,Healthcare,TTNP
2009Q4,2009,Q4,2009-12-31,2009-12-31,-1468000.0,27000.0,-1403000.0,-24.53004,27000.0,1.0,3726000.0,-1448000.0,3616000.0,1547000.0,3933000.0,0.0,-272911000.0,1333047.375,944047.375,-24.19583925139945,2.3374272786037493,0.7812667740203972,-2.0103591160220993,,-24.19583925139945,1.0138121546961325,49.372125,-0.2270176047343324,-0.920612828038674,0.0,0.0,0.0,0.007246376811594203,2.1758241758241756,-0.39398819108964034,-1.3602524234693878,1.0,0.17408015220873269,0.8972462652568035,-0.5087559528782689,-1.0234436890560605,0.0,0.07846829880728186,0.11482649842271293,0.703957165932384,-0.3867882835255444,-1.0916581643376415,Biotechnology,Healthcare,TTNP
2009Q3,2009,Q3,2009-09-30,2009-09-30,-1593000.0,0.0,-1585000.0,-29.700267,0.0,0.0,1400000.0,-900000.0,1300000.0,1100000.0,2300000.0,0.0,-271100000.0,1311663.375,611663.375,-15.284028190540885,1.1818181818181819,0.0,0.0,,-15.284028190540885,1.77,0.0,-0.20584798728813558,-1.4574037499999999,0.0,0.0,0.0,0.0,0.6363636363636364,-1.137857142857143,-1.0967085075250835,0.0,0.0,0.8599427966196378,0.0,-1.0120964242129258,-1.0,0.08184438040345822,0.08908045977011494,0.7551353943424053,-1.0,-1.0449100515677325,Biotechnology,Healthcare,TTNP
2009Q2,2009,Q2,2009-06-30,2009-06-30,-1735000.0,29000.0,-1740000.0,-29.700267,29000.0,1.0,,,,,,,,1311462.9,,,0.0,0.0,0.0,0.0,,0.0,45.22285862068965,-0.18897159942363112,0.0,0.0,0.0,0.0,0.0,0.0,0.0,-0.7895622516556291,1.0,-0.5000000000000001,0.82795151585272,0.0,0.0,0.2608695652173913,-0.591743119266055,-0.6007359705611776,0.6622537885931377,18.340885929750662,0.0,Biotechnology,Healthcare,TTNP
2009Q1,2009,Q1,2009-03-31,2009-03-31,-1090000.0,23000.0,-1087000.0,-19.800178,23000.0,1.0,,,,,,,,1311462.9,,,0.0,0.0,0.0,0.0,,0.0,57.020126086956516,-0.300794243119266,0.0,0.0,0.0,0.0,0.0,0.0,0.0,-0.8316188332276474,1.0,-4.71717504793144,0.9149905753116958,10.446090087641823,0.0,0.0,0.8221859706362153,0.8218032786885245,0.8571569462908374,13.181432162511038,0.0,Biotechnology,Healthcare,TTNP
2008Q4,2008,Q4,2008-12-31,2008-12-31,-6130000.0,0.0,-6100000.0,-3.46328,0.0,0.0,5700000.0,1800000.0,5400000.0,2600000.0,3900000.0,0.0,-267000000.0,39426750.0,34726750.0,1.0169491525423728,2.076923076923077,0.0,0.0,-3.388888888888889,1.0169491525423728,-3.4055555555555554,0.0,-1.6079424959216966,21.90375,0.0,0.0,0.0,0.0,1.8076923076923077,-1.075438596491228,-5.242918882978724,0.0,0.9650176885781766,0.9903440849462903,-1.0,-0.9993292979298274,0.0,-0.03898305084745763,-0.013625789298770355,0.9689340559164283,-1.0,-0.9975965307203389,Biotechnology,Healthcare,TTNP
2008Q3,2008,Q3,2008-11-10,2008-09-30,-5900000.0,0.0,-6018000.0,-99.000891,0.0,0.0,13496000.0,7700000.0,13170000.0,4438000.0,4555000.0,0.0,-260898000.0,9617394.6,-2586605.4000000004,130.78334125959643,2.967552951780081,0.0,0.0,,130.78334125959643,-0.7662337662337663,0.0,-0.407516720338983,1.2490122857142858,0.0,0.0,0.0,0.0,2.749887336638125,-0.43716656787196206,-1.5857204616652927,0.0,0.23076922897616817,0.5462663611401797,0.0,-0.9287836964994045,-1.0,0.2320708056748666,0.23337579617834395,0.4859688951747923,-1.0,-0.7234190179283158,Biotechnology,Healthcare,TTNP
2008Q2,2008,Q2,2008-08-11,2008-06-30,-7683000.0,12000.0,-7850000.0,-128.701158,12000.0,1.0,19467000.0,13184000.0,19079000.0,4831000.0,5042000.0,0.0,-254998000.0,57699467.1,39526467.1,223.9472745494386,3.9492858621403437,0.0,0.0,,223.9472745494386,-0.5827518203883495,4808.288925,-1.8775044611479892,4.376476570084952,0.0,0.0,0.0,0.0006164278008938204,3.761747050300145,-0.39466789952226844,-9.288388135866066,1.0,-0.29999999696972424,0.45459524850468574,1.8456455640298277,-0.8912513156510683,-0.8032786885245902,-0.3422431865828092,-0.31844138394356736,0.2570812914061947,-0.4874791427933043,-0.6647355242650225,Biotechnology,Healthcare,TTNP
2008Q1,2008,Q1,2008-05-12,2008-03-31,-5724000.0,61000.0,-5954000.0,-99.000891,61000.0,1.0,25739000.0,20098000.0,25320000.0,4400000.0,4400000.0,0.0,-247315000.0,66002451.074999996,41662451.074999996,341.40209617965314,5.754545454545455,0.0,0.0,,341.40209617965314,-0.2848044581550403,1082.007394672131,-2.882706633254717,3.2840308028162,0.0,0.0,0.0,0.002369944442286025,5.531818181818182,-0.2223862620925444,-11.683917697822622,1.0,0.06240614912078165,0.58426632996767,0.1127183302691634,-0.8513351135371912,4.083333333333333,0.07915057915057915,0.06486571383697189,0.49553515145499016,1.417674352011609,-0.5934711478671489,Biotechnology,Healthcare,TTNP
2007Q4,2007,Q4,2008-03-12,2007-12-31,-6216000.0,12000.0,-6367000.0,-105.59038,12000.0,1.0,30844000.0,25347000.0,30456000.0,4256000.0,4256000.0,0.0,-241591000.0,72558985.95,46944985.95,430.5661723487744,7.156015037593985,0.0,0.0,,430.5661723487744,-0.2452361226180613,6046.5821625,-2.918234634411197,2.8626261865309504,0.0,0.0,0.0,0.00038905459732849174,7.052631578947368,-0.20153028141615872,-16.6878992525299,1.0,-0.06655989591043177,0.6689034847760795,-0.9758844040675202,-0.8300620931300852,0.0,-0.4375578168362627,-0.3962719298245614,0.5576930343436983,-0.7780495676841801,-0.5828183780804818,Biotechnology,Healthcare,TTNP
2007Q3,2007,Q3,2007-11-08,2007-09-30,-4324000.0,0.0,-4560000.0,-99.000891,0.0,0.0,14390000.0,10266000.0,13938000.0,2883000.0,2883000.0,0.0,-235375000.0,80058132.0,79195132.0,228.50910385968035,4.834547346514048,0.0,0.0,,228.50910385968035,-0.4211961815702318,0.0,-4.628707909343201,7.798376388077148,0.0,0.0,0.0,0.0,4.685397155740548,-0.3004864489228631,-18.971121327014217,0.0,-0.2499999968434628,0.6316857506808468,-1.0,-0.9196274353771445,-1.0,-0.22354272778720996,-0.1363070022427112,0.5017098683136636,0.0,-0.8191482623335588,Biotechnology,Healthcare,TTNP
2007Q2,2007,Q2,2007-08-02,2007-06-30,-3534000.0,12000.0,-4013000.0,-79.200713,12000.0,1.0,18675000.0,14188000.0,18157000.0,3246000.0,3246000.0,0.0,-231051000.0,67097586.599999994,64098586.599999994,332.8484962229625,5.593653727664818,0.0,0.0,,332.8484962229625,-0.2490837327318861,5591.46555,-4.746575169779287,4.729178643924443,0.0,0.0,0.0,0.000642570281124498,5.433456561922366,-0.18923694779116465,-19.078074097241966,1.0,0.11111110986408414,0.6708237325390182,-0.947947075798342,-0.8930841001547961,0.0,0.0109151973131822,-0.14886916690523905,0.515959576063645,0.0,-0.7706034589335901,Biotechnology,Healthcare,TTNP
2007Q1,2007,Q1,2007-05-09,2007-03-31,-3573000.0,0.0,-3493000.0,-89.100802,0.0,0.0,11791000.0,7248000.0,11165000.0,3302000.0,3302000.0,0.0,-227517000.0,72873286.2,71027286.2,183.8847168662472,3.381284070260448,0.0,0.0,,183.8847168662472,-0.4929635761589404,0.0,-5.098886523929471,10.054261341059604,0.0,0.0,0.0,0.0,3.1811023622047245,-0.30302773301670766,-21.982891764705883,0.0,-0.0753206713754265,0.4887060169382069,-1.0,-0.9454797670662473,-1.0,-0.0939987752602572,-0.008371824480369515,0.5837642843626968,-1.0,-0.8978108223165723,Biotechnology,Healthcare,TTNP
