Quarters,Year,Quarter,FillingDate,Date,NetIncome,Revenue,OperatingIncome,EPSDiluted,GrossProfit,GrossProfitRatio,TotalAssets,CommonStockEquity,CurrentAssets,CurrentLiability,TotalLiability,Inventory,RetainedEarnings,MarketCap,EnterpriseValue,bookValuePerShare,currentRatio,debtToAssets,debtToEquity,roic,shareholdersEquityPerShare,roe,priceToSalesRatio,peRatio,pbRatio,payoutRatio,inventoryTurnover,dividendYield,assetTurnover,quickRatio,returnOnAssets,priceToFreeCashFlowsRatio,grossProfitMargin,epsdilutedGrowth,fiveYNetIncomeGrowthPerShare,fiveYRevenueGrowthPerShare,fiveYShareholdersEquityGrowthPerShare,grossProfitGrowth,netIncomeGrowth,operatingIncomeGrowth,threeYNetIncomeGrowthPerShare,threeYRevenueGrowthPerShare,threeYShareholdersEquityGrowthPerShare,Industry,Sector,Symbol
2023Q1,2023,Q1,2023-05-09,2023-03-31,219801000.0,616268000.0,236200000.0,0.65,338035000.0,0.5485194753,8723158000.0,3215262000.0,443995000.0,681998000.0,2914472000.0,108293000.0,323677000.0,3107086500.0,5200938500.0,10.865565216803587,0.6510209707359845,0.24296762709101452,0.659182673138301,0.03776463881606799,10.865565216803587,0.06836176958518465,5.04177809005173,3.5339767562476965,0.9663556189200134,0.069117064981506,2.569261171082157,0.004889467995178119,0.07064735042057016,0.47972867955624504,0.025197411304483996,148.17523487052316,0.5485194752932165,0.08333333333333341,1.937035286525823,1.5207875801012682,-0.03643774391952899,-0.3044103636240172,0.10615073373996015,-0.3025329687527683,1.3724467079124665,1.9812742158393866,0.10373620417651373,Oil & Gas E&P,Energy,PR
2022Q4,2022,Q4,2023-02-24,2022-12-31,198708000.0,761556000.0,338654000.0,0.6,485969000.0,0.6381264149,8492592000.0,2935748000.0,463790000.0,605569000.0,2836296000.0,100797000.0,237226000.0,2712012800.0,4864365800.0,10.175479702750666,0.765874739294779,0.2604502842006304,0.7534359216118005,0.05382407743927599,10.175479702750666,0.067685646043189,3.561146915000341,3.412057893995209,0.9237893715673143,0.07259898947198905,2.7340793872833515,0.005319296428099454,0.08967297616558054,0.5654037772739358,0.023397803638747747,18.049521476965673,0.6381264148664051,-0.4392523364485982,4.894115216516663,3.152113291600195,-0.06179041613082407,0.315876548825925,-0.4215263868834133,0.525076894671188,21.95779724933452,2.3006312762978043,0.0012703008796064391,Oil & Gas E&P,Energy,PR
2022Q3,2022,Q3,2022-11-09,2022-09-30,343504000.0,549778000.0,222057000.0,1.07,369312000.0,0.6717475054,8609632000.0,2824492000.0,445764000.0,615766000.0,3089106000.0,0.0,169661000.0,1946466000.0,4283237000.0,9.867393316913832,0.723917851911278,0.2766999797436174,0.8434383952937378,0.0385182605090383,9.867393316913832,0.12161620567521522,3.540458148561783,1.4166254250314407,0.6891384362214515,0.0,0.0,0.0,0.0638561555244173,0.46057106108489265,0.03989764022434408,9.190720821961792,0.6717475053567076,0.7833333333333335,17.575082180295524,2.8481941562548823,-0.19480992636010458,0.09953227482352381,0.7907061607915506,0.07142960536156293,87.03697815794101,1.2314322268238969,-0.1892485904854798,Oil & Gas E&P,Energy,PR
2022Q2,2022,Q2,2022-06-30,2022-06-30,191826000.0,472654000.0,207253000.0,0.6,335881000.0,0.7106276473,4224030000.0,2969568000.0,349879000.0,316101000.0,1254462000.0,0.0,-54698000.0,1704252160.0000002,2361857160.0,10.419829328542555,1.106858251002053,0.20328856565886133,0.28916562947876595,0.0438597047346229,10.419829328542555,0.0645972747551159,3.6057076846911276,2.2210911972308236,0.5739057532947555,0.0,0.0,0.0,0.11189645906870926,1.084115520039481,0.04541302973700471,11.388329758301094,0.7106276472853292,11.145748987854251,6.478806426238587,3.201367031156981,-0.1169727347206285,0.488550497910416,11.13934944943678,0.2550367270811508,8.954179649624633,0.7952336008592606,-0.117865809729179,Oil & Gas E&P,Energy,PR
2022Q1,2022,Q1,2022-03-31,2022-03-31,15802000.0,347277000.0,165137000.0,0.0494,225643000.0,0.6497493355,3958532000.0,2771077000.0,189434000.0,299727000.0,1187455000.0,0.0,-246524000.0,2298747570.0,3065527570.0,9.728163144942444,0.6320218065105913,0.20649169944817927,0.29497700713477104,0.03206299014069597,9.728163144942444,0.0057024759687298475,6.619348733143859,36.36798459055816,0.8295502326351811,0.0,0.0,0.0,0.0877287337831297,0.6087573024785888,0.003991883859976375,30.25304761528743,0.6497493355448245,-0.9031372549019608,-0.18752658562943395,3.0263163542180846,-0.17191509578513417,0.18730728349978426,-0.901698900784443,-0.04692180276682807,2.7178806378442597,0.502087571515935,-0.16992494495688726,Oil & Gas E&P,Energy,PR
2021Q4,2021,Q4,2021-12-31,2021-12-31,160751000.0,316419000.0,173267000.0,0.51,190046000.0,0.6006150073,3804594000.0,2750720000.0,86535000.0,167899000.0,1053874000.0,0.0,-262326000.0,1686475402.0400002,2520075402.04,9.75365877267023,0.5153991387679497,0.2215689768737479,0.3064579455560726,0.047812340821866,9.75365877267023,0.058439608538855284,5.329880323368698,2.622807015259625,0.6131032609789437,0.0,0.0,0.0,0.08316761262831199,0.4804972036760195,0.04225181451687092,19.66391187594007,0.6006150073162484,11.472279260780287,10.832366484356983,5.255461176969055,-0.31381886115617413,0.19069726644487467,11.434988640051932,0.8007378923300769,3.750000010269822,0.30180540871639205,-0.18776586743415496,Oil & Gas E&P,Energy,PR
2021Q3,2021,Q3,2021-09-30,2021-09-30,-15405000.0,288505000.0,96220000.0,-0.0487,159609000.0,0.553227847,3882341000.0,2584648000.0,109546000.0,228536000.0,1297693000.0,0.0,-423077000.0,1883785400.0,2901948400.0,9.192735860464785,0.4793380473973466,0.2635389317939872,0.39585583800966323,-0.01101142824398408,9.192735860464785,-0.005960192645188048,6.529472279509887,-30.571006166828955,0.7288363444461297,0.0,0.0,0.0,0.0743121225054677,0.4587286029334547,-0.003967966749958337,30.906047381546134,0.5532278470043847,0.8718421052631579,-1.9658172186508986,0.0,-0.7208471901774293,0.3679442568436209,0.8538341841091523,0.43400050671395995,-1.3681134043457845,0.1531535927035298,-0.20788949944458562,Oil & Gas E&P,Energy,PR
2021Q2,2021,Q2,2021-06-30,2021-06-30,-105394000.0,232577000.0,67099000.0,-0.38,116678000.0,0.5016747142,3874349000.0,2538344000.0,100342000.0,220879000.0,1336005000.0,0.0,-460201000.0,1887476667.42,2952537667.42,9.117978842898433,0.4542849252305561,0.27611425816311336,0.42144130188816015,0.07789380343677202,9.117978842898433,-0.04152077102236734,8.115491503545062,-4.477191935546616,0.7435858447160826,0.0,0.0,0.0,0.06002995600034999,0.4268762535143676,-0.02720302172055228,71.84639592782916,0.50167471418068,-0.11764705882352934,-21.803024479655996,0.0,-0.7243943826303136,0.4207885828401646,-0.10941052631578947,0.9716443347437705,-2.57149838396412,0.011893415646100948,-0.20243728069167358,Oil & Gas E&P,Energy,PR
2021Q1,2021,Q1,2021-03-31,2021-03-31,-95000000.0,192391000.0,34032000.0,-0.34,82122000.0,0.4268494888,3848321000.0,2558903000.0,87009000.0,194191000.0,1289418000.0,0.0,-435146000.0,1171527000.0,2227042000.0,9.173832613332856,0.4480588698755349,0.27712111333747885,0.4167610104798814,0.02572154957697933,9.173832613332856,-0.03712528376417551,6.089302514150869,-3.0829657894736844,0.4578239190778236,0.0,0.0,0.0,0.04999349066774835,0.41972593992512525,-0.02468609037551701,45.79855355746677,0.42684948880145124,0.39285714285714285,-104.80664246112453,0.0,-0.44964086651317886,1.8290615957007028,0.39280441271403643,7.830991569650743,-2.3466791581405766,-0.16514237474691443,-0.18646120349659862,Oil & Gas E&P,Energy,PR
2020Q4,2020,Q4,2020-12-31,2020-12-31,-156457000.0,148077000.0,-4982000.0,-0.56,29028000.0,0.1960331449,3827425000.0,2603961000.0,65586000.0,131868000.0,1223464000.0,0.0,-400501000.0,415570312.5,1481971312.5,9.398990694264283,0.49736099736099737,0.2801363841224844,0.4117577029763503,-0.002389342851063816,9.398990694264283,-0.06008423321240218,2.8064474057416073,-0.6640327893606549,0.15959160390651012,0.0,0.0,0.0,0.03868841322821479,0.4577077077077077,-0.040877874811394085,18.456666925741693,0.1960331449178468,-1.0740740740740742,-8.7414800274482,1.9799567295819707,-0.33877016933952553,0.816066066066066,-1.1189225060267072,0.6248493975903614,-5.832912062426481,-0.15925250226534812,-0.1333850191188351,Oil & Gas E&P,Energy,PR
2020Q3,2020,Q3,2020-09-30,2020-09-30,-73838000.0,149101000.0,-13280000.0,-0.27,15984000.0,0.1072025003,3923036000.0,2687823000.0,64509000.0,120705000.0,1235213000.0,0.0,-311846000.0,163265568.326,1254841568.326,9.91065944026315,0.5344351932397167,0.27956740646784783,0.40804509820773166,-0.0050221721303797835,9.91065944026315,-0.02747130298386464,1.094999821101133,-0.5527830125612828,0.0607426784896178,0.0,0.0,0.0,0.03800653371521444,0.4683235988567168,-0.018821647316007297,11.138325032473734,0.107202500318576,-14.500000000000002,-13.737408274859618,0.0,-0.6990462391242726,1.350265153175264,-14.85328330206379,0.815619576535925,-5.21423418906863,0.10151387259964466,-0.1912793634315919,Oil & Gas E&P,Energy,PR
2020Q2,2020,Q2,2020-06-30,2020-06-30,5330000.0,90509000.0,-72025000.0,0.02,-45634000.0,-0.5041929532,4020886000.0,2734543000.0,77628000.0,157861000.0,1286343000.0,0.0,-260317000.0,246648370.0,1350851370.0,9.86725868084999,0.49174907038470556,0.2764109701195209,0.40643610285155507,-0.02919683499989227,9.86725868084999,0.001949137387856033,2.7251253466506093,11.568872889305817,0.09019729073560007,0.0,0.0,0.0,0.02250971552041018,0.45172018421269344,0.0013255784919045206,-1.9505296080726284,-0.5041929531869759,1.0100502512562812,0.05682105312079526,0.0,-0.7017461909773866,-2.0882598430830135,1.009684834058636,-24.02589514066496,-0.7863039686693878,-0.17266103607890623,-0.1638002721514998,Oil & Gas E&P,Energy,PR
2020Q1,2020,Q1,2020-03-31,2020-03-31,-550345000.0,192769000.0,3128000.0,-1.99,41933000.0,0.2175297895,4106250000.0,2716568000.0,73730000.0,239045000.0,1379463000.0,0.0,-265647000.0,72575376.0,1195645376.0,9.844349741984113,0.3084356501913866,0.2744379908675799,0.4148289312102624,0.0007053090227429415,9.844349741984113,-0.2025883394047195,0.3764888337855153,-0.03296812726562429,0.026715832624105124,0.0,0.0,0.0,0.046945266362252665,0.2791650107720304,-0.1340261796042618,-1.0774574066925977,0.21752978954084942,-67.33333333333334,-608.8634491237879,0.0,-0.40941501528320856,-0.432785953901093,-58.22031607402786,-0.8791157829649096,-30.208975813204052,1.3070301531575497,-0.1620250100979589,Oil & Gas E&P,Energy,PR
2019Q4,2019,Q4,2019-12-31,2019-12-31,9618000.0,256392000.0,25876000.0,0.03,73928000.0,0.2883397298,4688288000.0,3258120000.0,120129000.0,254466000.0,1417587000.0,0.0,282336000.0,1481172000.0,2540924000.0,10.162570180910793,0.47208271439013466,0.22822296753100493,0.3284025757185125,0.005537722752225403,10.162570180910793,0.002952009134101875,5.776982121127024,38.5,0.4546094066516887,0.0,0.0,0.0,0.054687766621845754,0.44066790848286214,0.002051495129992014,-23.919577539847875,0.28833972978876093,3.158273381294964,1.5174929724102029,3.458785280173958,-0.285051472186309,0.388919157570406,3.5903582009157016,0.48815274902231426,1.5174929724102029,3.458785280173958,-0.285051472186309,Oil & Gas E&P,Energy,PR
2019Q3,2019,Q3,2019-09-30,2019-09-30,-3713000.0,229130000.0,17388000.0,-0.0139,53227000.0,0.2323004408,4646131000.0,3239895000.0,161176000.0,287488000.0,1392317000.0,0.0,272718000.0,1201915575.0,2210862575.0,12.170676734095904,0.5606355743544078,0.21951167541337083,0.31478797924006796,0.006505300128848416,12.170676734095904,-0.0011460247940133863,5.245561798978746,-80.92617660921087,0.3709736195154472,0.0,0.0,0.0,0.049316302101684174,0.5295699298753339,-0.0007991595587812741,-8.748966901541731,0.23230044079780038,-1.1985714285714284,0.24499810028756072,0.0,-0.6304170315197892,-0.3428522044026322,-1.2076970408905296,-0.5313965396431843,0.24499810028756072,0.0,-0.6304170315197892,Oil & Gas E&P,Energy,PR
2019Q2,2019,Q2,2019-06-30,2019-06-30,17877000.0,244239000.0,37106000.0,0.07,80997000.0,0.3316300836,4535327000.0,3122851000.0,160012000.0,301583000.0,1268084000.0,0.0,276303000.0,2003985240.0,2880972240.0,11.812068326411426,0.5305736729192295,0.19963962907195004,0.28993730408527335,0.0069793207158963064,11.812068326411426,0.005724576676889163,8.205017380516626,28.024629971471725,0.6417165724525442,0.0,0.0,0.0,0.053852566749872724,0.49734235683045797,0.003941722393997169,-33.02220017796527,0.33163008364757474,3.1671826625386994,2.715624498637348,0.0,-0.6429611825597649,0.10765128205128205,3.0940611456014993,0.031151868834236488,2.715624498637348,0.0,-0.6429611825597649,Oil & Gas E&P,Energy,PR
2019Q1,2019,Q1,2019-03-31,2019-03-31,-8537000.0,214569000.0,35985000.0,-0.0323,73125000.0,0.3407994631,4478546000.0,3098257000.0,214408000.0,274435000.0,1237022000.0,0.0,258426000.0,2336986600.0,3157636600.0,11.7196187089819,0.7812706105270829,0.20322042019887704,0.29375613449755783,0.007044864464327218,11.7196187089819,-0.0027554202249845637,10.89153885230392,-68.43699777439382,0.7542907512191532,0.0,0.0,0.0,0.047910415567909766,0.7418915225827609,-0.0019061990208429254,-16.278927827583086,0.3407994631097689,-1.2691666666666666,-10.842510235220965,0.0,-0.2969133546106931,-0.12803176647349215,-1.2755648805681084,-0.2627686382167954,-10.842510235220965,0.0,-0.2969133546106931,Oil & Gas E&P,Energy,PR
2018Q4,2018,Q4,2018-12-31,2018-12-31,30980000.0,222504000.0,48811000.0,0.12,83862000.0,0.3769010894,4260021000.0,3100177000.0,130189000.0,247716000.0,1016152000.0,0.0,266538000.0,2844996670.3399997,3518469670.3399997,12.008432521615969,0.5255574932584088,0.16235365975895424,0.22309371368150915,0.010171953184107137,12.008432521615969,0.009992977820298647,12.786272023604068,22.958333362976113,0.917688464348971,0.0,0.0,0.0,0.05223072844007107,0.4795007185648081,0.007272264620291778,-14.287993402605489,0.3769010894186172,-0.2,3.0699718869681565,3.805219839374514,-0.15519292857567826,-0.2489589023920617,-0.21146406027285686,-0.29632673067497045,3.0699718869681565,3.805219839374514,-0.15519292857567826,Oil & Gas E&P,Energy,PR
2018Q3,2018,Q3,2018-09-30,2018-09-30,39288000.0,234880000.0,69366000.0,0.15,111661000.0,0.4753959469,4017372000.0,3063342000.0,165887000.0,211263000.0,812166000.0,0.0,235558000.0,5775422656.041,6247890656.041,11.60537053102944,0.7852155843664058,0.1322730381951186,0.1734674091237609,0.015080172621248117,11.60537053102944,0.012825208546744047,24.588822615978373,36.750551415451284,1.8853339444440094,0.0,0.0,0.0,0.05846608180671344,0.6993131783606216,0.009779527512015317,-62.69115501808413,0.475395946866485,-0.375,9.05680310371143,0.0,-0.6475835005004561,0.030663011473246016,-0.381690561999339,-0.09527722346128262,9.05680310371143,0.0,-0.6475835005004561,Oil & Gas E&P,Energy,PR
2018Q2,2018,Q2,2018-06-30,2018-06-30,63541000.0,217763000.0,76671000.0,0.24,108339000.0,0.4975087595,3838890000.0,3015350000.0,179322000.0,201112000.0,680689000.0,0.0,196270000.0,4763451156.243,5141885156.243,11.432303218492779,0.8916524125860217,0.10970723308039564,0.13967002172218815,0.01722191659380899,11.432303218492779,0.02107251231200358,21.874474342487016,18.741643805743536,1.5797340793748655,0.0,0.0,0.0,0.05672551180158848,0.7173763872866861,0.016551919956028956,-142.95642856585937,0.49750875952296764,-0.040000000000000036,12.237700205061723,0.0,-0.6544401954886997,-0.09554698457223001,-0.038568618550461495,-0.1274198504558025,12.237700205061723,0.0,-0.6544401954886997,Oil & Gas E&P,Energy,PR
2018Q1,2018,Q1,2018-03-31,2018-03-31,66090000.0,215898000.0,87867000.0,0.25,119784000.0,0.5548175527,3692563000.0,2946808000.0,166324000.0,180531000.0,606845000.0,0.0,132729000.0,4633274520.0,4985971520.0,11.276453750899266,0.9213043743179842,0.10586711722995654,0.13265913490122194,0.020722064832913757,11.276453750899266,0.02242765731598394,21.460479115137705,17.526382660009077,1.5723028171499467,0.0,0.0,0.0,0.05846833215844929,0.8123535570068299,0.01789813741837309,-20.848255113886914,0.5548175527332352,1.0833333333333335,76.08342542737145,0.0,-0.32349983079814915,0.4742646153846154,1.164330626146188,0.819606949822941,76.08342542737145,0.0,-0.32349983079814915,Oil & Gas E&P,Energy,PR
2017Q4,2017,Q4,2017-12-31,2017-12-31,30536000.0,166130000.0,48289000.0,0.12,81250000.0,0.4890748209,3616569000.0,2834225000.0,202585000.0,199773000.0,612597000.0,0.0,66639000.0,5174214938.676,5447663938.676,10.845636068635104,1.0140759762330245,0.1080482634231505,0.13787331633868166,0.010864472712729249,10.845636068635104,0.010774021116883805,31.145578394486243,42.3615972841564,1.825618974737715,0.0,0.0,0.0,0.045935802690339936,0.9816191377213137,0.008443361650227053,-48.51175183225044,0.4890748209233733,1.0,3.015654309786314,2.544413438768835,-0.23699699953473805,0.6953219546801319,1.1136568145635772,0.8191373139951027,3.015654309786314,2.544413438768835,-0.23699699953473805,Oil & Gas E&P,Energy,PR
2017Q3,2017,Q3,2017-09-30,2017-09-30,14447000.0,111611000.0,26545000.0,0.06,47926000.0,0.4294021199,3274612000.0,2740429000.0,59275000.0,136945000.0,328575000.0,0.0,36103000.0,4018487116.3780003,4180906116.3780003,12.254737905930543,0.43283800065719813,0.05038764897948215,0.060209551132322715,0.0060652823292744636,12.254737905930543,0.005271802334597977,36.004400250674216,69.53843559870562,1.4663715485341895,0.0,0.0,0.0,0.03408373266817565,0.38454854138522765,0.004411820392767143,-31.527931682420878,0.4294021198627375,-0.3333333333333333,4.497054889139104,0.0,-0.627864373348076,0.16642328660436137,-0.30416144880069357,0.14152403887503226,4.497054889139104,0.0,-0.627864373348076,Oil & Gas E&P,Energy,PR
2017Q2,2017,Q2,2017-06-30,2017-06-30,20762000.0,91064000.0,23254000.0,0.09,41088000.0,0.4511991566,3098569000.0,2722157000.0,38756000.0,119693000.0,172617000.0,0.0,21656000.0,3649498223.98,3684498223.98,11.800121851555668,0.3237950423165933,0.011295536746156049,0.01285745091117081,0.006063566242133356,11.800121851555668,0.007627039880506525,40.076190634938065,43.94444446561025,1.3406641218636546,0.0,0.0,0.0,0.029389050235770126,0.2883794373939996,0.006700512397819768,-8.483851091382476,0.45119915663709037,0.3392857142857143,3.9454407109965093,0.0,-0.6433222840313457,0.8330582199420031,0.5070044276693039,2.2333147942157954,3.9454407109965093,0.0,-0.6433222840313457,Oil & Gas E&P,Energy,PR
2017Q1,2017,Q1,2017-03-31,2017-03-31,13777000.0,61097000.0,7192000.0,0.0672,22415000.0,0.366875624,2653756000.0,2370421000.0,81056000.0,79919000.0,87504000.0,0.0,894000.0,3678376480.0,3623502480.0,11.74778467211165,1.0142269047410504,0.0,0.0,0.0039040111420419227,11.74778467211165,0.005812047733292947,60.20551712850058,66.74850257675836,1.5517819324077875,0.0,0.0,0.0,0.023022840080248522,0.9768390495376569,0.0051915096941843935,-44.483933728383114,0.36687562400772544,2.1586206896551725,19.810844344942776,0.0,-0.29522361426821275,1.4599429323968394,2.434357105674128,2.015388959480446,19.810844344942776,0.0,-0.29522361426821275,Oil & Gas E&P,Energy,PR
2016Q4,2016,Q4,2017-03-23,2016-12-31,-9605000.0,29717000.0,-7083000.0,-0.058,9112000.0,0.3066258371,2651600000.0,2355100000.0,151300000.0,91500000.0,296500000.0,0.0,-8900000.0,3267288314.3160005,3133188314.3160005,14.214408150455084,1.653551912568306,0.0,0.0,-0.003215045896558522,14.214408150455084,-0.00407838308352087,109.94677505522094,-85.04134082030193,1.3873246632058087,0.0,0.0,0.0,0.011207195655453311,1.6262295081967213,-0.003622341227937849,-3.7766006823358076,0.3066258370629606,-2.1351351351351355,0.0,0.0,0.0,0.0,-34.4298614159403,-8.115184896821976,0.0,0.0,0.0,Oil & Gas E&P,Energy,PR
2016Q3,2016,Q3,2016-09-30,2016-09-30,-271099.0,0.0,-777055.0,-0.0185,0.0,0.0,501049924.0,483247924.0,500122.0,302000.0,17802000.0,0.0,-461555.0,231125454.0,230987871.0,32.93083765235135,1.6560331125827814,0.0,0.0,-0.0008317916905027426,32.93083765235135,-0.0005609936153600527,0.0,-213.13750142936715,0.4782751099826763,0.0,0.0,0.0,0.0,1.1083708609271523,-0.0005410618523514635,4.455505076316363,0.0,-2.016483516483516,0.0,0.0,0.0,0.0,-2.0187325732580774,-2.8401531999011613,0.0,0.0,0.0,Oil & Gas E&P,Energy,PR
2016Q2,2016,Q2,2016-06-30,2016-06-30,266114.0,0.0,-202350.0,0.0182,0.0,0.0,501274000.0,483772000.0,977176.0,2000.0,17502000.0,0.0,62521.0,143303332.20000002,142524808.20000002,33.08342888624051,488.588,0.0,0.0,-0.003491279720742768,33.08342888624051,0.0005500814433245414,0.0,134.6258860864141,0.2962208069090398,0.0,0.0,0.0,0.0,389.262,0.0005308753296600263,-978.9281375522585,0.0,4.515151515151516,0.0,0.0,0.0,0.0,1.794698648407389,-5.757839895802024,0.0,0.0,0.0,Oil & Gas E&P,Energy,PR
2016Q1,2016,Q1,2016-03-31,2016-03-31,95221.0,0.0,-29943.0,0.0033,0.0,0.0,501804305.0,483773330.0,1741713.0,530975.0,18030975.0,0.0,30639.0,290226650.0,288512873.0,16.66881142720698,3.280216582701634,0.0,0.0,-0.00018057153158147556,16.66881142720698,0.0001968297838990008,0.0,761.9817319708887,0.5999227985552655,0.0,0.0,0.0,0.0,3.227603936155186,0.00018975724012570996,23678.440890919475,0.0,0.0,0.0,0.0,0.0,0.0,0.0,0.0,0.0,0.0,0.0,Oil & Gas E&P,Energy,PR
