Quarters,Year,Quarter,FillingDate,Date,NetIncome,Revenue,OperatingIncome,EPSDiluted,GrossProfit,GrossProfitRatio,TotalAssets,CommonStockEquity,CurrentAssets,CurrentLiability,TotalLiability,Inventory,RetainedEarnings,MarketCap,EnterpriseValue,bookValuePerShare,currentRatio,debtToAssets,debtToEquity,roic,shareholdersEquityPerShare,roe,priceToSalesRatio,peRatio,pbRatio,payoutRatio,inventoryTurnover,dividendYield,assetTurnover,quickRatio,returnOnAssets,priceToFreeCashFlowsRatio,grossProfitMargin,epsdilutedGrowth,fiveYNetIncomeGrowthPerShare,fiveYRevenueGrowthPerShare,fiveYShareholdersEquityGrowthPerShare,grossProfitGrowth,netIncomeGrowth,operatingIncomeGrowth,threeYNetIncomeGrowthPerShare,threeYRevenueGrowthPerShare,threeYShareholdersEquityGrowthPerShare,Industry,Sector,Symbol
2022Q4,2022,Q4,2022-06-30,2022-06-30,-834751630.0,-18693556770.0,-1727496540.0,-1.36,-44465838420.0,2.3786719118,46808000000.0,30039000000.0,7494000000.0,4975000000.0,16691000000.0,2818000000.0,-9639000000.0,1916984150.0,2673984150.0,49.046868749540785,1.5063316582914572,0.06847120150401641,0.10669463031392523,-0.029591497739933824,49.046868749540785,-0.027788928725989547,-0.10254785504898863,-0.5741181212188827,0.06381651020340223,0.0,9.145593204400283,0.0,-0.39936670590497353,0.8301507537688442,-0.01783352482481627,-0.9180228946842084,2.3786719117765838,0.0,0.0,0.0,0.0,0.0,0.0,0.0,0.0,0.0,0.0,Gold,Basic Materials,HMY
2016Q4,2016,Q4,2016-06-30,2016-06-30,1316178280.0,9242825000.0,1922507600.0,2.96,1774622400.0,0.192,37193127800.0,28305227280.0,3460513680.0,2040815760.0,8887900520.0,1168293080.0,-4436556000.0,1575043000.0,2669393480.0,64.87560687600275,1.6956521739130435,0.06322067594433399,0.08307210031347963,0.04326576096508449,64.87560687600275,0.04649947753396029,0.17040709956101083,0.29916976748772967,0.05564495152854325,0.0,6.3924050632911396,0.0,0.2485089463220676,0.9347826086956522,0.035387673956262425,1.097983888924039,0.192,0.0,27.961014734667224,1.6491563226967052,-0.0837813120750304,0.0,0.0,0.0,1.355317338805895,1.5019681069048805,-0.12684125658244236,Gold,Basic Materials,HMY
2016Q2,2016,Q2,2015-12-31,2015-12-31,77857350.0,4998441870.0,124571760.0,0.16,716287620.0,0.1433021807,36297096570.0,26782928400.0,2818436070.0,1946433750.0,9514168170.0,1261289070.0,-5777015370.0,404393700.0,2926971840.0,61.527517574086836,1.448,0.09352209352209352,0.12674418604651164,0.002293314986813439,61.527517574086836,0.0029069767441860465,0.0809039517748758,1.2985084259867565,0.01509893518589252,0.0,3.3950617283950617,0.0,0.1377091377091377,0.792,0.002145002145002145,0.7869748036283373,0.14330218068535824,1.125,-0.7486321581004051,0.7104597020688563,-0.10634807229404865,11.807225309502865,1.139208970755466,2.0383356097560976,-0.8915861542802456,0.09897403608551024,-0.24928672755379291,Gold,Basic Materials,HMY
2016Q1,2016,Q1,2015-09-30,2015-09-30,-559284000.0,4460289900.0,41000000.0,-1.28,55928400.0,0.012539185,37136457600.0,26719793100.0,3565435500.0,1845637200.0,10416664500.0,1272371100.0,-5914428300.0,262365300.0,2932946400.0,61.41069432314411,1.9318181818181819,0.11219879518072289,0.15593929879644167,0.00123483028621714,61.41069432314411,-0.020931449502878074,0.05882247698742631,-0.1172773134936812,0.009819136660904757,0.0,3.4615384615384617,0.0,0.12010542168674698,1.2348484848484849,-0.015060240963855422,1.8764370158988992,0.012539184952978056,0.8248974008207934,-6.660229929107255,0.49754661512991705,-0.09839371562672364,1.0159395983148494,0.8253362023736824,1.010957084933296,-2.0256025153181567,0.024367444851732808,-0.23824912437069595,Gold,Basic Materials,HMY
2015Q4,2015,Q4,2015-06-30,2015-06-30,-3202060230.0,3925897600.0,-3741871150.0,-7.31,-3508770980.0,-0.89375,36461773960.0,26990546000.0,3177523370.0,1680774910.0,9471227960.0,1300453580.0,-7324252710.0,582900000.0,2938438560.0,62.047232183908044,1.8905109489051095,0.09421265141318977,0.12727272727272726,-0.10421685169669041,62.047232183908044,-0.11863636363636364,0.1484755995673448,-0.045509762319492664,0.021596450846159247,0.0,5.716981132075472,0.0,0.10767160161507403,1.072992700729927,-0.08781965006729475,-0.26692242618848505,-0.89375,-10.983606557377048,-211.09790277021065,0.1196791294388956,-0.10201625375422901,-287.91209796480297,-10.98443381576821,-11.32422236073635,-14.228919185729877,-0.17137334937929652,-0.21255658233525596,Gold,Basic Materials,HMY
2015Q3,2015,Q3,2015-03-31,2015-03-31,-267184940.0,3546272840.0,-303619250.0,-0.61,-12144770.0,-0.0034246575,39506936810.0,29876134200.0,3036192500.0,1773136420.0,9630802610.0,1445227630.0,-2210348140.0,755856000.0,2905480290.0,68.77563121546962,1.7123287671232876,0.07224100830003075,0.09552845528455285,-0.00816326530612245,68.77563121546962,-0.00894308943089431,0.2131409606938196,-0.7072404604840378,0.02529965874902249,0.0,2.46218487394958,0.0,0.08976329541961267,0.8904109589041096,-0.006762988011066708,-2.3050800193553824,-0.003424657534246575,0.7073356557768344,0.09017960785431763,0.4016551171205398,-0.009821807037040123,0.9611547452816115,0.707923021484522,-4.489876436781609,-1.2620224784110126,0.10087142008655586,-0.10929254229697279,Gold,Basic Materials,HMY
2015Q2,2015,Q2,2014-12-31,2014-12-31,-914775760.0,3786476880.0,87000000.0,-2.084299,-312644880.0,-0.08256880733944955,40006965200.0,30141282320.0,3601205840.0,4828626480.0,9865682880.0,1343215040.0,-1945345920.0,820638000.0,2569133440.0,69.41796941501612,0.7458033573141487,0.07814761215629522,0.10372646945831733,0.0024022859978905225,69.41796941501612,-0.03034959661928544,0.21672864406873124,-0.22427299560276934,0.02722637979657131,0.0,3.0517241379310347,0.0,0.09464544138929089,0.46522781774580335,-0.022865412445730825,-1.0271053131952916,-0.08256880733944955,-2.0788555508942763,-9.104254299696006,0.267460617288171,0.002615957071752719,-3.5190653626989805,-2.243063407682095,1.2855855893117722,-1.871406617539668,-0.21798648340228044,-0.07977981324383238,Gold,Basic Materials,HMY
2015Q1,2015,Q1,2014-09-30,2014-09-30,-282071500.0,4648538320.0,-304637220.0,-0.676972,124111460.0,0.02669902912621359,40956781800.0,30937602120.0,4456729700.0,4953175540.0,10019179680.0,1387791780.0,-1083154560.0,937656000.0000001,1704890480.0,71.26837622667588,0.8997722095671982,0.0743801652892562,0.09846827133479212,-0.008003699487763234,71.26837622667588,-0.00911743253099927,0.20170985704598862,-0.831044611029473,0.03030797268524701,0.0,3.2601626016260163,0.0,0.11349862258953168,0.6173120728929385,-0.006887052341597796,2.0269380756816417,0.02669902912621359,0.7637618760804764,-11.278630589149339,0.7197039556021055,0.038601698985526484,1.105349364039744,0.7708899018728138,0.7889491684310743,-1.5212368638167086,0.046416173730648984,-0.014069403354205381,Gold,Basic Materials,HMY
2014Q4,2014,Q4,2014-06-30,2014-06-30,-1231161360.0,3799618680.0,-1443430560.0,-2.865634,-1178094060.0,-0.3100558659217877,40883047920.0,31044370500.0,4436426280.0,1846742040.0,9838677420.0,1538951700.0,-2366801580.0,1288683000.0,2328802080.0,71.54729315510487,2.4022988505747125,0.07009345794392523,0.09230769230769231,-0.03336294040519393,71.54729315510487,-0.03965811965811966,0.33916113919094637,-0.2616803617033595,0.041511004386447455,0.0,3.2344827586206897,0.0,0.09293873312564901,1.5344827586206897,-0.030114226375908618,-6.07098439151794,-0.3100558659217877,-28.02281107077184,-3.1131048053341535,2.3733193548320477,-0.01713532101437692,-6.049741382155604,-39.699519541324634,-137.1155514901763,-24.358995910975022,0.09506130424341411,0.010440907079994424,Gold,Basic Materials,HMY
2014Q3,2014,Q3,2014-03-31,2014-03-31,31813350.0,3753975300.0,10604450.0,0.106045,233297900.0,0.062146892655367235,41717906300.0,31770932200.0,4432660100.0,1760338700.0,9946974100.0,1314951800.0,402969100.0,1321565000.0,2159316550.0,73.3231760904685,2.5180722891566263,0.06837824097610574,0.0897863818424566,0.00018376722817764165,73.3231760904685,0.0010013351134846463,0.35204413838311616,10.385302082301926,0.041596670556616526,0.0,2.6774193548387095,0.0,0.08998474834773768,1.7349397590361446,0.000762582613116421,8.901687499115937,0.062146892655367235,1.5081144018054367,-0.9681993098471963,0.21378101755939508,0.04850572786546777,-0.10572286934064197,1.304867203633872,-0.11629583333333333,-0.8642076325936825,0.29099283894347366,0.05125047222048368,Gold,Basic Materials,HMY
2014Q2,2014,Q2,2013-12-31,2013-12-31,-104351500.0,4194930300.0,12000000.0,-0.208703,260878750.0,0.06218905472636816,4055000000.0,3057000000.0,483000000.0,179000000.0,998000000.0,136000000.0,36000000.0,1095237000.0,1186237000.0,7.061677061677062,2.6983240223463687,0.07718865598027128,0.1023879620543016,0.003956478733926805,7.061677061677062,-0.03413526333006215,0.261085863572036,-2.6239129288989615,0.3582718351324828,0.0,28.92684963235294,0.0,1.0345080887792848,1.910614525139665,-0.02573403205918619,20.991303431191692,0.06218905472636816,-9.916645304622747,-1.0745137062477488,0.25302400011630793,-0.896229085406559,-0.08068167033695674,-11.296365292226085,2.1840403205197148,-1.338773847411384,0.4434576005371695,-0.8974331881437317,Gold,Basic Materials,HMY
2014Q1,2014,Q1,2013-09-30,2013-09-30,10134790.0,4084320370.0,-10134790.0,0.023406,283774120.0,0.06947890818858561,42343152620.0,31863779760.0,5148473320.0,2300597330.0,10479372860.0,1489814130.0,466200340.0,1462188000.0,2333779940.0,73.65644882108182,2.237885462555066,0.07515557683101963,0.09987277353689568,-5.783689994216309e-05,73.65644882108182,0.0003180661577608143,0.35800032013649313,36.06853225375168,0.0458887178800912,0.0,2.5510204081632653,0.0,0.0964576352321685,1.5903083700440528,0.00023934897079942556,-3.7966876056580716,0.06947890818858561,1.0027417690700897,-0.9763165908272778,0.4183649134276756,0.1764682834344504,1.1006599125060015,1.0027594030069213,0.9970320374634858,-0.8968381787698367,0.37923932554640033,0.08139336110189675,Gold,Basic Materials,HMY
2013Q4,2013,Q4,2013-06-30,2013-06-30,-3672819800.0,3662893260.0,-3414729760.0,-8.536824,-2819137360.0,-0.7696476964769647,41989264200.0,32142136520.0,4774665740.0,2372443060.0,9847127680.0,1419495220.0,-943021300.0,1639554000.0,2086248300.0,74.29989949144706,2.01255230125523,0.06004728132387707,0.07844348363187152,-0.10595647193585336,74.29989949144706,-0.11426806670784435,0.44761173302658563,-0.11160049289649332,0.05100949026769923,0.0,4.566433566433567,0.0,0.08723404255319149,1.389121338912134,-0.08747044917257683,-1.8558284212001135,-0.7696476964769647,-29.792291127871618,-85.14754779550702,0.4014835593318527,0.1990762569038198,-11.8949591607727,-29.571987244205083,-17.4753955346061,-243.32297013471535,0.050465081214966824,0.07531149646217022,Gold,Basic Materials,HMY
2013Q3,2013,Q3,2013-03-31,2013-03-31,-120136770.0,3650309550.0,-184825800.0,-0.277239,258756120.0,0.07088607594936709,45947693880.0,35819240040.0,5803530120.0,2430459270.0,10128453840.0,1210608990.0,4010719860.0,2754884000.0,2181924020.0,82.95331181102362,2.387832699619772,0.05510860820595334,0.07069143446852426,-0.005823293172690763,82.95331181102362,-0.003353973168214654,0.7546987350702902,-5.7328076990916275,0.07691073280515082,-1.8461538461538463,2.801526717557252,0.08050827548455762,0.07944489139179405,1.8897338403041826,-0.002614641995172969,-3.821871799394418,0.07088607594936709,-1.1721362317526802,-1.2977700823483729,0.325448896685433,0.33987519186315135,-0.7557962846522185,-1.168720679183735,-1.2319564165537438,0.5884460055405187,0.45146274831692085,0.19429744137131244,Gold,Basic Materials,HMY
2013Q2,2013,Q2,2012-12-31,2012-12-31,712045320.0,4509620360.0,796812620.0,1.610579,1059591250.0,0.2349624060150376,45655667780.0,35373394290.0,6696616700.0,2814274360.0,10282273490.0,1085021440.0,4331609030.0,3867136000.0000005,3731508320.0000005,81.95874487951808,2.3795180722891565,0.05180096546602302,0.06685837526959022,0.015835579514824796,81.95874487951808,0.020129403306973402,0.8575302777815205,1.357756273154074,0.10932329445956598,0.0,3.1796875,0.0,0.09877460081693279,1.3463855421686748,0.015595989602673598,30.41374051865126,0.2349624060150376,0.29050322750203517,11.015440072007527,0.9574993472080858,0.3861478034553159,0.3265861298540733,0.31662652937147656,0.33012369286701754,5.346209889492387,0.5186144571833168,0.18374458559144174,Gold,Basic Materials,HMY
2013Q1,2013,Q1,2012-09-30,2012-09-30,540810400.0,4318163040.0,599051520.0,1.248024,798735360.0,0.18497109826589594,44887263200.0,34786588960.0,6348282080.0,2862135040.0,10100674240.0,1198103040.0,3644230080.0,3624600000.0,3499797600.0,80.61781914252607,2.2180232558139537,0.04819277108433735,0.06218607988519493,0.012159423553253772,80.61781914252607,0.015546519971298732,0.8393847028064044,1.6755410029097075,0.1041953266578627,0.4,2.9375,0.0596822159686586,0.09620018535681187,1.2122093023255813,0.012048192771084338,6.6006160720685445,0.18497109826589594,1.2428852806011506,1.8997860637034547,0.6579489954867207,0.3776190606472825,0.04602448015853923,1.2576468174847042,0.4465306822613893,24.683437949460313,0.6071088641233259,0.17485213446739456,Gold,Basic Materials,HMY
2012Q4,2012,Q4,2012-06-30,2012-06-30,239546060.0,4688824410.0,414129840.0,0.5564368408826945,763591460.0,0.16285349870885868,42998394220.0,33921590880.0,5531049380.0,2426472180.0,9076803340.0,988562740.0,1470589200.0,4046700000.0,4087549700.0,78.79579763066202,2.2794612794612794,0.041991259737792136,0.05322736030828516,0.0017179095868283824,78.79579763066202,0.007061757829914609,0.8630521525543756,4.2233005209937495,0.11929570208884024,0.11898692886036197,3.970646263685803,0.007043479872488695,0.10904650034161206,1.2861952861952861,0.005571046648262485,70.57794313266864,0.16285349870885868,-0.7581726113922127,1.0719242693794748,2.5163987685925733,0.45213589652009234,0.5084398310481083,-0.7633938845553354,0.7417495031576976,1.8066039148879736,3.195637009760399,0.08243936183281085,Gold,Basic Materials,HMY
2012Q3,2012,Q3,2012-03-31,2012-03-31,1012425480.0,3198344130.0,237766590.0,2.300967,506212740.0,0.15827338129496402,42598569060.0,33302662380.0,5230864980.0,2369996010.0,9295906680.0,1081454490.0,3198344130.0,4714109000.0,4875176690.0,77.2146125202875,2.207119741100324,0.037270435722002164,0.047673883003224324,0.024277313695317652,77.2146125202875,0.030400736987563334,1.473921757131244,1.164063205916153,0.14155351743982697,0.17424242424242425,2.4893617021276597,0.03742116909048985,0.07508102268635218,1.190938511326861,0.023766654663305724,-307.3126863618644,0.15827338129496402,-0.049391453076198424,2.67926194545777,0.0762150892647939,0.26105676710063713,-0.6571575732405962,-0.027284277566342652,-0.816963571710324,0.016715488059355296,0.038922978072329424,0.104152436093918,Gold,Basic Materials,HMY
2012Q2,2012,Q2,2011-12-31,2011-12-31,1040823600.0,4800698000.0,1299012400.0,2.42052,1476517200.0,0.30756302521008405,42165458400.0,32475310000.0,3816353200.0,2017100000.0,9690148400.0,984344800.0,2347904400.0,5011020000.0,5115909200.0,75.43626016260163,1.892,0.030998851894374284,0.040248447204968944,0.03061946589531973,75.43626016260163,0.03204968944099379,1.0438107125255536,1.2036189417688068,0.1543024531559514,0.0,3.377049180327869,0.0,0.11385380788365863,1.248,0.02468427095292767,8.065810051333823,0.30756302521008405,0.890425723010598,1.1466548124243485,0.7172877724652671,0.2497531576841641,0.7913165845181969,0.941213886183287,0.9795683673907276,-0.25264141067324686,0.44196080814972166,0.10853125145924736,Gold,Basic Materials,HMY
2012Q1,2012,Q1,2011-09-30,2011-09-30,536171520.0,4401408000.0,656209920.0,1.28041,824263680.0,0.18727272727272729,41285207040.0,31089945600.0,3593149440.0,2056657920.0,10195261440.0,1000320000.0,1304417280.0,5045073000.0,5733293160.0,72.285388514299,1.7470817120622568,0.04845900368288428,0.06435006435006435,0.017255296094473842,72.285388514299,0.017245817245817245,1.1462407029750479,2.3523596516278973,0.16227345859363615,0.5373134328358209,3.576,0.05710366529879746,0.10660980810234541,1.1089494163424125,0.012987012987012988,11.46240702975048,0.18727272727272729,12.443418592183408,0.7376541659892009,0.3532821384569552,0.22070931242665695,11.931107778602358,12.167396966855522,3.8256395744087905,0.26023134759521743,0.5373646123799151,0.15456919664133004,Gold,Basic Materials,HMY
2011Q4,2011,Q4,2011-06-30,2011-06-30,-48012220.0,3431392880.0,-232234120.0,-0.1118905150314612,-75405320.0,-0.021975134482414616,40147464000.0,30383710000.0,3038371000.0,2109790200.0,9763754000.0,846647200.0,-696435600.0,5672702000.0,6546660400.0,70.80799347471452,1.4401294498381878,0.0391156462585034,0.051685393258426963,-0.0013803843961735626,70.80799347471452,-0.0015801960985014668,1.6531776448752205,-29.537803084298123,0.18670208476844993,-0.0014621277666394096,4.141982870787265,1.237505513245716e-05,0.08546972929597745,0.889967637540453,-0.0011958967071992394,39.478659456161076,-0.021975134482414616,-1.2047735404877669,0.9326160526572974,-0.0976450656217359,0.3300297967362799,-1.2348954063369562,-1.2067489272031113,-2.789545810342487,-0.1353325432515849,0.3236165558665204,0.14272272715933376,Gold,Basic Materials,HMY
2011Q3,2011,Q3,2011-03-31,2011-03-31,232224760.0,2882319080.0,129772660.0,0.546411,321016580.0,0.11137440758293839,40816916640.0,29956994040.0,3046242440.0,1721195280.0,10859922600.0,963049740.0,1140633380.0,6386665000.0,7561449080.0,69.74853094295693,1.7698412698412698,0.04501338688085676,0.061331509347925216,-0.017346938775510204,69.74853094295693,0.007751937984496124,2.2158077654608594,6.875521154591783,0.21319445440594678,0.0,2.6595744680851063,0.0,0.07061579651941098,1.1071428571428572,0.005689424364123159,-14.842394873404487,0.11137440758293839,-0.25161582806137617,2.2363380932175,0.3683562110769929,0.20141328832435004,-0.30908040984696816,-0.23941321713033495,-0.5453126893104738,-0.4213271559691771,0.052191574402991096,0.12658945422536189,Gold,Basic Materials,HMY
2011Q2,2011,Q2,2010-12-31,2010-12-31,305323160.0,2880657640.0,285410780.0,0.730121,464622200.0,0.16129032258064516,38198582300.0,29543334460.0,2854107800.0,1845213880.0,8655247840.0,949156780.0,902694560.0,5380914000.0,6130946980.0,68.849532649732,1.5467625899280575,0.04170286707211121,0.053920467310716695,0.008386362296293944,68.849532649732,0.010334756234554033,1.8679463763003785,4.405916996273718,0.18213631258466956,0.008326259953552163,2.5454545454545454,0.00047244761763521963,0.07541268462206777,1.0323741007194245,0.007993049522154648,-13.608829405981416,0.16129032258064516,2.49976512319049,21.058084390141357,0.3088882451902308,0.17079507763742485,5.073969200198708,2.136151444184231,2.784464243288192,4.182206508109731,0.25769753922528904,0.16443496775901614,Gold,Basic Materials,HMY
2011Q1,2011,Q1,2010-09-30,2010-09-30,97356000.0,2934588000.0,-159942000.0,0.20862,76494000.0,0.026066350710900472,37301256000.0,29199846000.0,2392176000.0,1682868000.0,8101410000.0,904020000.0,577182000.0,4840023000.0,5243355000.0,68.11254023792863,1.421487603305785,0.03150633855331842,0.04024767801857585,-0.0056706114398422085,68.11254023792863,0.003334127173136461,1.6493023892962146,12.42867157648219,0.16575508651655216,2.0714285714285716,3.1615384615384614,0.04166633092446049,0.07867263236390754,0.8429752066115702,0.002609992542878449,-77.33395647588918,0.026066350710900472,4.954391946907815,1.2689602994315072,0.5499119776063537,0.13618138562665885,-0.8254334479454541,5.524339614675542,-1.4428507358058202,1.16303628328541,0.13408755296334587,0.1639254782492409,Gold,Basic Materials,HMY
2010Q4,2010,Q4,2010-06-30,2010-06-30,14921970.0,3432920670.0,361164580.0,0.035036323080535337,438193910.0,0.1276446361925398,39521848780.0,29428056240.0,3028906520.0,1775830980.0,10093792540.0,991697820.0,-1222325220.0,4501763000.0,4924579900.0,69.09616398215543,1.7056277056277056,0.030344290993970045,0.04075235109717868,0.0019199231538919105,69.09616398215543,0.0005070661099157937,1.3113507222408376,75.4217271580093,0.1529752071725686,90.49026971639803,3.019797663768183,0.29994761829976385,0.08686133811982062,0.9653679653679653,0.00037756254984587794,-0.6043009014311085,0.1276446361925398,1.0527063315620333,1.0069087980434375,0.19201483793829818,0.1968487241370039,7.591896938726849,1.0518021918807452,2.4817597466746473,1.0045287474770959,1.6023363812504146,0.2733803457467911,Gold,Basic Materials,HMY
2010Q3,2010,Q3,2010-03-31,2010-03-31,-288056730.0,2481719520.0,-243740310.0,-0.664746,-66474630.0,-0.026785714285714284,37299653500.0,29595982490.0,2924883720.0,1661865750.0,7703671010.0,1166999060.0,679518440.0,4039428000.0,4563838970.0,69.45783264491904,1.76,0.02712871287128713,0.03419016720738707,-0.008873414230557089,69.45783264491904,-0.00973296730721238,1.6276730579126846,-3.505757355504244,0.13648568691256852,-4.718436989824887,2.1835443037974684,0.33647772159820644,0.06653465346534654,0.32,-0.007722772277227723,0.5806433273030256,-0.026785714285714284,-3.251475872907275,0.8491357296625693,0.2509574991697062,0.20781844404012956,-1.214426515632143,-3.60170838967,-2.834537967075,-2.059604007554276,-0.1547318458256485,0.13437427225326135,Gold,Basic Materials,HMY
2010Q2,2010,Q2,2009-12-31,2009-12-31,110718300.0,2930344340.0,132861960.0,0.295249,310011240.0,0.10579345088161209,36906100000.0,29487973900.0,3358455100.0,1741967920.0,7418126100.0,1107183000.0,974321040.0,4331403000.0,4545458380.0,69.23684879079596,1.9279661016949152,0.0278,0.034793491864831036,0.0028396541932226922,69.23684879079596,0.0037546933667083854,1.4781208272608672,9.780232807042738,0.1468871009818684,0.034482556180866215,2.3666666666666667,0.0008814349530625527,0.0794,1.13135593220339,0.003,-6.274767979409202,0.10579345088161209,4.92989391579816,1.3230573869670998,0.1415868026650307,0.0052471592075127825,1.2924457187022624,5.912383682933419,2.7684581258560312,-0.7691818222942339,0.05955343435376771,0.14704745725578744,Gold,Basic Materials,HMY
2010Q1,2010,Q1,2009-09-30,2009-09-30,-22538610.0,2652043110.0,-75128700.0,-0.075129,135231660.0,0.05099150141643059,35971621560.0,29225064300.0,3110328180.0,1667857140.0,6746557260.0,1141956240.0,848954310.0,4659346000.0,3930597610.0,68.61954519840339,1.864864864864865,0.010025062656641603,0.012339331619537276,-0.007618080243778568,68.61954519840339,-0.0007712082262210797,1.7568892385011041,-51.68182509924081,0.15942979465061433,-9.666666666666666,2.2039473684210527,0.04676047453870136,0.07372598162071846,1.1531531531531531,-0.0006265664160401002,-7.472071098685419,0.05099150141643059,0.8910939372283694,0.9503510724034052,-0.07849029126518546,0.07465820499632134,1.1990760001539829,0.919686115121411,0.9081325667676741,-1.0737646923492141,-0.1765464557495005,0.15880290000244218,Gold,Basic Materials,HMY
2009Q4,2009,Q4,2009-06-30,2009-06-30,-280631550.0,1056024150.0,-817794700.0,-0.689851401179941,-679296650.0,-0.6432586319167038,38138953750.0,29612864800.0,3933926600.0,1734644800.0,8526088950.0,1037689300.0,-836346600.0,4198176000.0,2602922300.0,72.7946529006883,2.267857142857143,0.009543147208121827,0.012290794979079499,-0.013767022595554507,72.7946529006883,-0.009476676839452561,3.975454538610694,-3.7399358696482987,0.1417686545477356,0.0,1.672293238448156,0.0,0.027688859975609582,1.6428571428571428,-0.007358134463769867,-1.7353488577714504,-0.6432586319167038,-1.2999353918173655,0.6746961508009478,-0.751661216250535,-0.0846253776167439,-1.8501835419274093,-1.288715586419753,-1.8396249486652978,0.584550035556382,-0.7070736958493692,0.3673464343480447,Gold,Basic Materials,HMY
2009Q3,2009,Q3,2009-03-31,2009-03-31,972000000.0,3005000000.0,974000000.0,2.3,799000000.0,0.2658901830282862,39540000000.0,29441000000.0,7107000000.0,4778000000.0,10099000000.0,914000000.0,857000000.0,4605740000.0,4606740000.0,69.93111638954869,1.4874424445374634,0.07182599898836621,0.096464114670018,0.026762449294573255,69.93111638954869,0.03301518290818926,1.532692179700499,1.1846039094650205,0.1564396589789749,0.0,2.413566739606127,0.0,0.07599898836621143,1.1950606948514022,0.024582701062215478,65.79628571428572,0.2658901830282862,-0.2879256965944273,8.912288368570923,-0.09402428945451825,0.14076660672130165,0.047182175622542594,-0.2613981762917933,0.44510385756676557,6.279296637460391,0.45540096942385944,0.2045583091416254,Gold,Basic Materials,HMY
2009Q2,2009,Q2,2008-12-31,2008-12-31,1316000000.0,3146000000.0,674000000.0,3.23,763000000.0,0.24253019707565163,37847000000.0,27683000000.0,5790000000.0,4935000000.0,10164000000.0,898000000.0,-114000000.0,4462596000.0,5676596000.0,68.05063913470993,1.1732522796352585,0.07554099400216661,0.10327637900516562,0.013272765751889296,68.05063913470993,0.04753820033955857,1.418498410680229,0.8477575987841947,0.16120348228154466,0.0,2.653674832962138,0.0,0.08312415779322008,0.8869300911854103,0.034771580310196316,2.9719424103827796,0.24253019707565163,2.2401318924276215,2.562494739124035,-0.19439272216185918,0.08115694628197473,0.830146567635669,2.2881073654004753,-0.18350028026898021,99.28627606480045,0.5078120495682655,0.1572097915948486,Gold,Basic Materials,HMY
2009Q1,2009,Q1,2008-09-30,2008-09-30,400230240.0,2693215990.0,825474870.0,0.996873,416906500.0,0.15479876160990713,35520433800.0,25331238940.0,2876654850.0,5202993120.0,10189194860.0,750431700.0,-1434158360.0,3916528000.0,6276218790.0,62.60810415224913,0.5528846153846154,0.1,0.1402238314680711,0.019165194946338816,62.60810415224913,0.015799868334430547,1.4542197931923018,2.4464218395891324,0.15461257182393465,0.020833333333333332,3.033333333333333,0.0021289596295494375,0.07582159624413146,0.3974358974358974,0.011267605633802818,24.72173648426913,0.15479876160990713,11.115087575301661,2.7137909888368603,-0.30106756389607847,-0.24214017116646558,1.5669359899266742,11.157736046731191,2.365175548880714,2.171555755576006,0.5071576647253824,0.04436220230044171,Gold,Basic Materials,HMY
2008Q4,2008,Q4,2008-06-30,2008-06-30,-39401520.0,2415419290.0,245299200.0,-0.09855307653826914,-735367850.0,-0.3044472870795033,36785100000.0,24773320000.0,3608220000.0,6021510000.0,12011780000.0,695090000.0,-3272390000.0,4897550000.0,8583870000.0,61.964282141070534,0.5992217898832685,0.11146496815286625,0.16551071878940732,-0.018639079654091697,61.964282141070534,-0.0015904820185586753,2.0276189812163006,-31.074626055035438,0.19769453589587507,0.0,4.5329196794659685,0.0,0.06566298011966802,0.2140077821011673,-0.00107112716833718,-104.11850105754405,-0.3044472870795033,-1.1011327712677672,0.9385559642792596,-0.6548364941225501,0.24892547409319904,-1.8707111162535648,-1.10547704006008,-0.4300679870932399,0.9805663596377612,-0.10653966990432408,0.07331388239958486,Gold,Basic Materials,HMY
2008Q3,2008,Q3,2008-03-31,2008-03-31,373555420.0,2549921780.0,430400810.0,0.974492,844560080.0,0.33121019108280253,37103798130.0,24752106960.0,2038313270.0,3183341840.0,12351691170.0,649661600.0,-1770327860.0,4733632000.0,8314891570.0,61.911223011505754,0.6403061224489796,0.1057124097176625,0.15846456692913385,0.007679489965949432,61.911223011505754,0.015091863517060367,1.856383218155029,3.1679583179384734,0.1912415782482543,0.0,2.625,0.0,0.068724009630116,0.41836734693877553,0.010067848544539286,-10.111409091675167,0.33121019108280253,6.100848173948527,-0.2364305006522059,-0.4185602773024592,0.27396925540229405,1.0177222971623787,5.804962458939465,7.272400179544203,1.2085125294956411,0.3698892611500253,0.07658868984084909,Gold,Basic Materials,HMY
2008Q2,2008,Q2,2007-12-31,2007-12-31,54894560.0,2134026020.0,-68618200.0,0.137236,418571020.0,0.19614147909967847,35468747580.0,23638969900.0,4027888340.0,3671073700.0,11829777680.0,706767460.0,-2127164200.0,4121938000.0,7573433460.0,59.12698824412206,1.097196261682243,0.10930547494679822,0.16400580551523947,-0.0035437721485759286,59.12698824412206,0.0023222060957910013,1.9315312753309353,18.77206958212253,0.1743704576568711,0.0,2.4271844660194173,0.0,0.06016637647514026,0.35887850467289717,0.0015476881408396208,-3.358338585195569,0.19614147909967847,1.0998806404657933,-0.9418062064613909,-0.5673720368803016,0.3074627309163554,0.17168015899675287,1.098647833665786,-3.497023289665211,1.1706296208676137,-0.11436485272426217,-0.14153751935629647,Gold,Basic Materials,HMY
2008Q1,2008,Q1,2007-09-30,2007-09-30,-556470000.0,2411370000.0,27480000.0,-1.374,357240000.0,0.14814814814814814,35085090000.0,23378610000.0,4438020000.0,2047260000.0,11706480000.0,790050000.0,-2253360000.0,4754050000.0,7034890000.0,58.519674593241554,2.1677852348993287,0.10965341687879382,0.16456068175139582,0.0010246293365142722,58.519674593241554,-0.023802527181898327,1.9715141185301301,-2.1358069617409745,0.20335041304850887,0.0,2.6,0.0,0.06872919522224398,1.1442953020134228,-0.015860583512825533,-6.348637207376841,0.14814814814814814,0.8223986284397871,-1.570690568091303,-0.6105523682316566,0.0,2.3433313616474836,0.8191386585821316,1.0676972272227492,-0.30681874661567654,-0.10674790037876865,-0.08351697357497105,Gold,Basic Materials,HMY
2007Q4,2007,Q4,2007-06-30,2007-06-30,-3076776914.5,1231822933.2,-405925044.9,-7.736426740005029,-265935874.20000005,-0.21588806883888598,36036238923.9,21579997294.2,9415152243.6,5378111907.0,14456241629.7,735830507.4,-5794409802.9,5675179000.0,9959424619.3,54.261999733970335,1.7506426802583823,0.1383945026874703,0.23110370666915708,-0.014703130130515865,54.261999733970335,-0.14257540779798603,4.607138613061178,-0.4611301987198396,0.26298330452178986,0.0,2.035467125020699,0.0,0.034182893941882175,1.2337521782995506,-0.08538007867573039,-4.659658442020103,-0.21588806883888598,-14.31607538246325,-3.0793736687262685,-0.7473191121770624,0.0,-1.3298980607364728,-13.104692981955736,-1.7984976127200945,-2.648161608812412,-0.7036913442910877,-0.31766887350906253,Gold,Basic Materials,HMY
2007Q3,2007,Q3,2007-03-31,2007-03-31,254180500.0,2745149400.0,508361000.0,0.580984,806115300.0,0.29365079365079366,33994826300.0,24394065700.0,2897657700.0,2033444000.0,9600760600.0,718967700.0,-1016722000.0,5537760000.0,8435417700.0,61.230084588353414,1.425,0.11407818842127751,0.15897588568026197,0.012586694066272797,61.230084588353414,0.010419767788032152,2.0172891136635407,5.44668060689156,0.22701258855755235,0.0,2.696969696969697,0.0,0.08075197607348857,1.0607142857142857,0.007477034821619312,-26.646187957595213,0.29365079365079366,-0.4811679311872205,-0.8315701377673499,-0.49597954202401456,0.0,0.2124286239624953,-0.4325274247360224,0.3206634478870751,3.186456482189134,-0.12541740712434624,-0.0011708745500127245,Gold,Basic Materials,HMY
2007Q2,2007,Q2,2006-12-31,2006-12-31,447916800.0,2582520300.0,384928500.0,1.119792,664876500.0,0.25745257452574527,33201832800.0,24005541000.0,2589519000.0,2533529400.0,9196291800.0,734863500.0,-1259766000.0,,,,,,,,,,,,,,,,,,,,,,,,,,,,,,,Gold,Basic Materials,HMY
2007Q1,2007,Q1,2006-09-30,2006-09-30,284670600.0,3000582000.0,561647400.0,0.76938,884787000.0,0.2948717948717949,32590936800.0,23496865200.0,2469709800.0,2438934600.0,9094071600.0,723217200.0,-1723411200.0,,,,,,,,,,,,,,,,,,,,,,,,,,,,,,,Gold,Basic Materials,HMY
2023Q3,2023,Q3,2023-03-10,2023-03-10,,,,,,,0.0,0.0,0.0,0.0,0.0,0.0,0.0,0.0,0.0,0.0,0.0,0.0,0.0,0.0,0.0,0.0,0.0,0.0,0.0,0.0,0.0,,0.0,0.0,0.0,0.0,0.0,0.0,0.0,0.0,0.0,0.0,0.0,0.0,0.0,0.0,0.0,Gold,Basic Materials,HMY
2023Q2,2023,Q2,2022-12-31,2022-12-31,,,,,,,53345000000.0,31701000000.0,7637000000.0,5036000000.0,21554000000.0,2744000000.0,-7935000000.0,0.0,4710000000.0,0.0,1.5164813343923749,0.12944043490486457,0.2178164726664774,,0.0,,0.0,0.0,0.0,0.0,,,,0.8989277204130263,,0.0,0.0,0.0,0.0,0.0,0.0,0.0,0.0,0.0,0.0,0.0,0.0,Gold,Basic Materials,HMY
2022Q2,2022,Q2,2021-12-31,2021-12-31,,,,,,,50035000000.0,32489000000.0,7720000000.0,5164000000.0,17482000000.0,2230000000.0,-6952000000.0,0.0,612000000.0,0.0,1.4949651432997677,0.07099030678525033,0.10932931145926314,,0.0,,0.0,0.0,0.0,0.0,,,,0.9341595662277304,,0.0,0.0,0.0,0.0,0.0,0.0,0.0,0.0,0.0,0.0,0.0,0.0,Gold,Basic Materials,HMY
2021Q4,2021,Q4,2021-06-30,2021-06-30,,,,,,,48803000000.0,31160000000.0,8551000000.0,5553000000.0,17589000000.0,2542000000.0,-8173000000.0,0.0,803000000.0,0.0,1.5398883486403745,0.07421674897035019,0.11623876765083441,,0.0,,0.0,0.0,0.0,0.0,,,,0.7815595173779939,,0.0,0.0,0.0,-1.0,-1.0,-1.0,0.0,0.0,0.0,0.0,0.0,0.0,Gold,Basic Materials,HMY
2021Q2,2021,Q2,2020-12-31,2020-12-31,,,,,,,50986000000.0,30965000000.0,8691000000.0,6707000000.0,19977000000.0,2199000000.0,-6798000000.0,0.0,580000000.0,0.0,1.2958103473982407,0.09408465068842427,0.15491684159534957,,0.0,,0.0,0.0,0.0,0.0,,,,0.8501565528552258,,0.0,0.0,0.0,-1.0,-1.0,-1.0,0.0,0.0,0.0,0.0,0.0,0.0,Gold,Basic Materials,HMY
2020Q4,2020,Q4,2020-06-30,2020-06-30,,,,,,,44692000000.0,23371000000.0,10166000000.0,7560000000.0,21317000000.0,2421000000.0,-12583000000.0,0.0,1502000000.0,0.0,1.3447089947089947,0.17584802649243714,0.3362714475204313,,0.0,,0.0,0.0,0.0,0.0,,,,1.0035714285714286,,0.0,0.0,0.0,1.0,-1.0,-1.0,0.0,0.0,0.0,0.0,0.0,0.0,Gold,Basic Materials,HMY
2020Q2,2020,Q2,2019-12-31,2019-12-31,,,,,,,38415935300.0,24032918700.0,5156975500.0,3715848100.0,14383016600.0,1978018000.0,-10469366700.0,0.0,4337510900.0,0.0,1.3878326996197718,0.14564178006620082,0.2328042328042328,,0.0,,0.0,0.0,0.0,0.0,,,,0.6958174904942965,,0.0,0.0,0.0,1.0,-1.0,-1.0,0.0,0.0,0.0,0.0,0.0,0.0,Gold,Basic Materials,HMY
2019Q4,2019,Q4,2019-06-30,2019-06-30,,,,,,,36736000000.0,22614000000.0,4377000000.0,3234000000.0,14122000000.0,1967000000.0,-11710000000.0,0.0,4922000000.0,0.0,1.3534322820037106,0.16101371951219512,0.26156363314760767,,0.0,,0.0,0.0,0.0,0.0,,,,0.6153370439084724,,0.0,0.0,0.0,1.0,-1.0,-1.0,0.0,0.0,0.0,-1.0,-1.0,-1.0,Gold,Basic Materials,HMY
2019Q2,2019,Q2,2018-12-31,2018-12-31,,,,,,,40880000900.0,25813626010.0,4651364060.0,3351293360.0,15066374890.0,1791208520.0,-9071604440.0,0.0,4579137910.0,0.0,1.3879310344827587,0.14628975265017669,0.23167319529938443,,0.0,,0.0,0.0,0.0,0.0,,,,0.7758620689655172,,0.0,0.0,0.0,1.0,-1.0,-1.0,0.0,0.0,0.0,-1.0,-1.0,-1.0,Gold,Basic Materials,HMY
2018Q4,2018,Q4,2018-06-30,2018-06-30,,,,,,,39486756420.0,25317329850.0,4180463730.0,3628587330.0,14169426570.0,1752207570.0,-12113686980.0,0.0,4961368836.0,0.0,1.1520912547528517,0.143466107617051,0.22376021798365123,,0.0,,0.0,0.0,0.0,0.0,,,,0.4866920152091255,,0.0,0.0,0.0,1.0,-1.0,-1.0,0.0,0.0,0.0,1.0,-1.0,-1.0,Gold,Basic Materials,HMY
2018Q2,2018,Q2,2017-12-31,2017-12-31,,,,,,,40331974320.0,29926919520.0,5078657700.0,2291589450.0,10405054800.0,1374953670.0,-6119163180.0,0.0,1511210340.0,0.0,2.2162162162162162,0.06388206388206388,0.08609271523178808,,0.0,,0.0,0.0,0.0,0.0,,,,0.9027027027027027,,0.0,0.0,0.0,-1.0,-1.0,-1.0,0.0,0.0,0.0,1.0,-1.0,-1.0,Gold,Basic Materials,HMY
2017Q4,2017,Q4,2017-06-30,2017-06-30,,,,,,,38604714500.0,29077185500.0,4880906250.0,3813614750.0,9527529000.0,1119354500.0,-7119615250.0,0.0,885071000.0,0.0,1.2798634812286689,0.054956169925826026,0.0729632945389436,,0.0,,0.0,0.0,0.0,0.0,,,,0.5631399317406144,,0.0,0.0,0.0,-1.0,-1.0,-1.0,0.0,0.0,0.0,1.0,-1.0,-1.0,Gold,Basic Materials,HMY
2017Q2,2017,Q2,2016-12-31,2016-12-31,,,,,,,39958878300.0,30568884600.0,5154215520.0,2165867160.0,9389993700.0,1603838340.0,-3070596480.0,0.0,287868420.0,0.0,2.3797468354430378,0.03739279588336192,0.04887892376681614,,0.0,,0.0,0.0,0.0,0.0,,,,0.9367088607594937,,0.0,0.0,0.0,-1.0,-1.0,-1.0,0.0,0.0,0.0,1.0,-1.0,-1.0,Gold,Basic Materials,HMY
