Quarters,Year,Quarter,FillingDate,Date,NetIncome,Revenue,OperatingIncome,EPSDiluted,GrossProfit,GrossProfitRatio,TotalAssets,CommonStockEquity,CurrentAssets,CurrentLiability,TotalLiability,Inventory,RetainedEarnings,MarketCap,EnterpriseValue,bookValuePerShare,currentRatio,debtToAssets,debtToEquity,roic,shareholdersEquityPerShare,roe,priceToSalesRatio,peRatio,pbRatio,payoutRatio,inventoryTurnover,dividendYield,assetTurnover,quickRatio,returnOnAssets,priceToFreeCashFlowsRatio,grossProfitMargin,epsdilutedGrowth,fiveYNetIncomeGrowthPerShare,fiveYRevenueGrowthPerShare,fiveYShareholdersEquityGrowthPerShare,grossProfitGrowth,netIncomeGrowth,operatingIncomeGrowth,threeYNetIncomeGrowthPerShare,threeYRevenueGrowthPerShare,threeYShareholdersEquityGrowthPerShare,Industry,Sector,Symbol
2023Q1,2023,Q1,2023-03-31,2023-03-31,-5205777.0,180836.0,-5340797.0,-0.14,180836.0,1.0,16914000.0,13687543.0,11363897.0,3125066.0,3226457.0,0.0,-199296947.0,149549408.56,138850951.56,0.3551178660709509,3.636370239860534,0.01611126877143195,0.019909051609920056,-0.371219601478923,0.3551178660709509,-0.38032954490079046,826.9891424273928,-7.181896600641941,10.925949862586732,0.0,0.0,0.0,0.01069149816719877,3.541564882149689,-0.30777917701312524,-33.10592800123968,1.0,0.1764705882352941,-0.12228115598260747,-0.816153436458029,-0.7028968899367193,-0.09382187723931268,0.172577838790723,0.1479728049255776,-0.12709779339482827,0.0,-0.390045589220001,Semiconductors,Technology,POET
2022Q4,2022,Q4,2022-12-31,2022-12-31,-6291561.0,199559.0,-6268341.0,-0.17,199559.0,1.0,15390453.0,11445048.0,9568194.0,3817093.0,3945405.0,-128321.0,-194023660.0,110954368.14,102033306.14,0.31151585592725634,2.506670390268196,0.020063282087928146,0.026979615987630632,-0.5218881807224588,0.31151585592725634,-0.5497190575347521,555.9978158840242,-4.408856885437493,9.694530607473206,0.0,0.0,0.0,0.012966414958676006,2.468110680038448,-0.4087963492692515,-25.317059590064602,1.0,-0.5454545454545455,-0.5668712124348168,-0.8032830042223044,-0.6490652747553155,-0.14325886110729497,-0.622025874303817,-0.49112474597188666,0.06694044836691293,0.0,-0.5282239361141293,Semiconductors,Technology,POET
2022Q3,2022,Q3,2022-09-30,2022-09-30,-3878829.0,232928.0,-4203767.0,-0.11,232928.0,1.0,15066284.0,12914590.0,10611202.0,2034126.0,2151694.0,0.0,-187743709.0,94017579.9648,84088184.9648,0.3518705092854532,5.216590319380412,0.02255055062017947,0.026307687661784075,-0.29743552179924404,0.3518705092854532,-0.3003447263908494,403.63365488391264,-6.059662591777054,7.279950812592579,0.0,0.0,0.0,0.015460215670964386,5.081348451374202,-0.25745094145311476,-30.41377316952217,1.0,0.21428571428571436,0.239939355421516,-0.76942670900278,-0.6321939701425903,0.936854009196664,0.26574084222613564,0.07900066471618984,-0.03497522606817269,0.0,-0.3162429077510421,Semiconductors,Technology,POET
2022Q2,2022,Q2,2022-06-30,2022-06-30,-5282643.0,120261.0,-4564354.0,-0.14,120261.0,1.0,18557775.0,16658617.0,14146375.0,1743425.0,1899158.0,0.0,-183702411.0,191429875.79999998,180411446.79999998,0.4542550131038637,8.114128798198948,0.020480364698893052,0.022815219294614913,-0.2625049748720858,0.4542550131038637,-0.31711173862752234,1591.7868286476912,-9.059379736620475,11.491342636666657,0.0,0.0,0.0,0.006480356616027514,7.945083958300472,-0.2846592870104309,-49.313486627800785,1.0,0.12499999999999993,-0.32391567289480383,-0.8686004098667814,-0.568816511742212,0.0,0.0977421533873677,0.15985222350394337,-0.09786980462582547,0.0,-0.23191683985342063,Semiconductors,Technology,POET
2022Q1,2022,Q1,2022-03-31,2022-03-31,-5854915.0,0.0,-5432799.0,-0.16,0.0,0.0,22988904.0,21019363.0,17963976.0,1806556.0,1969541.0,0.0,-178419769.0,265137537.72,254268319.72,0.5755525101887108,9.943769249334093,0.015014634886465227,0.01642152523841945,-0.27008837392213914,0.5755525101887108,-0.2785486410791802,0.0,-11.321152301954854,12.613966356639828,0.0,0.0,0.0,0.0,9.86042890450116,-0.25468439034762164,-65.56036850046512,0.0,-0.6,-0.18243208131916233,-1.0,-0.4981227436386169,0.0,-0.5771834408150291,-0.47580839696232463,-0.7216943005535894,0.0,-0.1425636812574901,Semiconductors,Technology,POET
2021Q4,2021,Q4,2021-12-31,2021-12-31,-3712260.0,0.0,-3681236.0,-0.1,0.0,0.0,27153977.0,24971747.0,21789126.0,1923956.0,2182230.0,0.0,-172986970.0,259294286.2,244743519.2,0.6837767476420389,11.325168558948334,0.014399658657735476,0.01565801543640499,-0.1437162004125044,0.6837767476420389,-0.1486584018330796,0.0,-17.462023551690883,10.383506055863853,0.0,0.0,0.0,0.0,11.148992492551805,-0.13671146587477775,-75.65129562627844,0.0,-8.900990099009903,0.43122626921209456,-1.0,-0.5278821769150124,0.0,-0.06507032070372347,-0.06826287390430998,0.18567164629695482,-1.0,-0.06629864443270962,Semiconductors,Technology,POET
2021Q3,2021,Q3,2021-09-30,2021-09-30,-3485460.0,0.0,-3446002.0,-0.0101,0.0,0.0,24909757.0,23004598.0,20528018.0,1623067.0,1905159.0,0.0,-169290222.0,2824146676.9,2810574511.9,0.06663167079075304,12.647671353061828,0.017356612511314342,0.01879402543787116,-0.14538362051967424,0.06663167079075304,-0.15151145001534042,0.0,-202.5662808424139,122.76444373859522,0.0,0.0,0.0,0.0,12.5796057710495,-0.13992348460083331,-965.4099931495002,0.0,0.22307692307692306,0.9205423195991277,-1.0,-0.9458014336710736,-1.0,0.22255449820564277,0.2047382434141126,0.9411236103317565,-1.0,-0.9193226721954456,Semiconductors,Technology,POET
2021Q2,2021,Q2,2021-06-30,2021-06-30,-4483221.0,209100.0,-4333167.0,-0.013,209100.0,1.0,26646502.0,23614936.0,22444050.0,2725742.0,3031566.0,0.0,-165824491.0,3970342832.4795003,3949266839.4795003,0.06839948436815556,8.234106529524805,0.03249507196104014,0.036666624885199776,-0.17678198849748766,0.06839948436815556,-0.18984684099927265,18987.77060009326,-221.40012908573433,168.12846041503138,0.0,0.0,0.0,0.00784718384424342,8.157142899071152,-0.16824801244080742,-1237.52848328873,1.0,0.9,0.9204800978855235,-0.9778872334787685,-0.9497931254444105,0.0,-0.09389008447157685,-0.05727743862268874,0.91891318895069,-0.9768065131018879,-0.9283882247054082,Semiconductors,Technology,POET
2021Q1,2021,Q1,2021-03-31,2021-03-31,-4098420.0,0.0,-4098420.0,-0.13,0.0,0.0,28529220.0,24037291.0,24564271.0,4143575.0,4491929.0,0.0,-161416297.0,301510602.40000004,279917121.40000004,0.7493949917563496,5.928279565351176,0.06585437667065556,0.07816080439347346,-0.15520355787954135,0.7493949917563496,-0.17050257452056475,0.0,-18.391880431971344,12.543451855702042,0.0,0.0,0.0,0.0,5.733828155638549,-0.14365692437437827,-115.8291161492764,0.0,0.27777777777777773,0.1458740798838076,0.0,-0.0856259487433734,0.0,0.22040926031496574,0.13889640018682647,-0.06172198941761378,-1.0,-0.37303187479681976,Semiconductors,Technology,POET
2020Q4,2020,Q4,2020-12-31,2020-12-31,-5257143.0,0.0,-4759497.0,-0.18,0.0,0.0,11636728.0,5814973.0,7491611.0,5392397.0,5821755.0,0.0,-157317877.0,189237037.11699998,186455537.11699998,0.19872130193916324,1.3892914412644322,0.3515931626140956,0.7035963881517593,-0.47861503903421326,0.19872130193916324,-0.9040700618902272,0.0,-8.999043640100716,32.54306376263484,0.0,0.0,0.0,0.0,1.2972425806186005,-0.4517715804648867,-63.921217020726075,0.0,-0.3846153846153845,0.06750200232914441,0.0,-0.7566985694440507,0.0,-0.41008025732124764,-0.46868681819191715,-0.6438374227286227,-1.0,-0.776132725929138,Semiconductors,Technology,POET
2020Q3,2020,Q3,2020-09-30,2020-09-30,-3728258.0,0.0,-3240648.0,-0.13,0.0,0.0,14475697.0,9371990.0,9573421.0,4679164.0,5103707.0,0.0,-152309557.0,117106327.902,111346945.902,0.32027905453057454,2.0459682541582214,0.25460832732268435,0.39326044948831573,-0.2583862491567855,0.32027905453057454,-0.39780857640693174,0.0,-7.852616952877188,12.495353484372048,0.0,0.0,0.0,0.0,2.0317165630441676,-0.25755291783186673,-33.18443966298219,0.0,0.40909090909090906,0.29907596810045495,0.0,-0.6412438453796875,0.0,0.4208192075869919,0.45808027202943974,0.08367814497708265,-1.0,-0.6652161395037222,Semiconductors,Technology,POET
2020Q2,2020,Q2,2020-06-30,2020-06-30,-6437123.0,0.0,-5979941.0,-0.22,0.0,0.0,17563364.0,11615333.0,13164945.0,5494658.0,5948031.0,0.0,-148825104.0,136852015.0,128509696.0,0.3989131259777213,2.3959534879149893,0.20232957649798752,0.3059393992406417,-0.39846188497557833,0.3989131259777213,-0.5541918600181329,0.0,-5.314952619361165,11.782013912128047,0.0,0.0,0.0,0.0,2.3740321963623576,-0.3665085458571604,-59.01698810362687,0.0,-0.8333333333333334,-0.3661969848867603,0.0,-0.5565958317382635,0.0,-0.856274286175678,-0.7244366328168143,-1.0318270844694835,-1.0,-0.621347595053257,Semiconductors,Technology,POET
2020Q1,2020,Q1,2020-03-31,2020-03-31,-3467765.0,0.0,-3467765.0,-0.12,0.0,0.0,21206813.0,16848212.0,17555988.0,4255151.0,4358601.0,0.0,-142616572.0,86816031.0,77408017.0,0.5822039480242998,4.125820211785669,0.13766995540536903,0.17328491593054504,-0.1737492314031632,0.5822039480242998,-0.20582391769524266,0.0,-6.258788513639188,5.152833487612811,0.0,0.0,0.0,0.0,4.1024327926318005,-0.16352127026347618,-39.39838296779323,0.0,0.3333333333333333,0.0033409588642448963,0.0,-0.3658026439096572,0.0,0.3446980247769309,-1.9234231175524328,0.11618535338795744,-1.0,-0.4923227422266012,Semiconductors,Technology,POET
2019Q4,2019,Q4,2019-12-31,2019-12-31,-5291858.0,0.0,3755337.0,-0.18,0.0,0.0,24077355.0,19038856.0,20259394.0,4905245.0,5038499.0,0.0,-139148807.0,80733657.19999999,82618319.19999999,0.6603044956571099,4.130149258599723,0.1375894902077076,0.17400157866628121,0.17639917381404266,0.6603044956571099,-0.2779504188697052,0.0,-3.814050622673548,4.240467872649491,0.0,0.0,0.0,0.0,3.9772516969081053,-0.21978568659223574,-19.46779753057364,0.0,-0.7999999999999998,-0.1378674993015664,0.0,-0.13188980671309133,0.0,-0.7973748520403571,2.425779732812733,-0.026945341683376207,-1.0,-0.5440887363633139,Semiconductors,Technology,POET
2019Q3,2019,Q3,2019-09-30,2019-09-30,-2944215.0,0.0,-2633883.0,-0.1,0.0,0.0,26366039.0,14838077.0,24054103.0,11235222.0,11527962.0,0.0,-142602567.0,74966967.4,79668159.4,0.5146133228806585,2.1409548471761393,0.24259787372688024,0.4310764123949485,-0.13865293813978077,0.5146133228806585,-0.1984229492810962,0.0,-6.365615911202138,5.052337132365603,0.0,0.0,0.0,0.0,0.15849504353363023,-0.11166694398047428,-55.554955017711315,0.0,0.23076923076923075,0.621475846691725,0.0,-0.3558750151704908,0.0,0.22108200317576387,-0.15555394689217203,0.19632094392882127,-1.0,-0.581410701804475,Semiconductors,Technology,POET
2019Q2,2019,Q2,2019-06-30,2019-06-30,-3779878.0,0.0,-2279325.0,-0.13,0.0,0.0,26530156.0,17037586.0,24184372.0,9199830.0,9492570.0,0.0,-139658352.0,86424690.0,89257723.0,0.591413842502646,2.628784662325282,0.18551489105454186,0.28887537236789296,-0.17213088289371373,0.591413842502646,-0.22185525578564944,0.0,-5.7161031387785535,5.072590095803478,0.0,0.0,0.0,0.0,0.23705688039887693,-0.14247477474312628,-29.806756337299536,0.0,-0.3963480128893663,0.29632358015263904,0.0,-0.31170559508622164,0.0,-0.4090657294461746,-0.24971009653579754,0.19650932476939234,-1.0,-0.5658879467402304,Semiconductors,Technology,POET
2019Q1,2019,Q1,2019-03-31,2019-03-31,-2682542.0,0.0,-1823883.0,-0.0931,0.0,0.0,24347311.0,19337470.0,22006764.0,4717101.0,5009841.0,0.0,-135878474.0,72596739.6,71641489.6,0.671248112084637,4.665315413004724,0.0,0.0,-0.13872249058434222,0.671248112084637,-0.13872249058434222,0.0,-6.765666632619359,3.754200502961349,0.0,0.0,0.0,0.0,0.23439269161292073,-0.11017816300124478,-49.39514735519972,0.0,0.22416666666666663,0.2834225661173026,0.0,-0.05713203032429126,-1.0,0.25395647178803743,0.5030529871047056,0.3775418913175273,0.0,-0.18097683812017387,Semiconductors,Technology,POET
2018Q4,2018,Q4,2018-12-31,2018-12-31,-3595691.0,1555714.0,-3670176.0,-0.12,1046550.0,0.6727136222,25137903.0,21095240.0,6888264.0,3040422.0,4042663.0,436833.0,-133195932.0,58273890.64,55706022.64,0.7323291795229274,2.2655618200368237,0.0,0.0,-0.17045034804060064,0.7323291795229274,-0.17045034804060064,37.45797147804802,-4.051647558146682,2.7624189456958064,0.0,1.1655804392067448,0.0,0.06188718287281163,1.1842007458175214,-0.1430386217975302,-18.523993642437997,0.6727136221696276,0.2941176470588236,0.1569630184470705,3.7331596211231957,1.3035837483060682,0.9807667557480184,0.2720203414509906,0.2679791749064923,0.3521035095913197,0.0,-0.10338380799085087,Semiconductors,Technology,POET
2018Q3,2018,Q3,2018-09-30,2018-09-30,-4939274.0,907044.0,-5013759.0,-0.17,528356.0,0.5825031641,27696766.0,23790706.0,8900252.0,2823918.0,3906060.0,417061.0,-129600241.0,86417040.0,80563325.0,0.8259032940725579,3.1517388252775045,0.0,0.0,-0.20761359498957282,0.8259032940725579,-0.20761359498957282,95.27326127508698,-4.373974798725481,3.632386529428761,0.0,0.9079918764880917,0.0,0.032749094244432723,2.4027432807893145,-0.17833396144517377,-20.40757992101179,0.5825031641243423,-0.06250000000000006,0.0037019809034611584,3.933149558269786,1.066598927439671,0.2223134740977053,-0.07072761866608918,-0.06960374545705891,0.05669256452798721,0.0,-0.07487584442886236,Semiconductors,Technology,POET
2018Q2,2018,Q2,2018-06-30,2018-06-30,-4613007.0,752198.0,-4687492.0,-0.16,432259.0,0.5746611929,30584428.0,27513543.0,12501037.0,1909141.0,3070885.0,424513.0,-124660967.0,63372496.00000001,53381491.00000001,0.9551429787458584,6.547990431298683,0.0,0.0,-0.16766313956730328,0.9551429787458584,-0.16766313956730328,84.24975338940014,-3.434446121586202,2.3033200776795635,0.0,0.7536612541900954,0.0,0.02459414967643011,5.551157824382798,-0.1508286177527989,-21.66080454568449,0.5746611929305848,-0.3333333333333334,-0.07441859225360704,3.0098926657796716,1.0628281116566471,0.06717178824394952,-0.4530039148836449,-0.44261949987874283,0.01035180923091844,0.0,0.06167070091721537,Semiconductors,Technology,POET
2018Q1,2018,Q1,2018-03-31,2018-03-31,-3174807.0,673229.0,-3249292.0,-0.12,405051.0,0.6016541177,34537294.0,31532016.0,16794957.0,1762510.0,3005278.0,435529.0,-120047960.0,100246682.8,87054131.8,1.1952680872149517,9.528999551775593,0.0,0.0,-0.10068518930093147,1.1952680872149517,-0.10068518930093147,148.9042848718638,-7.893919441402264,3.179203093135561,0.0,0.6157523379614216,0.0,0.019492812610044086,7.918081032164356,-0.09192402276796786,-39.81923763795191,0.6016541176924939,-0.09090909090909087,0.10631036748612827,2.503311000789644,1.06595061413306,0.21916649610517824,-0.117592682227084,-0.11458816426777899,-0.000936530069051423,0.0,0.3020108559951659,Semiconductors,Technology,POET
2017Q4,2017,Q4,2017-12-31,2017-12-31,-2840755.0,717692.0,-2915240.0,-0.11,332236.0,0.4629228137,25205772.0,23072781.0,7950712.0,810593.0,2132991.0,524582.0,-116873153.0,44187054.5,39212576.5,0.8876746400917038,9.808513026882789,0.0,0.0,-0.12312148240821079,0.8876746400917038,-0.12312148240821079,61.5682695362356,-3.88867171755396,1.9151161058565067,0.0,0.7347869351216778,0.0,0.02847331952379796,6.893576677814884,-0.11270255876312775,-17.56217799036977,0.4629228136860938,0.21428571428571436,0.21999686311750608,1.2374514777212258,5.065176969030641,-0.09529916973692451,0.2139810547839645,0.20966005980605054,0.32240880406094696,0.0,0.16703643312169922,Semiconductors,Technology,POET
2017Q3,2017,Q3,2017-09-30,2017-09-30,-3614105.0,715420.0,-3688590.0,-0.14,367233.0,0.513311062,26876865.0,24866242.0,9664828.0,608027.0,2010623.0,875852.0,-114032398.0,72778678.0,65335115.0,0.9566741182080829,15.895392803280117,0.0,0.0,-0.1453418252746032,0.9566741182080829,-0.1453418252746032,101.72860417656761,-5.034349998132317,2.926806471198985,0.0,0.39754090873800596,0.0,0.026618431874402017,13.392589473822708,-0.13446899405864485,-32.646806987386924,0.5133110620334909,-0.2727272727272728,-2.217845538962771,1.522244719714704,3.2335309611885372,0.12123654682848638,-0.2785263342594774,-0.27137563381966245,0.4845633385481228,0.0,0.19743829877577723,Semiconductors,Technology,POET
2017Q2,2017,Q2,2017-06-30,2017-06-30,-2826774.0,648382.0,-2901259.0,-0.11,327525.0,0.5051420305,29581521.0,27370137.0,11916722.0,729776.0,2211384.0,969309.0,-110418293.0,57156028.6,47990562.6,1.0535074405082092,16.32928734296551,0.0,0.0,-0.10327949765103478,1.0535074405082092,-0.10327949765103478,88.15178181997649,-5.054881341769806,2.0882624226542967,0.0,0.33101621877027865,0.0,0.02191848079752221,14.241561794304006,-0.09555877806283186,-27.360918559708487,0.5051420304696923,0.21428571428571436,0.7687626042179083,0.0,7.584199893905396,0.11793578247824885,0.19606286739266637,0.19199570662454243,0.41646956117045103,0.0,0.22608438410636536,Semiconductors,Technology,POET
2017Q1,2017,Q1,2017-03-31,2017-03-31,-3516163.0,712550.0,-3590648.0,-0.14,292973.0,0.411161322,31850003.0,29740389.0,13889111.0,548812.0,2109614.0,1057209.0,-107591519.0,62240124.0,51157941.0,1.1467993476362612,25.307593492853655,0.0,0.0,-0.11822854771670942,1.1467993476362612,-0.11822854771670942,87.34843028559399,-4.425287166721224,2.0927810998033682,0.0,0.39687233082578754,0.0,0.022372054407655786,22.371302012346668,-0.110397572019067,-18.525202738057608,0.41116132201249034,0.22222222222222213,0.4386326890575053,4.917832544939417,6.368640736804333,4.157512986873019,0.11623241909352171,0.11936637214501786,-0.043381098426192546,0.0,0.6108505231741962,Semiconductors,Technology,POET
2016Q4,2016,Q4,2016-12-31,2016-12-31,-3978606.0,423461.0,-4077346.0,-0.18,-92786.0,-0.2191134485,35505957.0,32242641.0,17134203.0,1624344.0,3263316.0,1116880.0,-104075356.0,53874349.76,39498067.76,1.4483180134441775,10.54838322424314,0.0,0.0,-0.12339578510333567,1.4483180134441775,-0.12339578510333567,127.22387601219474,-3.3852528850557206,1.670903750099131,0.0,0.4622224410858821,0.0,0.011926477576706354,9.484151756031974,-0.11205460537227598,-17.109083996374576,-0.21911344846396716,-0.3846153846153845,0.7843598455948161,-0.8335373735731189,3.0264224096976378,-1.2274618245288893,-0.40661091283204376,-0.26170146598073724,-0.20699828444569876,1.9626315935414396,3.555767995373841,Semiconductors,Technology,POET
2016Q3,2016,Q3,2016-09-30,2016-09-30,-2828505.0,861545.0,-3231625.0,-0.13,407919.0,0.4734738174,30584410.0,27369041.0,12047649.0,1819725.0,3215369.0,655364.0,-100096750.0,133572768.0,123872879.0,1.229399139201787,6.6205877261674155,0.0,0.0,-0.11371326519145676,1.229399139201787,-0.10334688014826679,155.03864336743874,-11.8059512003691,4.880432894963328,0.0,0.6921741200310056,0.0,0.02816941703305704,5.910446358653093,-0.09248192134489434,-37.62873934362776,0.47347381738620736,0.1875,0.6540521770273251,-0.8354760648764599,0.07733869551125193,1.4459094833789035,0.17743019001808866,0.06019711395850661,0.261765129537019,5.062969032310642,2.0762378122280047,Semiconductors,Technology,POET
2016Q2,2016,Q2,2016-06-30,2016-06-30,-3438620.0,576741.0,-3438620.0,-0.16,166776.0,0.2891696619,32131026.0,28687550.0,14474680.0,1951693.0,3443476.0,493183.0,-97268245.0,142137146.25,129377529.25,1.3623529640830958,7.416473799926525,0.0,0.0,-0.1198645405411058,1.3623529640830958,-0.1198645405411058,246.4488327516164,-10.333880033996195,4.954663129127444,0.0,0.8312634458203142,0.0,0.017949660244276047,7.016214640314844,-0.10701868032474282,-56.5672704967943,0.28916966194530996,-0.06666666666666674,0.2976578799231371,-0.7863952212908791,-0.07073441653930569,0.0,-0.15430488497133052,-0.15430488497133052,-0.09558959532564215,3.2058687191989095,1.9422819984494957,Semiconductors,Technology,POET
2016Q1,2016,Q1,2016-03-31,2016-03-31,-2978953.0,0.0,-2978953.0,-0.15,0.0,0.0,16659325.0,16320397.0,15307166.0,338928.0,338928.0,0.0,-93829625.0,135410623.6,120681241.6,0.8195715864054258,45.16347424821791,0.0,0.0,-0.18252944459623133,0.8195715864054258,-0.18252944459623133,0.0,-11.363944278409226,8.297017750242228,0.0,0.0,0.0,0.0,43.45873459849879,-0.17881594842528134,-58.77988079993402,0.0,0.21052631578947373,0.3587817789387206,-1.0,-0.4920794671533523,0.0,0.18097562491116098,0.18097562491116098,-0.11090169752188968,-1.0,0.41658130119205555,Semiconductors,Technology,POET
2015Q4,2015,Q4,2015-12-31,2015-12-31,-3637197.0,0.0,-3637197.0,-0.19,0.0,0.0,15934839.0,15419418.0,14560919.0,515421.0,515421.0,0.0,-90850672.0,139701136.8,125291140.80000001,0.816769969190401,28.25053499954406,0.0,0.0,-0.23588419485093406,0.816769969190401,-0.23588419485093406,0.0,-9.602252558769845,9.060078454322985,0.0,0.0,0.0,0.0,27.957719999767182,-0.22825439278049814,-64.94531379442117,0.0,-0.05555555555555561,0.30662971480883006,-1.0,-0.539417885099292,0.0,-0.059904838114643026,-0.059904838114643026,-0.3750145838980538,-1.0,4.580709623086352,Semiconductors,Technology,POET
2015Q3,2015,Q3,2015-09-30,2015-09-30,-3431626.0,0.0,-3431626.0,-0.18,0.0,0.0,17232852.0,16853783.0,15947692.0,379069.0,379069.0,0.0,-87213475.0,128374017.6,112524082.6,0.8927485993084632,42.07068370138418,0.0,0.0,-0.2036116164542999,0.8927485993084632,-0.2036116164542999,0.0,-9.352273353797878,7.616925980357051,0.0,0.0,0.0,0.0,41.81279661486431,-0.1991327958947248,-68.3641616213041,0.0,-0.12499999999999993,0.31248630381083486,-1.0,-0.5573333496758105,0.0,-0.17683494977158615,-0.17683494977158615,-3.2067072310942963,-1.0,2.950643969348,Semiconductors,Technology,POET
2015Q2,2015,Q2,2015-06-30,2015-06-30,-2915979.0,0.0,-2915979.0,-0.16,0.0,0.0,16726521.0,16212045.0,15411781.0,514476.0,514476.0,0.0,-83781849.0,228856349.5,213580230.5,0.8996602976051578,29.956268125238108,0.0,0.0,-0.17986497076710556,0.8996602976051578,-0.17986497076710556,0.0,-19.620884572556932,14.116439320270823,0.0,0.0,0.0,0.0,29.69257846818899,-0.1743326660696507,-137.08832682004638,0.0,-0.3333333333333334,0.5122171912160289,-1.0,-0.5288000610603528,0.0,-0.39830428010787544,-0.39830428010787544,0.6561005412179368,0.0,6.622687613089163,Semiconductors,Technology,POET
2015Q1,2015,Q1,2015-03-31,2015-03-31,-2085368.0,0.0,-2085368.0,-0.12,0.0,0.0,16304059.0,15922419.0,15017855.0,381640.0,381640.0,0.0,-80865870.0,246289940.39999998,231439260.39999998,0.9180169901896651,39.35084110680222,0.0,0.0,-0.13097055164796254,0.9180169901896651,-0.13097055164796254,0.0,-29.52595661772886,15.468123304631035,0.0,0.0,0.0,0.0,38.91279740069175,-0.12790483645820958,-169.63857888998248,0.0,0.25000000000000006,0.6460895384094181,-1.0,-0.5880646187999624,0.0,0.20688206002367904,0.20688206002367904,0.5021921930545016,-1.0,4.898623333657169,Semiconductors,Technology,POET
2014Q4,2014,Q4,2014-12-31,2014-12-31,-2629329.0,0.0,-2629329.0,-0.16,0.0,0.0,12850946.0,12399222.0,11531365.0,451724.0,451724.0,0.0,-78780502.0,198877141.0,187589277.0,0.7606229033632377,25.52745703128459,0.0,0.0,-0.2120559660920661,0.7606229033632377,-0.2120559660920661,0.0,-18.909495635578505,16.03948546126523,0.0,0.0,0.0,0.0,24.98840885142255,-0.2046019802744483,-101.79903563887645,0.0,0.40740740740740744,0.6974143253104431,-1.0,-0.7040755083776717,0.0,0.4020834636161351,0.4020834636161351,0.8053809848842539,-1.0,1.1145833131965408,Semiconductors,Technology,POET
2014Q3,2014,Q3,2014-09-30,2014-09-30,-4397485.0,0.0,-4397485.0,-0.27,0.0,0.0,13641611.0,13023746.0,12359517.0,617865.0,617865.0,0.0,-76151173.0,205397703.0,193116687.0,0.7989339569196643,20.003588162462673,0.0,0.0,-0.33765131783129065,0.7989339569196643,-0.33765131783129065,0.0,-11.676998500279137,15.771015727733019,0.0,0.0,0.0,0.0,19.87653613653468,-0.3223581877536312,-122.23019821865644,0.0,-0.42105263157894746,0.22121672378658874,-1.0,-0.7310719802188365,0.0,-0.49636566503685037,-0.49636566503685037,0.2654867136308566,-1.0,-0.2998836264792605,Semiconductors,Technology,POET
2014Q2,2014,Q2,2014-06-30,2014-06-30,-2938777.0,0.0,-2938777.0,-0.19,0.0,0.0,13780798.0,13542401.0,12754319.0,238397.0,238397.0,0.0,-71753688.0,266357621.39999998,253661685.39999998,0.8592454599085859,53.50033347735081,0.0,0.0,-0.21700561074804978,0.8592454599085859,-0.21700561074804978,0.0,-22.65888338924661,19.668419315009206,0.0,0.0,0.0,0.0,53.25543526134977,-0.21325158383425982,-252.68244734944787,0.0,-0.4615384615384615,0.5903119642035021,-1.0,-0.7446162289869802,0.0,-0.6145272328617208,-0.6145272328617208,0.19803289070583524,-1.0,-0.41390575373005706,Semiconductors,Technology,POET
2014Q1,2014,Q1,2014-03-31,2014-03-31,-1820209.0,0.0,-1820209.0,-0.13,0.0,0.0,10247150.0,9972100.0,9328361.0,275050.0,275050.0,0.0,-68901797.0,175091250.0,165954930.0,0.7119216408586951,33.91514633702963,0.0,0.0,-0.1825301591440118,0.7119216408586951,-0.1825301591440118,0.0,-24.048234296171483,17.558112132850653,0.0,0.0,0.0,0.0,33.2169423741138,-0.17763075586870497,-157.4206271785775,0.0,0.13333333333333328,0.6908700262209597,-1.0,-0.8110804221257424,1.0,0.07279553159137392,0.07279553159137392,0.4430029997290134,-1.0,-0.5587943443037665,Semiconductors,Technology,POET
2013Q4,2013,Q4,2013-12-31,2013-12-31,-1963115.0,-261984.0,-1963115.0,-0.15,-261984.0,1.0,4470958.0,4214931.0,3528376.0,256027.0,256027.0,0.0,-67081588.0,66291545.0,63030578.0,0.3179086412905296,13.781265257179907,0.0,0.0,-0.46575258290111987,0.3179086412905296,-0.46575258290111987,-253.0366167399536,-8.442137241068403,15.727788900933373,0.0,0.0,0.0,-0.058596837635245064,12.738359626133182,-0.43908151228439185,-60.38691267831442,1.0,0.11764705882352951,-18.489390353617317,-1.1322577987704916,-0.9253503016095523,-4.095713002788675,0.13967630409412082,0.13967630409412082,0.4671263726752418,-1.416814187905616,-0.8207291650353646,Semiconductors,Technology,POET
2013Q3,2013,Q3,2013-09-30,2013-09-30,-2281833.0,84628.0,-2281833.0,-0.17,84628.0,1.0,5648414.0,5298600.0,4717827.0,349814.0,349814.0,0.0,-65118473.0,55684897.800000004,51244991.800000004,0.39964372530463727,13.486672917607644,0.0,0.0,-0.43064828445249687,0.39964372530463727,-0.43064828445249687,657.9961454837643,-6.10089539856773,10.509360548069301,0.0,0.0,0.0,0.014982612818394686,13.486672917607644,-0.4039776475307936,-55.519505194027,1.0,-0.13333333333333347,0.4677374348963071,-0.9231352720632625,-0.9151902179876831,-0.019021896625670866,-0.1556276398553587,-0.1556276398553587,0.34905342661205846,-0.8944121397314762,-0.8018378865665869,Semiconductors,Technology,POET
2013Q2,2013,Q2,2013-06-30,2013-06-30,-1974540.0,86269.0,-1974540.0,-0.15,86269.0,1.0,6475327.0,6133930.0,5549690.0,341397.0,341397.0,0.0,-62836640.0,56964189.8,51635253.8,0.4630259658323096,16.25582532945515,0.0,0.0,-0.3219045538504678,0.4630259658323096,-0.3219045538504678,660.3089151375349,-7.212336772108946,9.286736203380215,0.0,0.0,0.0,0.013322724860072703,16.246815291288442,-0.30493286285001514,-39.43121731467964,1.0,-0.15384615384615377,0.5858550964007517,-0.6843797272272164,-0.9096457715092825,-0.052894485491892365,-0.17263553479886545,-0.17263553479886545,0.5507026984810657,-0.9145706163942571,-0.7574886794399711,Semiconductors,Technology,POET
2013Q1,2013,Q1,2013-03-31,2013-03-31,-1683848.0,91087.0,-1683848.0,-0.13,91087.0,1.0,8671855.0,7234426.0,7734799.0,1437429.0,1437429.0,0.0,-60862100.0,61270972.00000001,54378254.00000001,0.5785559824316154,5.380995513517537,0.0,0.0,-0.23275488615129936,0.5785559824316154,-0.23275488615129936,672.6642879884067,-9.096868007088526,8.46936190929315,0.0,0.0,0.0,0.0105037503509918,4.956910567408895,-0.19417391088757827,-50.076066684211135,1.0,0.07142857142857148,0.5120895942581181,1.193584292836555,-0.8923839521598821,-0.2812855068804444,-0.17017263689267492,-0.3709661135627168,0.603618642880346,-0.8765124645108285,-0.7403885965996223,Semiconductors,Technology,POET
2012Q4,2012,Q4,2012-12-31,2012-12-31,-1438974.0,126736.0,-1228220.0,-0.14,126736.0,1.0,2367260.0,1503045.0,2297607.0,864215.0,864215.0,0.0,-59178252.0,60591772.800000004,59156010.800000004,0.14635593398581004,2.6586057867544532,0.0,0.0,-0.9573725337564744,0.14635593398581004,-0.9573725337564744,478.09440727180913,-10.52690542011183,40.3126804586689,0.0,0.0,0.0,0.053537000582952445,1.7737912440769947,-0.6078647888275897,-40.4837413659706,1.0,-2.240740740740741,0.7944027351027098,-0.8105448573125452,-0.9842307533236021,0.1308646381725707,-2.2426633135254628,-0.48617727596684046,0.7371428658525903,0.15393696978606958,-0.9430594251512053,Semiconductors,Technology,POET
2012Q3,2012,Q3,2012-09-30,2012-09-30,-443763.0,112070.0,-826429.0,-0.0432,112070.0,1.0,3518914.0,2320721.0,3447422.0,1198193.0,1198193.0,0.0,-57600162.0,35944272.0,34120913.0,0.22597546279418318,2.8771842265811935,0.0,0.0,-0.1912177293177422,0.22597546279418318,-0.1912177293177422,320.7305434103685,-20.249700853834142,15.48840726653484,0.0,0.0,0.0,0.03184789398092707,1.5973019371670507,-0.1261079412568764,-20.203740114328113,1.0,0.9080851063829787,0.9034884178829704,-0.8499875523364832,-0.9178376788600243,0.0,0.9000233403459508,0.8138114018941727,0.8752539713216358,-0.5966275030815383,-0.9239347217601337,Semiconductors,Technology,POET
2012Q2,2012,Q2,2012-06-30,2012-06-30,-4438666.0,0.0,-4438666.0,-0.47,0.0,0.0,1996039.0,-1509362.0,1922142.0,3505401.0,3505401.0,0.0,-57156399.0,18866390.0,19158544.0,-0.1600053852379814,0.548337265836348,0.332157838599346,-0.4392584416462055,,-0.1600053852379814,2.9407564255625886,0.0,-1.0626159976893959,-12.499579292442766,0.0,0.0,0.0,0.0,0.11089430282013385,-2.2237371113490267,-12.854925495983686,0.0,-0.9583333333333333,-0.36138915563686075,-1.0,-1.0514845506543655,1.0,-0.9753760350476502,-0.9753760350476502,-0.033852844186290254,-1.0,-1.0475565837366356,Semiconductors,Technology,POET
2012Q1,2012,Q1,2012-03-31,2012-03-31,-2246998.0,43195.0,-2246998.0,-0.24,-77.0,-0.0017826137,4065070.0,1447905.0,1946832.0,2075087.0,2756281.0,1417816.0,-52717733.0,43725810.800000004,43572655.800000004,0.15563241425359686,0.9381929528737831,0.0,0.0,,0.15563241425359686,-1.5518960152772454,1012.2887093413591,-4.864914298989141,30.199364461066164,0.0,0.030520180333696332,0.0,0.01062589328105051,0.17476327498557892,-0.5527575170907266,-36.80893365086501,-0.0017826137284407918,0.7108433734939759,0.49173929748549283,-0.9697996354724111,-0.8206046467473095,0.999978864554458,0.7062149773489846,0.7062149773489846,0.4254379168311148,-0.8990576068538044,-0.9587004969130065,Semiconductors,Technology,POET
2011Q4,2011,Q4,2011-12-31,2011-12-31,-7648443.0,1054553.0,-7648443.0,-0.83,-3643169.0,-3.4547045051,5600878.0,3319579.0,3434950.0,1731775.0,2420415.0,1426003.0,-50470735.0,28608830.5,27278689.5,0.3597034454099758,1.9834851525169264,0.0,0.0,,0.3597034454099758,-2.304040060501648,27.128869293435226,-0.9351194256138144,8.618210471870077,0.0,3.2943282728016703,0.0,0.18828351554881217,1.0721860518831834,-1.3655792895328196,-35.054127819852894,-3.454704505131558,-1.2432432432432432,0.5355834871568736,-0.8687734776242402,-0.17703339755196168,-6.993946122907529,-1.2566019042516248,-1.2566019042516248,-98.89301167514736,-0.23517045043954757,-0.915536257206295,Semiconductors,Technology,POET
2011Q3,2011,Q3,2011-09-30,2011-09-30,-3389363.0,2170804.0,-3389363.0,-0.37,-455741.0,-0.2099411094,12788235.0,10531229.0,9291879.0,1609845.0,2305966.0,5069933.0,-42822292.0,37837485.5,35586489.5,1.141144511307444,5.771909096838516,0.0,0.0,,1.141144511307444,-0.32183926491390513,17.430171263734543,-2.7908994625243735,3.592884125869829,0.0,0.51806305921597,0.0,0.16975008670078395,2.410048172339573,-0.2650375911922169,-14.85513533440802,-0.2099411093769866,-0.608695652173913,-3.6254198125613004,12.335981931293524,-0.7254187659192427,-1.9127159920212127,-0.6029790745903714,-0.6029790745903714,-0.13582095249275544,1.8325876402572312,-0.7578337626225372,Semiconductors,Technology,POET
2011Q2,2011,Q2,2011-06-30,2011-06-30,-2114415.0,1166070.0,-2114415.0,-0.23,499324.0,0.4282109993,15131944.0,13332401.0,11761830.0,1124706.0,1828328.0,5633968.0,-39432929.0,77299646.0,75499897.0,1.466053395639095,10.457692943755967,0.0,0.0,,1.466053395639095,-0.15859221456060316,66.29074240826023,-9.139601970284925,5.797878866679753,0.0,0.11834394515552804,0.0,0.07706015829823319,5.031266837733594,-0.1397318811119047,-26.68350047706037,0.4282109993396623,0.0,-2.675546391025232,6.817317570370936,-0.30922413253840536,-0.10979975468522692,-0.052206886770622615,-0.052206886770622615,0.3539717548324998,5.214549320583133,-0.7139164252893311,Semiconductors,Technology,POET
2011Q1,2011,Q1,2011-03-31,2011-03-31,-2009505.0,1486502.0,-2009505.0,-0.23,560912.0,0.377336862,16430249.0,13898446.0,12991121.0,1848424.0,2559576.0,5612375.0,-37318514.0,83550077.0,78957287.0,1.613582309445388,7.028214846810039,0.0,0.0,,1.613582309445388,-0.1445848694163362,56.205828851895255,-10.394360427070348,6.011468980057194,0.0,0.164919485957371,0.0,0.09047349191116945,3.77413353213332,-0.12230520669528502,-47.488120591864565,0.37733686197529503,0.1785714285714286,-11.352138580767058,6.704098008158867,-0.2156084794562348,1.837345527571084,0.08755997024985221,0.08755997024985221,0.15470197169357847,50.96931550881629,-0.6998607632101228,Semiconductors,Technology,POET
2010Q4,2010,Q4,2010-12-31,2010-12-31,-2202342.0,375747.0,-2202342.0,-0.28,197689.0,0.5261226304,16937669.0,14055428.0,13362855.0,2119763.0,2907002.0,5608647.0,-32657898.0,22985257.9,16355299.899999999,1.7733427824623191,6.3039382232825085,0.0,0.0,,1.7733427824623191,-0.15668978561165126,61.172166111772015,-2.609183530532497,1.6353296320823527,0.0,0.03174705058100465,0.0,0.02218410337337446,3.418576982426809,-0.13002627457178434,-27.31712575006863,0.5261226303869359,-0.07692307692307698,-12.955619891282197,0.0,0.5665737300891723,-0.4410306870587304,-0.05095229551128859,-0.05095229551128859,0.5922824446314683,-0.2721997691948596,-0.8089296483108801,Semiconductors,Technology,POET
2010Q3,2010,Q3,2010-09-30,2010-09-30,-2095568.0,479141.0,-2095568.0,-0.26,353667.0,0.7381271901,18048579.0,15984673.0,15913051.0,2071237.0,2071237.0,7332830.0,-30455556.0,28533423.6,21375141.6,2.016751428314407,7.682873085021173,0.0,0.0,,2.016751428314407,-0.13109858425005003,59.551204342771754,-3.404020246539363,1.785048940319267,0.0,0.01711126536412272,0.0,0.026547297712468113,3.879270696689949,-0.11610709075767128,-13.951935213676636,0.7381271901173141,0.21212121212121213,-42.79993445551287,0.0,96.00102418014495,-0.05662637104690368,-0.07619279942276237,-0.07619279942276237,0.40947217106151723,-0.1689799065796726,-0.26673021723782286,Semiconductors,Technology,POET
2010Q2,2010,Q2,2010-06-30,2010-06-30,-1947205.0,447432.0,-1947205.0,-0.33,374896.0,0.8378837455,13529837.0,11206922.0,11328521.0,1524367.0,2326002.0,7408802.0,-28359988.0,17608983.0,15948072.0,1.909296294964905,7.431623093388928,0.0,0.0,,1.909296294964905,-0.17375020545337963,39.35566298342541,-2.260802406526277,1.5712595304937431,0.0,0.00979051673941347,0.0,0.03307002146441232,2.2445546249689214,-0.1439193243791481,-11.777244728024238,0.8378837454629977,-0.03125000000000003,-31.596747500829697,0.0,74.2079563984243,0.30735565405096266,0.020879667365437924,0.020879667365437924,0.04018553875966111,0.1913810048550763,-0.3856502912942018,Semiconductors,Technology,POET
2010Q1,2010,Q1,2010-03-31,2010-03-31,-1988729.0,345318.0,-1988729.0,-0.32,286759.0,0.8304200766,15612573.0,13045666.0,13746549.0,1759929.0,2568762.0,7479189.0,-26412783.0,15805505.700000001,12142117.700000001,2.2285461071960513,7.810854301508754,0.0,0.0,,2.2285461071960513,-0.15244365446731503,45.770871196983656,-1.9868853046342665,1.2115522273834085,0.0,0.007829592219156382,0.0,0.022117943019385723,3.0031313763225675,-0.12737996485268635,-8.02352291694587,0.8304200765671063,0.39622641509433965,-47.535903292762264,0.0,84.85671165912493,1.3821272660401798,0.3536554966106978,0.3536554966106978,0.2850842991806652,-0.6162986692683771,1.5688145882573066,Semiconductors,Technology,POET
2009Q4,2009,Q4,2009-12-31,2009-12-31,-3076887.0,61730.0,-3076887.0,-0.53,-750428.0,-12.1566175279,17508325.0,14836399.0,15589008.0,1856026.0,2671926.0,7462464.0,-24425909.0,13276018.6,8248126.6,2.57032765079133,8.39913233974093,0.0,0.0,,2.57032765079133,-0.20738772258686222,215.06590960635023,-1.0786891588803877,0.8948275521573664,0.0,0.108832417818029,0.0,0.0035257513211572208,3.950753922628239,-0.17573851296454687,-5.192853695189772,-12.156617527944274,-0.5588235294117647,-25.772398747878412,0.0,1.2706313834376084,-5.805599492818125,-0.538894396058045,-0.6161173311707275,0.7012935776759762,-0.987718599901313,4.880660418859931,Semiconductors,Technology,POET
2009Q3,2009,Q3,2009-09-30,2009-09-30,-1999414.0,156157.0,-1903876.0,-0.34,156157.0,1.0,18438917.0,17148054.0,16476791.0,1290863.0,1290863.0,6577255.0,-21349022.0,20779855.2,14492376.2,2.9708096522251033,12.764167072725765,0.0,0.0,-0.11108483476331116,2.9708096522251033,-0.11659713691127868,133.070276708697,-2.598243185253279,1.2117908655990937,0.0,0.0,0.0,0.008468881333974224,7.0627990731781765,-0.10843445957265277,-8.902402851530619,1.0,0.2272727272727272,-56.38333675996108,0.0,141.8889921009988,1.996903767827275,0.21645104264108309,0.25389136279896746,-3.3624874995779237,0.5337841195451768,-0.28516627609908124,Semiconductors,Technology,POET
2009Q2,2009,Q2,2009-06-30,2009-06-30,-2551741.0,134921.0,-2551741.0,-0.44,-156642.0,-1.1609905056,20200972.0,18863645.0,18206436.0,1337327.0,1337327.0,6166916.0,-19444083.0,20744519.900000002,15718382.900000002,3.3645264791112375,13.61404951818067,0.0,0.0,-0.13527295493527364,3.3645264791112375,-0.13527295493527364,153.75308439753636,-2.0323888572547135,1.0997089851934767,0.0,0.047278574898701395,0.0,0.006678936043275541,8.41557749151853,-0.12631773362192672,-5.701565774971898,-1.1609905055551026,-0.047619047619047665,-43.7209004398063,0.0,131.53006430151436,-1.792345746456645,-0.09178515149842612,-0.10895116990578173,-6.19490699443145,0.4671333842316468,0.585299487807818,Semiconductors,Technology,POET
2009Q1,2009,Q1,2009-03-31,2009-03-31,-2337219.0,255737.0,-2301040.0,-0.42,197694.0,0.7730363616,22869903.0,20952166.0,20913071.0,1917737.0,1917737.0,5673042.0,-16892342.0,12231969.200000001,451284.2000000011,3.7683846685944893,10.90507770356415,0.0,0.0,-0.10984181907839907,3.7683846685944893,-0.11155023304034532,47.83026781419975,-1.3083892865837563,0.5838045193036367,0.0,0.010231371458205315,0.0,0.011182251188385015,7.510358823968041,-0.10219627953822104,-4.79484059427636,0.7730363615745864,-50.41176470588235,-59.05620033461318,0.0,144.18035541982226,-0.7556035489864719,-51.98978990771647,-51.200493051464974,-21.25634755604945,1.0532947164381599,0.8318798879299976,Semiconductors,Technology,POET
2008Q4,2008,Q4,2008-12-31,2008-12-31,45837.0,808907.0,45837.0,0.0085,808907.0,1.0,24649938.0,23057251.0,22749817.0,1592687.0,1592687.0,4893410.0,-14590912.0,6497024.399999999,-7947950.600000001,4.258672816435783,14.283922076340172,0.0,0.0,0.0019879646537221633,4.258672816435783,0.0019879646537221633,8.031855825206112,35.43548007068525,0.2817779274727937,0.0,0.0,0.0,0.03281578233584198,10.779438772338821,0.001859517861667644,-5.534615623794072,1.0,1.0265625,1.4252053183486175,0.0,2.762118088647041,0.7991463637051107,1.0261826220321992,1.0257109971067626,1.4252053183486175,0.0,2.762118088647041,Semiconductors,Technology,POET
2008Q3,2008,Q3,2008-09-30,2008-09-30,-1750665.0,449606.0,-1782778.0,-0.32,449606.0,1.0,26520931.0,25512928.0,25125782.0,1008002.0,1008003.0,3581156.0,-14636750.0,17866817.099999998,4334511.099999998,4.71223620462315,24.92632157475878,0.0,0.0,-0.06792172329576261,4.71223620462315,-0.06861874105551508,39.738831554739036,-2.5514328983557673,0.7003044534911869,0.0,0.0,0.0,0.016952873939455593,20.183019478135957,-0.06601069170610942,-6.197491736650905,1.0,0.058823529411764754,-52.56645219428136,0.0,225.6475340539316,3.0786508699675235,0.08953398206699213,0.14269570419270639,-52.56645219428136,0.0,225.6475340539316,Semiconductors,Technology,POET
2008Q2,2008,Q2,2008-06-30,2008-06-30,-1922823.0,110234.0,-2079516.0,-0.34,110234.0,1.0,28173825.0,27378902.0,27418931.0,794923.0,794923.0,2260378.0,-12904379.0,37398760.0,28029609.0,5.124563327768087,34.49256217268842,0.0,0.0,-0.07044306958187951,5.124563327768087,-0.07023009907409727,339.2670138069924,-4.862480841970374,1.365970045109917,0.0,0.0,0.0,0.003912638770206033,30.375238859612818,-0.06824856049897378,-16.570310513102942,1.0,-0.4782608695652174,-34.363541994926614,0.0,200.85863049759422,5.278635302158683,-0.317735557951198,-0.2024375844576525,-34.363541994926614,0.0,200.85863049759422,Semiconductors,Technology,POET
2008Q1,2008,Q1,2008-03-31,2008-03-31,-1459187.30689,17557.0,-1729417.0,-0.23,17557.0,1.0,28892414.0,28423351.0,28316763.0,469063.0,469063.0,1386771.0,-10975269.0,52869710.0,38877131.0,5.3761125226523845,60.36878415052988,0.0,0.0,-0.05133794144139127,5.3761125226523845,-0.051337624015197925,3011.3179928233753,-9.05807461289573,1.860080115113802,0.0,0.0,0.0,0.0006076681581539016,55.26876133909518,-0.05050416718000787,-38.40664924664585,1.0,0.661764705882353,-38.43086064532759,0.0,206.11949428101752,-0.9161344561899621,0.3338035950401904,0.19046381932176382,-38.43086064532759,0.0,206.11949428101752,Semiconductors,Technology,POET
2007Q4,2007,Q4,2007-12-31,2007-12-31,-2190326.0,209347.0,-2136306.0,-0.68,209347.0,1.0,30406870.0,29828690.0,29841872.0,578180.0,578180.0,1151632.0,-9516071.0,32139180.0,5122944.0,9.281098646574057,51.613462935418035,0.0,0.0,,9.281098646574057,-0.07343017745667008,153.5210917758554,-3.66831010543636,1.077458648033152,0.0,0.0,0.0,0.0068848585862339665,47.8309298142447,-0.07203391865062073,-10.721444169340424,1.0,-0.8888888888888891,-33.228646050494085,0.0,7.198936759367352,-0.10457024316174426,-0.522172811090332,-0.2808649636480716,-33.228646050494085,0.0,7.198936759367352,Semiconductors,Technology,POET
2007Q3,2007,Q3,2007-09-30,2007-09-30,-1438947.0,233795.0,-1667862.0,-0.36,233795.0,1.0,9139562.0,8839412.0,8655387.0,300151.0,300150.0,355079.0,-7325745.0,32139180.0,24118316.0,2.75035392937841,28.8367754896702,0.0,0.0,-0.17478205319353995,2.75035392937841,-0.16278763791075695,137.46735387839774,-5.583801905143136,3.6358956907993427,0.0,0.0,0.0,0.02558054751420254,27.278229957588014,-0.15744157105121667,-20.31054310918491,1.0,-0.24137931034482762,-73.17082194796217,0.0,131.2855877338198,0.14414700988548498,-0.3035971183916335,-0.5423187926010659,-73.17082194796217,0.0,131.2855877338198,Semiconductors,Technology,POET
2007Q2,2007,Q2,2007-06-30,2007-06-30,-1103828.0,204340.0,-1081399.0,-0.29,204340.0,1.0,10313213.0,9925393.0,9832203.0,387820.0,387819.0,0.0,-5772241.0,31936700.0,22351162.0,3.107832994642527,25.35249084626889,0.0012818507675542044,0.0013319371837467796,-0.11440426026064678,3.107832994642527,-0.11121252327237824,156.29196437310364,-7.233169479302934,3.2176761162001344,0.0,0.0,0.0,0.019813417991076106,25.22685782063844,-0.10703046664506978,-89.29571006372134,1.0,0.2564102564102565,-32.96150903863848,0.0,121.41880370849192,-0.28108783225148204,-0.2564030768460279,-0.3183274999664749,-32.96150903863848,0.0,121.41880370849192,Semiconductors,Technology,POET
2007Q1,2007,Q1,2007-03-31,2007-03-31,-878562.0,284235.0,-820281.0,-0.39,284235.0,1.0,3908158.0,1603929.0,3220161.0,2304229.0,2304229.0,0.0,-4636845.0,18488270.0,17470650.0,0.8675387150879991,1.3975004220500653,0.5148504743155216,1.2544925617031677,-0.24029163945952767,0.8675387150879991,-0.5477561662642174,65.04571921121607,-5.260946296334237,11.5268630968079,0.0,0.0,0.0,0.07272863584327963,1.3810962365285742,-0.22480206787954837,-24.127744151508747,1.0,0.7808988764044944,-66.89038656884624,0.0,32.422697010363215,-0.7128765379719983,0.566943110149378,0.6193750609023289,-66.89038656884624,0.0,32.422697010363215,Semiconductors,Technology,POET
