Quarters,Year,Quarter,FillingDate,Date,NetIncome,Revenue,OperatingIncome,EPSDiluted,GrossProfit,GrossProfitRatio,TotalAssets,CommonStockEquity,CurrentAssets,CurrentLiability,TotalLiability,Inventory,RetainedEarnings,MarketCap,EnterpriseValue,bookValuePerShare,currentRatio,debtToAssets,debtToEquity,roic,shareholdersEquityPerShare,roe,priceToSalesRatio,peRatio,pbRatio,payoutRatio,inventoryTurnover,dividendYield,assetTurnover,quickRatio,returnOnAssets,priceToFreeCashFlowsRatio,grossProfitMargin,epsdilutedGrowth,fiveYNetIncomeGrowthPerShare,fiveYRevenueGrowthPerShare,fiveYShareholdersEquityGrowthPerShare,grossProfitGrowth,netIncomeGrowth,operatingIncomeGrowth,threeYNetIncomeGrowthPerShare,threeYRevenueGrowthPerShare,threeYShareholdersEquityGrowthPerShare,Industry,Sector,Symbol
2023Q1,2023,Q1,2023-05-11,2023-03-31,614786.0,0.0,-510548.0,0.34,0.0,0.0,37908400.0,34695923.0,37908400.0,3212477.0,3212477.0,0.0,-3062725.0,58051265.345,58562832.345,6.637206314542221,11.800364640742954,0.013585379493726985,0.014843242533135665,-0.17103581617301641,6.637206314542221,0.017719257677623966,0.0,23.606289564580198,1.6731437104296087,0.0,0.0,0.0,0.0,0.0010686457833005497,0.01621767207268046,-150.28053138089393,0.0,-0.999997328230778,0.0,0.0,0.0,0.0,9.27888772211233,-3.4150538750237813,0.0,0.0,0.0,Shell Companies,Financial Services,ASCAU
2022Q4,2022,Q4,2023-03-03,2022-12-31,59810.55700000003,0.0,-115638.0,127256.5,0.0,0.0,70786433.0,68321433.0,91731.0,50000.0,2465000.0,0.0,498400.0,60971818.15,60917099.15,11.457533556017141,1.83462,0.0,0.0,-0.00021340842488182552,11.457533556017141,0.0008754289009131297,0.0,254.8539137915066,0.8924259265756326,0.0,0.0,0.0,0.0,1.09438,0.0008449437902881762,-1852.1208429526123,0.0,-0.9708125619986353,0.0,0.0,0.0,0.0,-0.885682530672003,-0.08528310386575443,0.0,0.0,0.0,Shell Companies,Financial Services,ASCAU
2022Q3,2022,Q3,2022-11-09,2022-09-30,523197.0,0.0,-106551.0,4359975.0,0.0,0.0,70312072.0,67847072.0,206887.0,50000.0,2465000.0,0.0,24038.0,69690000.0,69602361.0,9.832908985507247,4.13774,0.0,0.0,-0.003944159269962825,9.832908985507247,0.007711416050496623,0.0,33.30007626190517,1.0271629702752683,0.0,0.0,0.0,0.0,1.75278,0.007441069294615582,-3080.0848581278174,0.0,1.4560472059486256,0.0,0.0,0.0,0.0,2.2747296079315005,0.1315287558685446,0.0,0.0,0.0,Shell Companies,Financial Services,ASCAU
2022Q2,2022,Q2,2022-08-12,2022-06-30,159768.0,0.0,-122688.0,1775200.0,0.0,0.0,70103748.0,67638748.0,313113.0,50000.0,2465000.0,0.0,-184285.0,69483000.0,69372735.0,9.802717101449275,6.26226,0.0,0.0,0.010155544862854778,9.802717101449275,0.002362078020722678,0.0,108.72483851584799,1.027266205459628,0.0,0.0,0.0,0.0,2.2053,0.0022790222285975353,-578.8368780146452,0.0,0.0,0.0,0.0,0.0,0.0,2.1376489101874863,0.16520603124489686,0.0,0.0,0.0,Shell Companies,Financial Services,ASCAU
2022Q1,2022,Q1,2022-05-18,2022-03-31,-140437.0,0.0,-146968.0,0.0,0.0,0.0,70671022.0,67667285.0,974491.0,588737.0,3003737.0,0.0,-155748.0,0.0,-326078.0,0.0,1.6552229603371285,0.0056600285191857,0.005911276032428373,-0.001975424105066197,0.0,-0.002075404680415359,0.0,0.0,0.0,0.0,0.0,,0.0,1.233280734861237,-0.0019871935628722054,0.0,0.0,1.0,0.0,0.0,0.0,0.0,-61.416444444444444,-64.31911111111111,0.0,0.0,0.0,Shell Companies,Financial Services,ASCAU
2021Q4,2021,Q4,2022-04-15,2021-12-31,-2250.0,0.0,-2250.0,-0.0015,0.0,0.0,276857.0,22750.0,0.0,254107.0,254107.0,0.0,-2250.0,0.0,0.0,0.0,0.0,0.0,0.0,-0.0989010989010989,0.0,-0.0989010989010989,0.0,0.0,0.0,,0.0,,0.0,0.0,-0.008126939177987192,0.0,0.0,0.0,0.0,0.0,0.0,0.0,-27.125,-27.125,0.0,0.0,0.0,Shell Companies,Financial Services,ASCAU
2021Q3,2021,Q3,2021-09-30,2021-09-30,-80.0,0.0,-80.0,0.0,0.0,0.0,245212.0,22910.0,35022.0,222302.0,222302.0,0.0,-2090.0,0.0,196744.0,0.0,0.1575424422632275,0.802342462848474,8.58769096464426,-0.0003642091653236454,0.0,-0.003491924923614142,0.0,0.0,0.0,,0.0,,0.0,0.0,-0.0003262483075869044,0.0,0.0,0.0,0.0,0.0,0.0,0.0,0.0,0.0,0.0,0.0,0.0,Shell Companies,Financial Services,ASCAU
2021Q2,2021,Q2,2021-05-31,2021-05-31,,,,,,,139750.0,22990.0,75750.0,116760.0,116760.0,0.0,-2010.0,0.0,102760.0,0.0,0.6487667009249743,0.7353130590339892,4.469769464984776,,0.0,,0.0,0.0,0.0,0.0,0.0,,,0.0,,0.0,0.0,0.0,0.0,0.0,0.0,0.0,0.0,0.0,0.0,0.0,0.0,Shell Companies,Financial Services,ASCAU
