Quarters,Year,Quarter,FillingDate,Date,NetIncome,Revenue,OperatingIncome,EPSDiluted,GrossProfit,GrossProfitRatio,TotalAssets,CommonStockEquity,CurrentAssets,CurrentLiability,TotalLiability,Inventory,RetainedEarnings,MarketCap,EnterpriseValue,bookValuePerShare,currentRatio,debtToAssets,debtToEquity,roic,shareholdersEquityPerShare,roe,priceToSalesRatio,peRatio,pbRatio,payoutRatio,inventoryTurnover,dividendYield,assetTurnover,quickRatio,returnOnAssets,priceToFreeCashFlowsRatio,grossProfitMargin,epsdilutedGrowth,fiveYNetIncomeGrowthPerShare,fiveYRevenueGrowthPerShare,fiveYShareholdersEquityGrowthPerShare,grossProfitGrowth,netIncomeGrowth,operatingIncomeGrowth,threeYNetIncomeGrowthPerShare,threeYRevenueGrowthPerShare,threeYShareholdersEquityGrowthPerShare,Industry,Sector,Symbol
2023Q2,2023,Q2,2023-05-04,2023-03-31,460000000.0,4821000000.0,628000000.0,1.53,2235000000.0,0.4635967642,54394000000.0,25689000000.0,9587000000.0,7304000000.0,28705000000.0,3656000000.0,15563000000.0,70373641680.0,86616641680.0,90.36131864421088,1.3125684556407449,0.3350369526050667,0.7094086963291681,0.012206948053429284,90.36131864421088,0.01790649694421737,14.597312109520846,38.24654439130435,2.739446521079061,0.6130434782608696,0.7073304157549234,0.004007182139049991,0.08863109901827407,0.6024096385542169,0.008456815089899622,23457.88056,0.46359676415681395,-0.09999999999999996,37.0476962653422,0.07379117888831656,0.14208043152713598,0.04781997187060478,-0.0962671905697446,0.0735042735042735,1.4051012277917285,0.08459692008232451,0.1731919111109913,Medical Instruments & Supplies,Healthcare,BDX
2023Q1,2023,Q1,2023-02-02,2022-12-31,509000000.0,4586000000.0,585000000.0,1.7,2133000000.0,0.465111208,53129000000.0,25502000000.0,8175000000.0,7625000000.0,27627000000.0,3604000000.0,15384000000.0,72192464100.0,88036464100.0,89.83151746997925,1.0721311475409836,0.3097366786500781,0.6452827229236923,0.014753819202753543,89.83151746997925,0.01995921888479335,15.741924138682949,35.45798826129666,2.830854995686613,0.5520628683693517,0.6806326304106548,0.0038923730267852153,0.08631820662914792,0.37954098360655736,0.009580455118673418,376.0024171875,0.46511120802442213,0.8478260869565216,4.032724443590749,0.20652801812171562,-0.027407981561675183,0.02745664739884393,0.7735191637630662,8.134146341463415,0.7484781220453682,0.036560256505093716,0.148696007223542,Medical Instruments & Supplies,Healthcare,BDX
2022Q4,2022,Q4,2022-11-22,2022-09-30,287000000.0,4761000000.0,-82000000.0,0.92,2076000000.0,0.4360428481,52934000000.0,25301000000.0,8141000000.0,7811000000.0,27633000000.0,3224000000.0,15157000000.0,63431233460.0,78490233460.0,88.88084816378723,1.0422481116374345,0.3034911399100767,0.634955140113039,-0.0017415925350458994,88.88084816378723,0.011343425161060827,13.323090413778617,55.25368768292683,2.5070642844156357,0.9407665505226481,0.8328163771712159,0.00425657811258334,0.08994219216382665,0.4103187812059915,0.0054218460724676015,96.69395344512195,0.4360428481411468,-0.22033898305084737,-0.29635348210701606,0.20561229883951918,0.5665901611247448,0.0043541364296081275,-0.20277777777777778,-1.1527001862197392,0.6841517741942339,-0.012657304680362899,0.140880671739041,Medical Instruments & Supplies,Healthcare,BDX
2022Q3,2022,Q3,2022-08-04,2022-06-30,360000000.0,4641000000.0,537000000.0,1.18,2067000000.0,0.4453781513,53199000000.0,25494000000.0,9547000000.0,7080000000.0,27705000000.0,3163000000.0,15088000000.0,70369769730.0,84176769730.0,89.31442925157914,1.3484463276836158,0.3076185642587267,0.6419157448811486,0.011604423633107167,89.31442925157914,0.014120969639915274,15.162630840336135,48.86789564583333,2.760248283125441,0.7527777777777778,0.8137843819159026,0.0038510855021949494,0.087238481926352,0.6765536723163842,0.006767044493317544,233.7866103986711,0.44537815126050423,-0.2531645569620254,3.109721130079102,0.18290360693759758,0.5669196869341678,-0.10325379609544469,-0.20704845814977973,-0.17638036809815952,-0.24425775338368352,0.010113215014299142,0.12276189370220542,Medical Instruments & Supplies,Healthcare,BDX
2022Q2,2022,Q2,2022-05-05,2022-03-31,454000000.0,5011000000.0,652000000.0,1.58,2305000000.0,0.4599880263,54786000000.0,24526000000.0,10152000000.0,6657000000.0,30260000000.0,3258000000.0,14416000000.0,75874638000.0,91362638000.0,85.9828286759009,1.5250112663361874,0.3401416420253349,0.7598059202479002,0.013063292368220429,85.9828286759009,0.01851096795237707,15.141616044701657,41.78118832599119,3.0936409524586153,0.5947136563876652,0.8305709023941068,0.003558501326886067,0.09146497280327091,0.8209403635271143,0.00828678859562662,349.65270967741935,0.4599880263420475,-0.33050847457627114,-0.011790334785135062,0.26376374485152815,1.3059355219845483,-0.04869995872884853,-0.3293943870014771,-0.20584652862362973,20.47755212222561,0.1301897442883288,0.0889356062275686,Medical Instruments & Supplies,Healthcare,BDX
2022Q1,2022,Q1,2022-02-03,2021-12-31,677000000.0,4995000000.0,821000000.0,2.36,2423000000.0,0.4850850851,53363000000.0,24161000000.0,8307000000.0,6735000000.0,29202000000.0,3035000000.0,14233000000.0,71592583800.0,87113583800.0,84.86924144229587,1.2334075723830735,0.3265183741543766,0.7211622035511775,0.018486590563978427,84.86924144229587,0.02802036339555482,14.33284960960961,26.43743862629246,2.96314655022557,0.40029542097488924,0.8474464579901153,0.003785308276581575,0.09360418267338792,0.6069784706755753,0.01268669302700373,147.30984320987653,0.4850850850850851,1.8095238095238095,-0.09843333741476262,0.2793835789324264,1.3846208701913925,0.059466550065588104,1.5547169811320756,0.6585858585858586,0.06808556204360611,0.13471386137309652,0.06680354956912916,Medical Instruments & Supplies,Healthcare,BDX
2021Q4,2021,Q4,2021-11-24,2021-09-30,265000000.0,5135000000.0,495000000.0,0.84,2287000000.0,0.4453748782862707,53866000000.0,23677000000.0,8838000000.0,6626000000.0,30189000000.0,2866000000.0,13826000000.0,70300832700.0,85627832700.0,82.7910554749375,1.3338364020525204,0.32692236290053095,0.7437597668623559,0.011944173656220138,82.7910554749375,0.011192296321324492,13.690522434274586,66.32154028301886,2.9691613253368248,0.9773584905660377,0.9937194696441033,0.003684166887542429,0.09532915011324397,0.7232115907032901,0.004919615341774032,144.65191913580247,0.4453748782862707,-0.5116279069767442,9.415768033472496,0.18686826110935228,1.31618660058133,0.058306339657565945,-0.49523809523809526,-0.21178343949044587,2.842948250976644,0.09519498108345613,0.058845307946113916,Medical Instruments & Supplies,Healthcare,BDX
2021Q3,2021,Q3,2021-08-05,2021-06-30,525000000.0,4890000000.0,628000000.0,1.72,2161000000.0,0.4419222903885481,54333000000.0,24136000000.0,9538000000.0,7749000000.0,30197000000.0,2947000000.0,13821000000.0,70408855180.0,84988855180.0,83.3649947154275,1.230868499161182,0.3263762354370272,0.734711634073583,0.015320157842698733,83.3649947154275,0.021751740139211138,14.398538891615543,33.528026276190474,2.9171716597613524,0.49714285714285716,0.9260264675941635,0.0037069200931154804,0.09000055215062669,0.6781520196154343,0.009662635967091823,99.44753556497176,0.4419222903885481,0.8297872340425533,-0.009254909816870603,0.12537595609651642,1.2113361345633558,-0.03784505788067676,0.7558528428093646,0.4470046082949309,-0.18236356002743356,0.05743932933979595,0.045423107247927794,Medical Instruments & Supplies,Healthcare,BDX
2021Q2,2021,Q2,2021-05-06,2021-03-31,299000000.0,4907000000.0,434000000.0,0.94,2246000000.0,0.45771347055227224,54921000000.0,24827000000.0,10000000000.0,5376000000.0,30094000000.0,2895000000.0,13557000000.0,70779749250.0,84764749250.0,85.28830794070664,1.8601190476190477,0.3226270461207917,0.7136987956660088,0.010000053943542688,85.28830794070664,0.01204333991219237,14.424240727532098,59.18039234949833,2.8509183248076693,0.882943143812709,0.9191709844559586,0.0037298804078484357,0.08934651590466307,1.0930059523809523,0.005444183463520329,75.7002665775401,0.45771347055227224,-0.7194029850746269,-0.35432300055361254,0.16778558488494633,1.3638300939021653,-0.17789165446559296,-0.7018943170488534,-0.6502820306204674,23.883411200238182,0.06740357097068,0.0779624401085691,Medical Instruments & Supplies,Healthcare,BDX
2021Q1,2021,Q1,2021-02-04,2020-12-31,1003000000.0,5315000000.0,1241000000.0,3.35,2732000000.0,0.5140169332079022,54748000000.0,24663000000.0,9537000000.0,7021000000.0,30085000000.0,2814000000.0,13522000000.0,72711429800.0,87282429800.0,84.87215664682198,1.3583535108958837,0.3254730766420691,0.7224992904350647,0.025324122226233838,84.87215664682198,0.04066820743624052,13.680419529633113,18.1234869890329,2.948198913351985,0.26321036889332006,0.917910447761194,0.003630790932404413,0.0970811719149558,0.80259222333001,0.0183203039380434,56.49683745143745,0.5140169332079022,8.305555555555557,2.1906787290606324,0.296674863185131,1.4874016292965664,0.2384406165004533,6.8359375,3.8666666666666667,6.838226539110086,0.36606533371649186,-0.08110221816154584,Medical Instruments & Supplies,Healthcare,BDX
2020Q4,2020,Q4,2020-11-25,2020-09-30,128000000.0,4784000000.0,255000000.0,0.36,2206000000.0,0.46112040133779264,54012000000.0,23765000000.0,8969000000.0,5836000000.0,30247000000.0,2743000000.0,12791000000.0,67558172640.0,82663172640.0,81.85005579511483,1.5368403015764223,0.33196326742205434,0.7544708605091521,0.00547431942083579,81.85005579511483,0.005386071954555018,14.12169160535117,131.9495559375,2.842759210603829,1.9765625,0.9398468829748451,0.003744920712230798,0.0885729097237651,0.8983893077450309,0.0023698437384284976,53.321367513812156,0.46112040133779264,-0.6288659793814433,-0.48611713571833437,0.13606318349916094,1.4102071209954363,0.3289156626506024,-0.5524475524475524,-0.2877094972067039,-0.6923242462308964,0.18771247130711316,0.44266728710607944,Medical Instruments & Supplies,Healthcare,BDX
2020Q3,2020,Q3,2020-08-06,2020-06-30,286000000.0,3855000000.0,358000000.0,0.97,1660000000.0,0.43060959792477305,53959000000.0,24022000000.0,8827000000.0,6067000000.0,29937000000.0,2945000000.0,12916000000.0,67566258950.0,83404258950.0,85.06825787488712,1.454920059337399,0.3469300765395949,0.7792856548164183,0.009659230703047996,85.06825787488712,0.01190575305969528,17.52691542153048,59.06141516608392,2.8126824972941473,0.9370629370629371,0.7453310696095077,0.003966476820898488,0.07144313274893901,0.8071534531069722,0.005300320613799366,102.21824349470499,0.43060959792477305,0.8301886792452828,2.4333159887524864,-0.08037827856404442,1.4650794290437614,-0.042123485285631854,0.5628415300546448,-0.032432432432432434,2.6941946869226996,-0.006799566378860631,0.4924254581741778,Medical Instruments & Supplies,Healthcare,BDX
2020Q2,2020,Q2,2020-05-07,2020-03-31,183000000.0,4253000000.0,370000000.0,0.53,1733000000.0,0.4074770750058782,53516000000.0,20951000000.0,8555000000.0,8755000000.0,32565000000.0,2793000000.0,12868000000.0,62500656780.0,81315656780.0,77.02177093826053,0.9771559109080525,0.39550788549218924,1.0102620399980908,0.00803832181779329,77.02177093826053,0.008734666603026109,14.695663479896544,85.38341090163934,2.9831825106200185,1.3825136612021858,0.9022556390977443,0.004047957462119969,0.07947155990731744,0.5159337521416334,0.003419538082068914,240.38714146153845,0.4074770750058782,-0.3908045977011494,-0.38926831176173116,0.4947991355322051,1.1096261984116238,-0.12386248736097068,-0.34172661870503596,-0.26147704590818366,-0.5822965400549663,0.1247619360169887,1.0656128707064916,Medical Instruments & Supplies,Healthcare,BDX
2020Q1,2020,Q1,2020-02-06,2019-12-31,278000000.0,4225000000.0,501000000.0,0.87,1978000000.0,0.46816568047337276,51952000000.0,21201000000.0,6438000000.0,6726000000.0,30751000000.0,2760000000.0,12938000000.0,73731610940.0,92576610940.0,78.2030379709482,0.9571810883140054,0.3735178626424392,0.9152870147634545,0.00867423258446715,78.2030379709482,0.013112589028819396,17.451268861538463,66.30540552158273,3.477742131974907,0.9064748201438849,0.8141304347826087,0.003417801358023603,0.0813250692947336,0.3928040440083259,0.005351093316907915,136.28763574861367,0.46816568047337276,1.1219512195121952,-0.162072965469623,0.46532669820694383,1.9751403934641023,-0.12709620476610767,0.7160493827160493,3.5135135135135136,-0.6112361853220089,0.13638071854075987,1.197316640147977,Medical Instruments & Supplies,Healthcare,BDX
2019Q4,2019,Q4,2019-11-27,2019-09-30,162000000.0,4584000000.0,111000000.0,0.41,2266000000.0,0.4943280977312391,51765000000.0,21082000000.0,6664000000.0,5655000000.0,30683000000.0,2579000000.0,12913000000.0,68453505600.0,87307505600.0,77.90547282066443,1.1784261715296198,0.3745774171737661,0.9197419599658476,-0.22215358766554655,77.90547282066443,0.007684280428801821,14.933138219895287,105.63812592592593,3.2470119343515793,1.5246913580246915,0.898797983714618,0.003608288543224001,0.0885540423065778,0.5147656940760389,0.003129527673138221,67.70870979228486,0.4943280977312391,-0.728476821192053,-0.6174781694758525,0.47956824157592487,1.9653107853837386,0.09257473481195758,-0.6407982261640798,-0.8226837060702875,5.729144486433185,0.11971137665284352,1.1795061220568668,Medical Instruments & Supplies,Healthcare,BDX
2019Q3,2019,Q3,2019-08-06,2019-06-30,451000000.0,4350000000.0,626000000.0,1.51,2074000000.0,0.4767816091954023,52233000000.0,21498000000.0,6781000000.0,6237000000.0,30735000000.0,2629000000.0,12997000000.0,68791882950.0,88452882950.0,79.54886049532098,1.087221420554754,0.3864223766584343,0.9388780351660619,0.014724633508781813,79.54886049532098,0.02097869569262257,15.814225965517242,38.132972810421286,3.199920129779515,0.5454545454545454,0.8657284138455686,0.003576003293568809,0.08328068462466257,0.4417187750521084,0.008634388222005246,98.83891228448276,0.4767816091954023,22.57142857142857,-0.01173446337956853,0.4406345323187782,1.8555644689594082,0.05065856129685917,21.55,3.6029411764705883,-0.08820618516010545,0.07249556393746724,1.1101095283112759,Medical Instruments & Supplies,Healthcare,BDX
2019Q2,2019,Q2,2019-05-09,2019-03-31,20000000.0,4195000000.0,136000000.0,-0.07,1974000000.0,0.47056019070321814,52598000000.0,21310000000.0,6844000000.0,7108000000.0,31288000000.0,2627000000.0,12792000000.0,67845635980.0,87772635980.0,78.96043456028931,0.9628587507034327,0.3918970303053348,0.967292351008916,0.021626950997463607,78.96043456028931,0.0009385265133740028,16.172976395709178,848.07044975,3.1837464091975596,12.3,0.8454510848877046,0.003625878016273848,0.07975588425415416,0.4185424873382105,0.00038024259477546676,115.97544611965812,0.47056019070321814,-1.0341463414634147,-0.950008091031241,0.45242540254758573,1.8762842473721648,0.0005068423720223011,-0.9666110183639399,-0.8468468468468469,-0.9534161960504413,0.07681189204627864,1.1884482873193465,Medical Instruments & Supplies,Healthcare,BDX
2019Q1,2019,Q1,2019-02-05,2018-12-31,599000000.0,4160000000.0,888000000.0,2.05,1973000000.0,0.47427884615384613,52932000000.0,21403000000.0,6941000000.0,7145000000.0,31529000000.0,2522000000.0,13018000000.0,60618966200.0,80746966200.0,79.55470477818871,0.9714485654303708,0.3980767777525882,0.9844881558660001,0.017539548663087216,79.55470477818871,0.027986730832126338,14.571866875,25.30006936560935,2.832264925477737,0.4090150250417362,0.8671689135606662,0.004041639364018056,0.07859140028716088,0.44282715185444366,0.011316405954809945,767.3286860759493,0.47427884615384613,4.203125,0.5955289291774475,0.4902716219319107,2.041890595006612,-0.05643232902917265,5.437037037037037,0.5551663747810858,1.05816812685611,0.09620817256725317,1.3315597258465999,Medical Instruments & Supplies,Healthcare,BDX
2018Q4,2018,Q4,2018-11-21,2018-09-30,-135000000.0,4402000000.0,571000000.0,-0.64,2091000000.0,0.4750113584734212,53904000000.0,20994000000.0,7411000000.0,7216000000.0,32910000000.0,2451000000.0,12596000000.0,70986030000.0,91341030000.0,78.18994413407822,1.0270232815964524,0.39876447016918964,1.023863961131752,-0.004382208387439407,78.18994413407822,-0.006430408688196628,16.12585870059064,-131.4556111111111,3.3812532152043437,-1.7777777777777777,0.9428804569563444,0.0033809469271629923,0.08166369842683288,0.4817073170731707,-0.002504452359750668,71.05708708708708,0.4750113584734212,-1.3152709359605912,-2.08315551931039,0.5194517529359416,2.019307329050501,0.03720238095238095,-1.2272727272727273,0.11306042884990253,-1.586087533565851,0.13040976862501688,1.302429220255198,Medical Instruments & Supplies,Healthcare,BDX
2018Q3,2018,Q3,2018-08-02,2018-06-30,594000000.0,4278000000.0,513000000.0,2.03,2016000000.0,0.47124824684431976,53977000000.0,21358000000.0,7525000000.0,6106000000.0,32619000000.0,2562000000.0,12971000000.0,64162792160.0,85028792160.0,79.74282770053316,1.232394366197183,0.41221260907423535,1.0417642101320348,0.010800238856957176,79.74282770053316,0.027811592845772077,14.998315137914913,27.004542154882156,3.004157325592284,0.4006734006734007,0.882903981264637,0.0037093148846532365,0.07925597939863276,0.5964624959056666,0.011004687181577339,185.97910771014492,0.47124824684431976,11.684210526315788,0.43325413766156873,0.5164182644427455,2.294845038174799,0.2576419213973799,50.5,1.8032786885245902,6.518078588293558,0.07596536543028058,1.310760900587282,Medical Instruments & Supplies,Healthcare,BDX
2018Q2,2018,Q2,2018-05-03,2018-03-31,-12000000.0,4222000000.0,183000000.0,-0.19,1603000000.0,0.37967787778304124,54573000000.0,21152000000.0,7512000000.0,4426000000.0,33421000000.0,2544000000.0,12616000000.0,57932794700.0,79472794700.0,79.11992548842116,1.6972435607772254,0.41762409982958604,1.0774867624810893,-0.008328971622328925,79.11992548842116,-0.0005673222390317701,13.721647252486973,-1206.9332229166666,2.738880233547655,-19.916666666666668,1.0294811320754718,0.004125469886920543,0.07736426437982152,0.8043380027112517,-0.00021988895607718103,119.94367432712215,0.37967787778304124,0.7500000000000001,-1.0316913751446666,0.5363995225773693,2.355454580186235,0.034193548387096775,0.9117647058823529,-0.20434782608695654,-1.0407480001612588,0.509841550587533,1.1670946486097307,Medical Instruments & Supplies,Healthcare,BDX
2018Q1,2018,Q1,2018-02-06,2017-12-31,-136000000.0,3080000000.0,230000000.0,-0.76,1550000000.0,0.5032467532467533,55363000000.0,21247000000.0,7542000000.0,4895000000.0,34116000000.0,2966000000.0,12765000000.0,49241934280.0,70915934280.0,92.36300089550421,1.540755873340143,0.41179126853674836,1.0729985409704899,-0.006763645405943055,92.36300089550421,-0.006400903656986869,15.987641,-90.51826154411765,2.317594685367346,-1.5441176470588236,0.5158462575859744,0.004264657817986918,0.055632823365785816,0.6553626149131767,-0.0024565142784892437,344.34919076923074,0.5032467532467533,-1.6129032258064517,-1.1856767960396108,0.38405972702989255,3.0592265382982196,-0.002574002574002574,-1.415902140672783,-0.48081264108352145,-1.4830960131715896,0.258901074275694,2.51383912895889,Medical Instruments & Supplies,Healthcare,BDX
2017Q4,2017,Q4,2017-11-22,2017-09-30,327000000.0,3166000000.0,443000000.0,1.24,1554000000.0,0.490840176879343,37734000000.0,12948000000.0,18633000000.0,3342000000.0,24786000000.0,1818000000.0,13111000000.0,44719317100.0,49410317100.0,56.73522684450832,5.5754039497307,0.5000795038956909,1.4573679332715477,0.013965645097288374,56.73522684450832,0.0252548656163114,14.124863265950726,34.18908035168195,3.4537625193080013,0.6085626911314985,0.8866886688668867,0.004449978508280933,0.08390311125245137,4.775583482944345,0.008665924630306885,51.63893429561201,0.490840176879343,2.6533333333333333,-0.013162643889430567,0.4038770734544788,1.730826450707444,0.033932135728542916,3.477272727272727,2.986547085201794,-0.08444822341429155,0.2117003923674839,1.159509133080937,Medical Instruments & Supplies,Healthcare,BDX
2017Q3,2017,Q3,2017-08-03,2017-06-30,-132000000.0,3035000000.0,-223000000.0,-0.75,1503000000.0,0.49522240527182865,37166000000.0,12586000000.0,18212000000.0,3273000000.0,24580000000.0,1829000000.0,12989000000.0,43081653770.0,48245653770.0,57.00000452884193,5.564314084937366,0.5116504331916267,1.5108851104401717,-0.002323060766300666,57.00000452884193,-0.010487843635785794,14.1949435815486,-81.5940412310606,3.422982184172891,-1.2575757575757576,0.8376161837069437,0.003853148277134951,0.08166065759027068,4.782462572563397,-0.0035516332131518055,226.74554615789475,0.49522240527182865,-1.4746835443037976,-1.3694664123035478,0.4020001198920537,1.7192927235147262,0.04958100558659218,-1.3837209302325582,-1.5,-1.3540155171460984,0.2301965862362186,1.046128463055234,Medical Instruments & Supplies,Healthcare,BDX
2017Q2,2017,Q2,2017-05-02,2017-03-31,344000000.0,2969000000.0,446000000.0,1.58,1432000000.0,0.48231727854496464,24121000000.0,7964000000.0,4891000000.0,4018000000.0,16157000000.0,1747000000.0,13321000000.0,39179665520.0,48937665520.0,37.287611841766434,1.217272274763564,0.4272625513038431,1.2940733299849323,0.023197767072790886,37.287611841766434,0.043194374686087396,13.196249754125969,28.473594127906974,4.919596373681567,0.45348837209302323,0.8797939324556382,0.00398165726862489,0.1230877658471871,0.6172224987555998,0.014261431947265868,69.59088014209591,0.48231727854496464,-0.38759689922480617,0.14238875967194703,0.4413729040725322,0.7195347042121681,-0.013774104683195593,-0.3879003558718861,-0.45006165228113443,0.08651419669390303,0.29891073469272583,0.35827229371073527,Medical Instruments & Supplies,Healthcare,BDX
2017Q1,2017,Q1,2017-02-02,2016-12-31,562000000.0,2922000000.0,811000000.0,2.58,1452000000.0,0.49691991786447637,24318000000.0,7583000000.0,5187000000.0,4570000000.0,16735000000.0,1692000000.0,13133000000.0,35272745200.0,45370745200.0,35.59024518454549,1.1350109409190372,0.4530389012254297,1.4528550705525518,0.03534798620175275,35.59024518454549,0.07411314783067388,12.071439151266256,15.690722953736655,4.651555479361731,0.2775800711743772,0.8687943262411347,0.004422678164556356,0.12015790772267457,0.612910284463895,0.023110453162266634,172.90561372549018,0.49691991786447637,27.66666666666667,1.149400929737162,0.5569403875233323,0.6133056424206044,-0.06443298969072164,28.57894736842105,7.447916666666667,0.8902223027975033,0.3217551752760316,0.3608451241532364,Medical Instruments & Supplies,Healthcare,BDX
2016Q4,2016,Q4,2016-11-23,2016-09-30,19000000.0,3231000000.0,96000000.0,0.09,1552000000.0,0.4803466419065305,25586000000.0,7634000000.0,6367000000.0,4400000000.0,17952000000.0,1719000000.0,12727000000.0,38385115830.0,48395115830.0,35.74455333355184,1.4470454545454545,0.4514578284999609,1.5130992926381976,0.010563808530970376,35.74455333355184,0.0024888656012575323,11.8802586908078,505.06731355263156,5.028178652082787,7.421052631578948,0.9767306573589296,0.003673298802183138,0.12627999687329008,0.8011363636363636,0.0007425936058782146,93.62223373170731,0.4803466419065305,-0.95,-0.9364460368534316,0.5808643215003596,0.5865327539660762,0.003232062055591467,-0.9512820512820512,-0.813953488372093,-0.8083483077355679,0.4020898429438927,0.3802771321663115,Medical Instruments & Supplies,Healthcare,BDX
2016Q3,2016,Q3,2016-08-04,2016-06-30,390000000.0,3198000000.0,516000000.0,1.8,1547000000.0,0.483739837398374,26016000000.0,8033000000.0,6534000000.0,4219000000.0,17983000000.0,1835000000.0,12850000000.0,36136745970.0,46362745970.0,37.69892483210768,1.5487082246977957,0.4578720787207872,1.4828831071828708,0.02390935261542702,37.69892483210768,0.04854973235403959,11.299795487804879,23.16458075,4.49853678202415,0.36153846153846153,0.8997275204359673,0.0039018455097494216,0.12292435424354244,0.8684522398672672,0.014990774907749077,53.06423784140969,0.483739837398374,0.15384615384615383,0.16822080918287619,0.631659031451369,0.5579765164553998,0.04315576534052596,0.15384615384615385,0.1072961373390558,0.18282777508081838,0.42487521957811425,0.5576587764615252,Medical Instruments & Supplies,Healthcare,BDX
2016Q2,2016,Q2,2016-05-06,2016-03-31,338000000.0,3067000000.0,466000000.0,1.56,1483000000.0,0.4835343984349527,26236000000.0,7666000000.0,6612000000.0,4380000000.0,18570000000.0,1846000000.0,12600000000.0,32257043580.0,43076043580.0,36.08055763429018,1.5095890410958903,0.4770163134624181,1.6325332637620662,0.020757358669994,36.08055763429018,0.04409079050352205,10.51745796543854,23.8587600443787,4.207806363162014,0.41420118343195267,0.8580715059588299,0.004340137361094144,0.11690044214057022,0.8210045662100457,0.012883061442293033,75.36692425233645,0.4835343984349527,0.4716981132075471,0.12622199639794057,0.6589891332901024,0.5630287023569427,0.053267045454545456,0.4759825327510917,0.32386363636363635,0.12317268472969582,0.4043317181366864,0.5301666631039734,Medical Instruments & Supplies,Healthcare,BDX
2016Q1,2016,Q1,2016-02-05,2015-12-31,229000000.0,2986000000.0,352000000.0,1.06,1408000000.0,0.4715338245144005,26046000000.0,7223000000.0,5641000000.0,4529000000.0,18823000000.0,1985000000.0,12402000000.0,32619158010.0,43845158010.0,34.120809300436015,1.2455288143077943,0.4917837671811411,1.7733628686141492,0.015127675418578394,34.120809300436015,0.03170427800083068,10.924031483590086,35.610434508733626,4.516012461581061,0.611353711790393,0.7949622166246851,0.004291956277874507,0.11464332335099439,0.693751379995584,0.00879213698840513,101.30173295031057,0.4715338245144005,0.26190476190476203,-0.21903851218908407,0.7466006762436275,0.5954250596864178,-0.005649717514124294,0.26519337016574585,0.19322033898305085,-0.6602531027451537,0.4581265254454943,0.49956252263003625,Medical Instruments & Supplies,Healthcare,BDX
2015Q4,2015,Q4,2015-11-25,2015-09-30,181000000.0,3060000000.0,295000000.0,0.84,1416000000.0,0.4627450980392157,26820000000.0,7165000000.0,6045000000.0,4386000000.0,19655000000.0,1959000000.0,12314000000.0,27989270100.0,39387270100.0,33.95976017252411,1.378248974008208,0.47807606263982105,1.7895324494068388,0.014060455085279115,33.95976017252411,0.02526168876482903,9.146820294117648,38.65921284530387,3.906388011165387,0.7016574585635359,0.8392036753445635,0.004537453086352545,0.11409395973154363,0.7152302781577747,0.006748695003728561,61.24566761487965,0.4627450980392157,1.8965517241379313,-0.5067544398302781,0.9093939225922201,0.4252516255956887,0.1919191919191919,1.9193548387096775,1.1532846715328466,-0.40915343068842325,0.46770208958650594,0.6345790172474939,Medical Instruments & Supplies,Healthcare,BDX
2015Q3,2015,Q3,2015-08-06,2015-06-30,62000000.0,3120000000.0,137000000.0,0.29,1188000000.0,0.38076923076923075,27079000000.0,7253000000.0,6303000000.0,4517000000.0,19826000000.0,2020000000.0,12260000000.0,29771288750.0,41383288750.0,34.50933745688117,1.3953951737879122,0.4863916688208575,1.8159382324555355,0.01066367370715197,34.50933745688117,0.00854818695712119,9.542079727564102,120.04551915322581,4.104686164345789,2.032258064516129,0.9564356435643564,0.004232265558204967,0.11521843494959194,0.7445206995793668,0.002289597104767532,75.37035126582279,0.38076923076923075,-0.7314814814814815,-0.7758136423489161,0.8434516561355606,0.5617421384169389,0.13575525812619502,-0.7129629629629629,-0.5324232081911263,-0.8176841179863249,0.5141738114225823,0.6463330312952472,Medical Instruments & Supplies,Healthcare,BDX
2015Q2,2015,Q2,2015-05-08,2015-03-31,216000000.0,2051000000.0,293000000.0,1.08,1046000000.0,0.5099951243295954,28293000000.0,7159000000.0,6996000000.0,4497000000.0,21134000000.0,2278000000.0,12324000000.0,28155845150.0,40081845150.0,36.50967692582299,1.5557038025350234,0.48909624288693315,1.9329515295432322,0.013396199457065295,36.50967692582299,0.030171811705545466,13.727862091662603,32.58778373842593,3.932929899427294,0.5370370370370371,0.4411764705882353,0.004119926053791356,0.07249142897536492,0.8229931065154548,0.007634397200721026,391.0534048611111,0.5099951243295954,-0.09999999999999991,-0.12903784904379711,0.33421971290994457,0.6683981274337738,0.0009569377990430622,-0.0847457627118644,-0.16045845272206305,-0.21867532550378746,0.08456135648609507,0.6836598916535164,Medical Instruments & Supplies,Healthcare,BDX
2015Q1,2015,Q1,2015-02-06,2014-12-31,236000000.0,2051000000.0,349000000.0,1.2,1045000000.0,0.5095075572891272,18503000000.0,5069000000.0,12111000000.0,2081000000.0,13434000000.0,1512000000.0,12224000000.0,26836171040.0,28438171040.0,26.285495011511895,5.81979817395483,0.5481273307031292,2.0007891102781614,0.018918672659559623,26.285495011511895,0.04655750641152101,13.084432491467577,28.428147288135595,5.294174598540146,0.4915254237288136,0.6653439153439153,0.004322524246365066,0.11084688969356321,4.716482460355598,0.012754688428903422,156.02425023255813,0.5095075572891272,-0.21568627450980396,-0.08185795807470446,0.3170314711862767,0.1861096016170735,-0.05172413793103448,-0.2159468438538206,-0.1318407960199005,-0.0027660282074992823,0.20742837652782847,0.19152136199121128,Medical Instruments & Supplies,Healthcare,BDX
2014Q4,2014,Q4,2014-11-26,2014-09-30,301000000.0,2202000000.0,402000000.0,1.53,1102000000.0,0.5004541326067211,12447000000.0,5053000000.0,6131000000.0,2235000000.0,7394000000.0,1495000000.0,12105000000.0,21889304920.0,23999304920.0,26.272279183911152,2.7431767337807607,0.3190326986422431,0.7858697803285177,0.03556739940177211,26.272279183911152,0.05956857312487631,9.94064710263397,18.18048581395349,4.33194239461706,0.3488372093023256,0.7357859531772575,0.004796863143153656,0.17691009881899253,1.7592841163310962,0.02418253394392223,82.9140337878788,0.5004541326067211,-0.07272727272727265,0.1710135499928229,0.4319840826059523,0.21258748051478493,-0.008100810081008101,-0.07668711656441718,-0.09662921348314607,0.11801148737761087,0.19637047889264042,0.16610301596610727,Medical Instruments & Supplies,Healthcare,BDX
2014Q3,2014,Q3,2014-08-04,2014-06-30,326000000.0,2157000000.0,445000000.0,1.65,1111000000.0,0.5150672229949004,12374000000.0,5378000000.0,6045000000.0,2093000000.0,6996000000.0,1553000000.0,11909000000.0,22838288200.0,25150288200.0,27.857490650284376,2.888198757763975,0.3210764506222725,0.738750464856824,0.036675765452071095,27.857490650284376,0.06061732986240238,10.587987111729253,17.514024693251535,4.246613648196355,0.3220858895705521,0.6735350933676755,0.0045975424725571154,0.17431711653466947,1.8361204013377928,0.026345563277840635,74.63492875816993,0.5150672229949004,0.1379310344827586,0.18893598003438566,0.47383052460322084,0.2833782989048766,0.055080721747388414,0.13588850174216027,0.1679790026246719,0.0778241967465383,0.2147057659887302,0.1512613803658027,Medical Instruments & Supplies,Healthcare,BDX
2014Q2,2014,Q2,2014-05-05,2014-03-31,287000000.0,2072000000.0,381000000.0,1.45,1053000000.0,0.5082046332046332,12250000000.0,5315000000.0,5946000000.0,2016000000.0,6935000000.0,1512000000.0,11689000000.0,22667741720.0,24902741720.0,27.452236208027518,2.949404761904762,0.3237551020408163,0.7461900282220132,0.03245678320856349,27.452236208027518,0.053998118532455314,10.940029787644788,19.74541961672474,4.264862035747884,0.36585365853658536,0.673941798941799,0.0046321332445462505,0.16914285714285715,1.8630952380952381,0.023428571428571427,79.81599197183098,0.5082046332046332,0.05839416058394149,0.3630245311593229,0.476922969330793,0.3728281014433783,0.017391304347826087,0.05904059040590406,0.007936507936507936,0.04944391534773943,0.2299559236356738,0.18924528750215583,Medical Instruments & Supplies,Healthcare,BDX
2014Q1,2014,Q1,2014-02-10,2013-12-31,271000000.0,2015000000.0,378000000.0,1.37,1035000000.0,0.5136476426799007,12035000000.0,5079000000.0,5743000000.0,1997000000.0,6956000000.0,1467000000.0,11507000000.0,21457489470.0,23747489470.0,26.15304603945356,2.8758137205808714,0.32978811798919816,0.7814530419373893,0.031536540493413034,26.15304603945356,0.05335696003150226,10.648878148883375,19.794731983394833,4.224746893089191,0.39114391143911437,0.6680299931833674,0.004940000094055737,0.1674283340257582,1.815723585378067,0.022517656834233485,90.53793025316456,0.5136476426799007,1.9782608695652175,0.08385672442259497,0.45084580341695013,0.3298633242840001,-0.0476286874482982,1.9985505161711496,3.9591330700707137,0.007408899406919833,0.28475769606866586,0.22286739071993938,Medical Instruments & Supplies,Healthcare,BDX
2013Q4,2013,Q4,2013-11-27,2013-09-30,90377000.0,2100768000.0,76223000.0,0.46,1086761000.0,0.5173160482261725,12149000000.0,5042000000.0,5873000000.0,2130000000.0,7107000000.0,1402000000.0,11342000000.0,19473593940.0,21553593940.0,25.896649665891104,2.757276995305164,0.3267758663264466,0.7873859579531932,0.012842151936024029,25.896649665891104,0.01792483141610472,9.269749891468264,53.86767081226418,3.862275672352241,1.0665877380306936,0.7232574893009985,0.004950036459474414,0.17291694789694625,1.8065727699530516,0.0074390484813564904,41.318979968130634,0.5173160482261725,-0.6973684210526316,-0.6012438738644664,0.4248222576866622,0.27184352217678004,0.025254931409794987,-0.7002918255678992,-0.8115880411810508,-0.7331084330473338,0.4205107454586487,0.08685225826934942,Medical Instruments & Supplies,Healthcare,BDX
2013Q3,2013,Q3,2013-08-05,2013-06-30,301550000.0,2052664000.0,404555000.0,1.52,1059991000.0,0.5163977153591626,11587047000.0,4716520000.0,5434511000.0,1692817000.0,6870527000.0,1409108000.0,11347943000.0,19341740750.0,21349653750.0,24.202299888648852,3.2103357893972,0.34262387992384946,0.8417220747500276,0.03586094794732875,24.202299888648852,0.06393485027096249,9.42275050860735,16.035268404907974,4.100849938089948,0.31899187531089374,0.7044690683751706,0.004973285561176804,0.1771516073077118,2.099340330348762,0.02602474987803191,82.45439944580625,0.5163977153591626,0.09352517985611519,0.27228141905426007,0.3776771241903151,0.1651235202487452,0.041126823092389006,0.09401132649100084,0.061456398308197685,0.17596078110336963,0.3080099213760452,0.09529056099480748,Medical Instruments & Supplies,Healthcare,BDX
2013Q2,2013,Q2,2013-05-09,2013-03-31,275637000.0,2000375000.0,381132000.0,1.39,1018119000.0,0.5089640692370181,11629923000.0,4588782000.0,5499998000.0,1878039000.0,7041141000.0,1391825000.0,11142597000.0,18626027390.0,20771680390.0,23.579495295695473,2.92858561510171,0.35851595922002233,0.9086317458532569,0.033333688914234064,23.579495295695473,0.06006757348682069,9.311267832281446,16.893620404735213,4.059035140479542,0.35035934943421965,0.7057324017028003,0.005184787822863822,0.17200242856294062,1.9385747580321815,0.023700672824746992,248.6952051538821,0.5089640692370181,-0.5559105431309904,0.2534186407033101,0.43812249889122484,0.1860241137143119,0.01191696094635976,-0.5592882405234109,-0.02794518591442249,0.11986197208568984,0.3111565908228538,0.07752215603274663,Medical Instruments & Supplies,Healthcare,BDX
2013Q1,2013,Q1,2013-02-07,2012-12-31,625436000.0,1900192000.0,392089000.0,3.13,1006129000.0,0.5294880727842239,11629437000.0,4469469000.0,5477472000.0,2003782000.0,7159968000.0,1359822000.0,10963549000.0,15358627130.0,17610990130.0,22.753842394375518,2.733566825133672,0.3585586301383291,0.9329598214016027,0.03353897515041061,22.753842394375518,0.13993519140640645,8.082671187964163,6.139168168285804,3.4363426908207666,0.15483758530049438,0.6574853179313175,0.0063053161705345735,0.1633950121575103,1.8364442838592223,0.05378041946484598,111.10841366987145,0.5294880727842239,1.1888111888111887,1.8685254890078848,0.3873953139646386,0.23035173131629683,0.0052976188691951755,1.163816456375003,0.008511240290138382,1.388832473631811,0.197934093125659,0.0267469159637519,Medical Instruments & Supplies,Healthcare,BDX
2012Q4,2012,Q4,2012-11-21,2012-09-30,289043000.0,1967171000.0,388780000.0,1.43,1000827000.0,0.5087646168025047,11360909000.0,4135889000.0,5322071000.0,1978055000.0,7225020000.0,1240679000.0,10435378000.0,15716734400.0,18211823400.0,20.7758449204308,2.690557643746003,0.366718367341909,1.0073418314659799,0.03549105261907555,20.7758449204308,0.06988654676177238,7.9895110287819415,13.593768401241338,3.800086124168226,0.302207630006608,0.7788831760672986,0.005557833947998765,0.1731526060106634,1.7341681601371044,0.02544189025719685,41.27662238750309,0.5087646168025047,-0.10062893081761015,0.3671516798221564,0.46413769966984486,0.16520125804941976,-0.03127180862133216,-0.11571408467078252,-0.13415497819686517,0.086423744969927,0.23595983406725687,-0.041098441772851727,Medical Instruments & Supplies,Healthcare,BDX
2012Q3,2012,Q3,2012-08-06,2012-06-30,326866000.0,1980530000.0,449018000.0,1.59,1033135000.0,0.5216457210948584,11024864000.0,4234504000.0,5284715000.0,1889669000.0,6790360000.0,1239118000.0,10233693000.0,15100621250.0,17613281250.0,20.961334554364775,2.79663528374546,0.3783610391928644,0.9850927050724241,0.03976613380459756,20.961334554364775,0.07719109487203224,7.624535477877134,11.549550312666351,3.566089735657352,0.2815771600594739,0.7645720585125871,0.006094981026028979,0.17964212529061582,1.7721611562659916,0.029648075477393645,32.64745068491966,0.5216457210948584,0.14388489208633107,0.618028364230379,0.47139369454233804,0.2137300833912589,0.012891353410733088,0.12312349458652455,0.1047638262170368,0.13921528942574066,0.2932247681956092,-0.03432357849926946,Medical Instruments & Supplies,Healthcare,BDX
2012Q2,2012,Q2,2012-05-03,2012-03-31,291033000.0,1990818000.0,406438000.0,1.39,1019986000.0,0.5123451767062585,11195392000.0,4476288000.0,5300585000.0,1621489000.0,6719104000.0,1320580000.0,9998883000.0,16028978900.000002,18359961900.0,21.684710259366554,3.2689614298956085,0.3725169248204976,0.9316811161390867,0.03478339290663575,21.684710259366554,0.06501659410654542,8.051453673816493,13.769038992141784,3.580864077557119,0.31634900509564207,0.7351557648911842,0.005743846852278281,0.1778247693336687,2.065946176631479,0.025995784694274215,97.21602923338186,0.5123451767062585,0.14876033057851235,0.42410707436728434,0.4992293888833958,0.28645043736662545,0.06086869697533862,0.10665247067323232,0.13350010737124515,0.2963586091060016,0.3309471086612614,0.08440636275054497,Medical Instruments & Supplies,Healthcare,BDX
2012Q1,2012,Q1,2012-02-07,2011-12-31,262985000.0,1887645000.0,358569000.0,1.21,961463000.0,0.5093452423522431,11413363000.0,4727554000.0,5694144000.0,1606374000.0,6685809000.0,1261730000.0,9799928000.0,16012496000.0,17992306000.0,22.060447970135325,3.544718726772221,0.3658946096781466,0.8833506714042823,0.030767932680960276,22.060447970135325,0.0556281324338125,8.48278993136951,15.221871969884212,3.387057239325029,0.36562541589824515,0.7340572071679361,0.006004935145651247,0.16538902688015794,2.385977362681418,0.023041850154069402,80.70733157931876,0.5093452423522431,-0.12318840579710141,1.1158302051703264,0.44512595728933135,0.3824571881285136,-0.08557762998089292,-0.1233219658709443,-0.18164265320421674,-0.046836667279582835,0.2316868163747392,0.12175769615902678,Medical Instruments & Supplies,Healthcare,BDX
2011Q4,2011,Q4,2011-11-23,2011-09-30,299979000.0,2050795000.0,438157000.0,1.38,1051443000.0,0.5127001967529665,10430428000.0,4828175000.0,4668331000.0,1823228000.0,5602253000.0,1244972000.0,9633584000.0,15712475999.999998,17256791000.0,22.529981334577695,2.560475705726327,0.2607368556688182,0.5632763932541799,0.04175746872742213,22.529981334577695,0.062130929388433516,7.661651213309959,13.094646625263767,3.2543302593630097,0.2948939759116471,0.8027104224030741,0.005630048376843981,0.1966165722058577,1.531322467623358,0.02875998952296109,49.6090500937719,0.5127001967529665,-0.09803921568627459,0.9820392903453465,0.5845656446121075,0.4467701698063895,-0.010034827196283593,-0.1255735181805992,-0.07112466001140538,0.20247869040737937,0.26369403644131795,0.1064987627680602,Medical Instruments & Supplies,Healthcare,BDX
2011Q3,2011,Q3,2011-08-02,2011-06-30,343058000.0,2014081000.0,471707000.0,1.53,1062101000.0,0.5273377783713763,10620819000.0,5298400000.0,5073133000.0,1657926000.0,5322419000.0,1331103000.0,9422074000.0,18868300220.0,20435000220.0,24.197363974315646,3.059927282641083,0.2565467879642803,0.5142565680205345,0.043154246541298645,24.197363974315646,0.06474747093462177,9.368193344756243,13.750080321694874,3.5611317039106147,0.2619702790781734,0.715181319552281,0.0047630681594062535,0.18963518726757325,1.9129448479606448,0.03230052221019867,60.13666697476072,0.5273377783713763,0.10869565217391315,0.865140620871986,0.5230996839990388,0.6715606265423256,0.060580128096309895,0.09947791640893663,0.0712335922241904,0.28818951721055813,0.20308100957361527,0.16488590027419686,Medical Instruments & Supplies,Healthcare,BDX
2011Q2,2011,Q2,2011-05-04,2011-03-31,312019000.0,1922023000.0,440340000.0,1.38,1001434000.0,0.5210312259530713,10344223000.0,5099061000.0,4856630000.0,1578911000.0,5245162000.0,1276931000.0,9168895000.0,17587580280.0,19564591280.0,23.0837460501417,3.075936515737746,0.26348996923210183,0.5345295928014981,0.04085623336742811,23.0837460501417,0.06119146250652816,9.150556616648188,14.091754252144902,3.449180207885334,0.2889535573154199,0.7209387194766201,0.005126287901157486,0.1858064158129615,1.94318742475035,0.03016359952796841,157.51153315003717,0.5210312259530713,0.014705882352941025,1.278271257802061,0.49187360241846917,0.6347793595655172,0.0254563402261375,-0.012401206569664204,0.06599722086385622,0.2500249367102107,0.2173684560269975,0.16108844175827175,Medical Instruments & Supplies,Healthcare,BDX
2011Q1,2011,Q1,2011-02-08,2010-12-31,315937000.0,1842005000.0,413078000.0,1.36,976574000.0,0.5301690277713687,10071270000.0,4877933000.0,4950841000.0,1612353000.0,5193337000.0,1195477000.0,8947065000.0,19277575160.0,20748534160.0,21.386657488721212,3.070568913879281,0.27010635202908867,0.5576776064779898,0.041860943286088435,21.386657488721212,0.0647686222832499,10.46553899690826,15.254287373748562,3.9519967084418743,0.29343508357678905,0.7239210792010219,0.004809059190824081,0.18289699312996274,2.071724988262496,0.031370125118282,52.29930238930442,0.5301690277713687,-0.19999999999999993,0.5740731156880956,0.4139191318698879,0.5547823790272497,0.08321427937600936,-0.20357705542041116,0.14685908790555885,0.24791382135712955,0.15824866902114837,0.15642495066332535,Medical Instruments & Supplies,Healthcare,BDX
2010Q4,2010,Q4,2010-11-24,2010-09-30,396695000.0,1732476000.0,360182000.0,1.7,901552000.0,0.5203835435526957,9650694000.0,5434580000.0,4505250000.0,1671673000.0,4216114000.0,1145337000.0,8724228000.0,16900950299.999998,17383076300.0,23.827203254955432,2.6950545950075164,0.17595781194595952,0.3124648086880679,0.03557954535430274,23.827203254955432,0.07299460123873418,9.75537340777015,10.651098640013108,3.109890791928723,0.21520059491548924,0.7254842897767207,0.0050511360890754175,0.17951828127593725,1.7644431656191133,0.041105333979090004,51.898010176351185,0.5203835435526957,0.31782945736434104,1.8880085254355434,0.36318559686519125,0.796267847999544,-0.07286557994749113,0.29255346879195065,-0.18159054760281754,0.6376769402111407,0.1254450618185744,0.3363349271620192,Medical Instruments & Supplies,Healthcare,BDX
2010Q3,2010,Q3,2010-08-04,2010-06-30,306908000.0,1878229000.0,440100000.0,1.29,972407000.0,0.5177254743697387,9031673000.0,5153877000.0,4123061000.0,1531426000.0,3877796000.0,1121643000.0,8412924000.0,15771824040.000002,16717339040.000002,22.09669356290891,2.692301815432153,0.18774162882114975,0.32899912046795066,0.045717844174795484,22.09669356290891,0.059548957027884056,8.397178427124702,12.84735494024268,3.060186349033941,0.2805791963715511,0.807584944585755,0.005459863093932919,0.2079602527682302,1.655534776084512,0.03398130113878126,41.55105298793131,0.5177254743697387,0.040322580645161324,0.7544467428938366,0.47429600489844986,0.6964120866870857,0.015082065098819469,0.031169468234155718,0.022311525104821196,0.315835055435985,0.20857294583942804,0.27947109718717417,Medical Instruments & Supplies,Healthcare,BDX
2010Q2,2010,Q2,2010-05-06,2010-03-31,297631000.0,1844854000.0,430495000.0,1.24,957959000.0,0.5192600606877292,8943392000.0,5149634000.0,3939493000.0,1467466000.0,3793758000.0,1166044000.0,8192151000.0,18527137250.0,19387284250.0,21.88307234675449,2.684554872140138,0.18905969904930925,0.32834081024010636,0.043839445360019866,21.88307234675449,0.05779653466634716,10.042603506835771,15.56217031324022,3.5977580639711486,0.28338109941504747,0.7606016582564638,0.004552403259170544,0.20628124094303368,1.6356474357838615,0.033279431338803,124.25147374421567,0.5192600606877292,-0.04615384615384619,0.7091429063585938,0.4597053251379486,0.6281475245102613,-0.039382009402024805,-0.059249121298707866,-0.034807856149948434,0.2775411596315448,0.21869452531537067,0.2982183139499402,Medical Instruments & Supplies,Healthcare,BDX
2010Q1,2010,Q1,2010-02-08,2009-12-31,316376000.0,1916774000.0,446020000.0,1.3,997232000.0,0.5202658216357275,9094276000.0,5260159000.0,4056893000.0,1538827000.0,3834117000.0,1163999000.0,7978872000.0,18718209600.0,19229188600.0,22.16110128075497,2.636354184063576,0.18619239178577823,0.3219075697141474,0.04611943312892707,22.16110128075497,0.060145710424342684,9.76547553337013,14.791110577287784,3.5584874145439334,0.2841207929805042,0.7899852147639302,0.004802222109960773,0.21076708030413857,1.6464982743349317,0.034788475740124884,72.70365223200588,0.5202658216357275,-0.007633587786259549,0.7056296276976863,0.5668502182208909,0.6575312187013183,0.011574097555136728,-0.002660614084862241,0.014585721824898546,1.2980951342953797,0.32486286521037144,0.3887648067663325,Medical Instruments & Supplies,Healthcare,BDX
2009Q4,2009,Q4,2009-11-25,2009-09-30,317220000.0,1897733000.0,439608000.0,1.31,985822000.0,0.5194734981159099,9304624000.0,5142712000.0,4646954000.0,1777093000.0,4161912000.0,1156762000.0,7752831000.0,16555860000.0,17053041000.0,21.66629592180654,2.6149188590580232,0.2032779615812525,0.3677874631128479,0.04373381066085634,21.66629592180654,0.061683407509500826,8.724019659246059,13.047616795914507,3.2192858554008077,0.24894079818422546,0.7883307024262554,0.00476985188326067,0.2039559040752211,1.7525627527653307,0.034092726369168706,42.07868852459016,0.5194734981159099,-0.057553956834532266,3.9535218184420122,0.6559518603908397,0.7654404840514035,0.02669257815103646,-0.069809721810883,0.018169690316215147,0.8923288249341321,0.323846809548002,0.3913083266411454,Medical Instruments & Supplies,Healthcare,BDX
2009Q3,2009,Q3,2009-08-10,2009-06-30,341027000.0,1820255000.0,431763000.0,1.39,960192000.0,0.5275041134346561,8848987000.0,5211896000.0,4491537000.0,1646462000.0,3637091000.0,1207007000.0,7514585000.0,17122172790.0,17679868790.0,21.706375021344474,2.7279931149337187,0.21350432541035488,0.36249706440803886,0.048004527734265987,21.706375021344474,0.0654324261266917,9.4064693078717,12.551918755699695,3.2852099869222253,0.23224554067566497,0.712558419296657,0.00462569797486549,0.2057020764071639,1.759472128722072,0.03853853554084778,46.10617289236436,0.5275041134346561,0.31132075471698095,2.287324559506716,0.5261296940427818,0.7854023857770909,0.06368539818744372,0.3052465993554659,0.1879015151306721,0.6908342629622055,0.2553125596495074,0.4994824175540151,Medical Instruments & Supplies,Healthcare,BDX
2009Q2,2009,Q2,2009-05-06,2009-03-31,261274000.0,1740804000.0,363467000.0,1.06,902703000.0,0.5185552193124556,7575830000.0,4804023000.0,3407797000.0,1510687000.0,2771807000.0,1180740000.0,7252772000.0,16153670359.999998,16764182359.999998,19.996848971232815,2.255792894226269,0.15222411273748224,0.2400538049047642,0.044966154867884585,19.996848971232815,0.054386500647478166,9.279430860682764,15.45663782083177,3.36252977140201,0.2931941180523129,0.7098099496925657,0.0047422039878743695,0.2297839312656171,1.1864105536090535,0.03448783829626589,155.40743438774723,0.5185552193124556,-0.1587301587301587,0.6677472771797685,0.4444624777630035,0.6024875425666119,-0.028523246165816658,-0.1628033657820701,-0.13831174373174526,0.7541268365716166,0.2424065524837192,0.41616685106097345,Medical Instruments & Supplies,Healthcare,BDX
2009Q1,2009,Q1,2009-02-09,2008-12-31,312082000.0,1733505000.0,421808000.0,1.26,929207000.0,0.5360278741624628,7660693000.0,4766971000.0,3465138000.0,1638196000.0,2893722000.0,1170100000.0,7068177000.0,16577530830.0,17136571830.0,19.665965337854843,2.115215761728145,0.150986340269738,0.24264045239629106,0.05228054655839245,19.665965337854843,0.0654675683993043,9.563012988136752,13.279787708038272,3.4775816404169437,0.2630782935254196,0.6873754379967524,0.004952607287655999,0.2262856637121472,1.1285542145140142,0.040738089882991005,112.49147251419924,0.5360278741624628,0.10526315789473695,1.563672331988685,0.48871608699418745,0.6126916316417836,-0.01576021675991382,0.10598741915477984,0.05911656589598859,0.4630487861817136,0.2520582697419289,0.42969028189573594,Medical Instruments & Supplies,Healthcare,BDX
2008Q4,2008,Q4,2008-11-26,2008-09-30,282175000.0,1835631000.0,398264000.0,1.14,944086000.0,0.5143114275145713,7912943000.0,4935568000.0,3614675000.0,1416579000.0,2977375000.0,1080426000.0,6838589000.0,19454783220.0,19778844220.0,20.361506124250713,2.551693198896779,0.1459050065190663,0.2339220126234711,0.04707186904621718,20.361506124250713,0.05717173788305622,10.598417230914055,17.236451864977408,3.9417516322336152,0.24633649331088864,0.8251791423012774,0.0035729002587159124,0.23197829176830922,1.4891297979145532,0.03565993082472602,76.27203100313245,0.5143114275145713,-0.0338983050847458,0.8014445857921952,0.6067589278832592,0.7550674001899582,-0.0064605751269436185,-0.0502004449844996,-0.02759506404340204,0.9329737406069805,0.35906059717612215,0.5349983964329,Medical Instruments & Supplies,Healthcare,BDX
2008Q3,2008,Q3,2008-08-06,2008-06-30,297089000.0,1867587000.0,409566000.0,1.18,950225000.0,0.5087982514335343,8129206000.0,5074113000.0,3648472000.0,1465949000.0,3055093000.0,1144412000.0,6625931000.0,19859394900.0,20282690900.0,20.772303938626045,2.488812366596655,0.14259744432605104,0.2284545101774438,0.0476367319032761,20.772303938626045,0.05854993769354368,10.633718750451786,16.71165450420581,3.913865319909115,0.23413185947645318,0.80160117160603,0.0035025236342926037,0.22973793504556286,1.4623005302367271,0.03654588160270511,51.676801717408274,0.5087982514335343,0.08256880733944941,1.3741379680360282,0.6650997044486525,0.8191659892989009,0.06394115895100087,0.07568839726994588,0.07339586592969408,0.6216228039479915,0.3997429205958469,0.5947357630452669,Medical Instruments & Supplies,Healthcare,BDX
2008Q2,2008,Q2,2008-05-07,2008-03-31,276185000.0,1746925000.0,381561000.0,1.09,893118000.0,0.5112514847517782,7801256000.0,4859176000.0,3422601000.0,1378907000.0,2942080000.0,1146901000.0,6398401000.0,20982727618.399998,21589925618.399998,19.881126381023375,2.482111556471901,0.14974473341215824,0.24041051404600286,0.04564261508285602,19.881126381023375,0.05683782600177479,12.011235524364238,18.993362798848597,4.318165799798154,0.0,0.7444469923733609,0.0,0.22392868532964436,1.399277833820555,0.035402632601724646,431.7522504249058,0.5112514847517782,0.018691588785046745,1.0094044206282937,0.5919280420792044,0.8564616115890268,0.019633049099176753,0.01707617069542033,0.05207127022466333,0.5270270311418288,0.33083395829592654,0.4791984502367929,Medical Instruments & Supplies,Healthcare,BDX
2008Q1,2008,Q1,2008-02-04,2007-12-31,271548000.0,1705767000.0,362676000.0,1.07,875921000.0,0.5135056546409914,7566534000.0,4524276000.0,3345067000.0,1496806000.0,3042258000.0,1079995000.0,6191051000.0,20446830500.04,20861901500.04,18.493770370877787,2.2348033078435012,0.15407754726272294,0.2576838813547184,0.04710223714954575,18.493770370877787,0.060020210968561596,11.98688361308432,18.824324336802334,4.519359672142018,0.0,0.7683794832383484,0.0,0.22543571468786106,1.2963523663053194,0.035888030107312015,58.781948413475085,0.5135056546409914,0.049019607843137296,1.5092742638992624,0.7032343748514451,0.8469125473886439,0.0381605833187156,0.04517112373562422,0.05499914186561325,0.4204034296526237,0.3528828275082552,0.38323458536078164,Medical Instruments & Supplies,Healthcare,BDX
2007Q4,2007,Q4,2007-11-23,2007-09-30,259812000.0,1651101000.0,343769000.0,1.02,843724000.0,0.5110068978215142,7329365000.0,4361957000.0,3130566000.0,1478809000.0,2967408000.0,1051959000.0,5995787000.0,20246227472.88,20898092472.88,17.83026303559795,2.1169508705992457,0.1587241186651231,0.26670299592591123,0.04582056106743001,17.83026303559795,0.05956317313536103,12.262258621901386,19.481613121102953,4.641546781153505,0.2298816067002294,0.7674985431941739,0.002949981673376114,0.22527203925578818,1.185192949190869,0.03544809134215583,130.63262148116604,0.5110068978215142,0.06250000000000006,1.0763576728132718,0.61030173088391,0.8410290778456114,0.004328118006685014,0.06128451159883828,0.04955775988666929,2.93637648565964,0.3978808052367924,0.45286800835429697,Medical Instruments & Supplies,Healthcare,BDX
2007Q3,2007,Q3,2007-08-08,2007-06-30,244809000.0,1631159000.0,327537000.0,0.96,840088000.0,0.5150252060038292,7122845000.0,4227895000.0,2961234000.0,1414780000.0,2894950000.0,1023348000.0,5795744000.0,18238270500.0,18952990500.0,17.270177975482927,2.0930703006827915,0.16269959545659074,0.2741042528255787,0.04435431825498397,17.270177975482927,0.057903282839332576,11.18117271216356,18.625,4.313794571530277,0.2448602788296182,0.773022471339173,0.003286715152075412,0.22900386011488388,1.138357200412785,0.034369553177136386,79.40696226505457,0.5150252060038292,0.010526315789473694,1.1624011526414701,0.7276642862027668,0.7779681207246752,0.03537914323955917,0.009384289972910903,0.029783314050002514,1.3145270393798676,0.34133286498063287,0.4205143387554143,Medical Instruments & Supplies,Healthcare,BDX
2007Q2,2007,Q2,2007-05-09,2007-03-31,242533000.0,1575922000.0,318064000.0,0.95,811382000.0,0.514861776153896,6951822000.0,4129488000.0,2850600000.0,1346874000.0,2822334000.0,975582000.0,5610948000.0,18836729644.920002,19591663644.920002,16.856234511261338,2.116456327763399,0.16752284509010731,0.2820177707260561,0.04403801209022019,16.856234511261338,0.05873197839538461,11.952831196543993,19.416666644250473,4.561516983442015,0.0,0.7836757955763841,0.0,0.22669193773948756,1.1538466107445833,0.0348876884362114,175.28082970353415,0.514861776153896,0.6964285714285712,0.9700990826843893,0.6325899207177657,0.7970689306928479,0.023705735478360267,0.6974712868931053,0.48746200252537064,0.5181432488463966,0.28232755614549654,0.3508081127049888,Medical Instruments & Supplies,Healthcare,BDX
2007Q1,2007,Q1,2007-02-06,2006-12-31,142879000.0,1501526000.0,213830000.0,0.56,792593000.0,0.5278583254635617,6810541000.0,3931000000.0,2825122000.0,1472270000.0,2879541000.0,926598000.0,5427451000.0,,,,,,,,,,,,,,,,,,,,,,,,,,,,,,,Medical Instruments & Supplies,Healthcare,BDX
