Quarters,Year,Quarter,FillingDate,Date,NetIncome,Revenue,OperatingIncome,EPSDiluted,GrossProfit,GrossProfitRatio,TotalAssets,CommonStockEquity,CurrentAssets,CurrentLiability,TotalLiability,Inventory,RetainedEarnings,MarketCap,EnterpriseValue,bookValuePerShare,currentRatio,debtToAssets,debtToEquity,roic,shareholdersEquityPerShare,roe,priceToSalesRatio,peRatio,pbRatio,payoutRatio,inventoryTurnover,dividendYield,assetTurnover,quickRatio,returnOnAssets,priceToFreeCashFlowsRatio,grossProfitMargin,epsdilutedGrowth,fiveYNetIncomeGrowthPerShare,fiveYRevenueGrowthPerShare,fiveYShareholdersEquityGrowthPerShare,grossProfitGrowth,netIncomeGrowth,operatingIncomeGrowth,threeYNetIncomeGrowthPerShare,threeYRevenueGrowthPerShare,threeYShareholdersEquityGrowthPerShare,Industry,Sector,Symbol
2023Q1,2023,Q1,2023-03-31,2023-03-31,1096000000.0,18501000000.0,1192000000.0,1.27,18501000000.0,1.0,95260000000.0,53974000000.0,35754000000.0,22826000000.0,39139000000.0,19820000000.0,0.0,25873080000.0,31060080000.0,62.83352735739231,1.5663716814159292,0.12048078941843376,0.21263941897950867,0.015622115322568434,62.83352735739231,0.020306073294549226,1.398469271931247,5.901706204379562,0.4793619149961093,0.0,0.0,0.0,0.19421583035901743,0.4941295014457198,0.011505353768633214,2352.0981818181817,1.0,3.2333333333333334,0.09072512911064065,0.14390980666320652,0.5767179958920106,1.3816685233320956,3.1992337164750957,3.515151515151515,2.152868784300682,0.4683568248315661,0.8566244178131047,Steel,Basic Materials,MT
2022Q4,2022,Q4,2022-12-31,2022-12-31,261000000.0,16891000000.0,264000000.0,0.3,-48474000000.0,-2.8698123261,94547000000.0,53152000000.0,37118000000.0,22398000000.0,38957000000.0,20087000000.0,45442000000.0,22680300000.0,24916300000.0,61.447398843930635,1.6572015358514154,0.12321913968713973,0.21918272125225768,0.004739363479000273,61.447398843930635,0.004910445514750151,1.3427446569178854,21.72442528735632,0.4267064268512944,0.06513409961685823,3.254094688106736,0.0007495491682208789,0.178651887421071,0.5917046164836146,0.0027605317989994396,10.628069353327085,-2.8698123260908175,-0.8507462686567164,-0.7037836514656711,0.12465900523201351,0.6158278589499405,-3.642066822913828,-0.8547579298831386,-0.8400969109630527,1.162250219604037,0.27378455856764844,0.6143082378457932,Steel,Basic Materials,MT
2022Q3,2022,Q3,2022-09-30,2022-09-30,1797000000.0,18975000000.0,1651000000.0,2.01,18347000000.0,0.9669038208,91216000000.0,51563000000.0,36424000000.0,22520000000.0,37299000000.0,20566000000.0,0.0,17759720000.0,21686720000.0,57.80605381165919,1.6174067495559503,0.09860112261006841,0.1744273994918837,0.03435668656245674,57.80605381165919,0.03485057114597677,0.9359536231884058,2.4707456872565388,0.34442759342939705,0.0,0.030535835845570358,0.0,0.20802271531310296,0.4326820603907638,0.01970049114190493,14.83685881370092,0.9669038208168643,-0.6710310965630115,0.7052825484249112,0.23010771331464092,0.6209978250369046,-0.14557816793182135,-0.6826209819851643,-0.6326212728081887,4.782465452548732,0.29419806318141406,0.4536982867998385,Steel,Basic Materials,MT
2022Q2,2022,Q2,2022-06-30,2022-06-30,5662000000.0,22142000000.0,4494000000.0,6.11,21473000000.0,0.9697859272,97026000000.0,53992000000.0,40988000000.0,25969000000.0,40580000000.0,23303000000.0,44240000000.0,20882400000.0,25213400000.0,58.43290043290043,1.5783434094497286,0.09057366066827448,0.16276485405245222,0.08266304705252779,58.43290043290043,0.1048673877611498,0.9431126366181917,0.9220416813846698,0.3867684101348348,0.05863652419639703,0.028708749946358837,0.01589855572156457,0.22820687238472162,0.4000154029804767,0.05835549234225878,10.99652448657188,0.9697859271971818,0.3886363636363636,3.727881800499047,0.41744766483806145,0.7515960396613995,-0.016623923795566955,0.33349034385303816,0.013760433115271826,14.900432900432902,0.2603707822858193,0.40962960147886285,Steel,Basic Materials,MT
2022Q1,2022,Q1,2022-03-31,2022-03-31,4246000000.0,21836000000.0,4433000000.0,4.4,21836000000.0,1.0,97499000000.0,53798000000.0,40581000000.0,26104000000.0,41304000000.0,22171000000.0,0.0,30857639999.999996,34009639999.999996,55.80705394190871,1.554589334967821,0.08945732776746428,0.1621249860589613,0.0627085914469461,55.80705394190871,0.07892486709543106,1.4131544238871587,1.816865284974093,0.5735834045875311,0.0,0.0,0.0,0.22396127139765537,0.45674992338338954,0.04354916460681648,20.503415282392023,1.0,0.09452736318407981,3.482218485396427,0.43583909901628337,0.792664076011727,0.04950495049504951,0.023379127500602555,-0.06199746085484553,9.787990859342115,0.19702796613028375,0.338229028451389,Steel,Basic Materials,MT
2021Q4,2021,Q4,2021-12-31,2021-12-31,4149000000.0,20806000000.0,4726000000.0,4.02,20806000000.0,1.0,90512000000.0,49106000000.0,34939000000.0,24167000000.0,39168000000.0,19858000000.0,36702000000.0,32784900000.0,36970900000.0,47.675728155339804,1.4457317830098895,0.09281642213187202,0.1710788905632713,0.0702428699113414,47.675728155339804,0.08449069360159654,1.5757425742574258,1.975469992769342,0.6676353195128905,0.0,0.0,0.0,0.2298700724765777,0.44411801216534946,0.04583922573802369,10.895613160518444,1.0,-0.03365384615384629,9.19198913344817,0.4581088821605549,0.6131840781719157,0.0,-0.10214239342133738,-0.1158091674462114,2.423763214218866,0.11762972663283679,0.14867624268199778,Steel,Basic Materials,MT
2021Q3,2021,Q3,2021-09-30,2021-09-30,4621000000.0,20229000000.0,5345000000.0,4.16,0.0,0.0,88091000000.0,47116000000.0,33180000000.0,23431000000.0,38770000000.0,18806000000.0,0.0,33447440000.0,37315440000.0,42.48512173128945,1.4160727241688362,0.09364180222724228,0.17507852958655234,0.08166010113746425,42.48512173128945,0.09807708634009678,1.6534401107321173,1.8095347327418307,0.7098955768740979,0.00605929452499459,0.0,0.0008371343217896496,0.22963753391379368,0.4247791387478127,0.052457118207308355,18.928941709111488,0.0,0.24540324594257185,5.248176622801411,0.2806908859013286,0.42802673846285005,0.0,0.15380774032459427,0.20600180505415164,3.6998358059400736,-0.001396823060023963,0.061343026250985574,Steel,Basic Materials,MT
2021Q2,2021,Q2,2021-06-30,2021-06-30,4005000000.0,19343000000.0,4432000000.0,3.3402835696413677,0.0,0.0,85424000000.0,44165000000.0,29400000000.0,22916000000.0,39099000000.0,16286000000.0,0.0,37240940000.0,42397940000.0,36.8348623853211,1.2829464129865595,0.10802584753699195,0.20894373372580097,0.0724195509335427,36.8348623853211,0.09068266727046304,1.9252928708059762,2.324652933832709,0.843222914072229,0.07091136079900125,0.0,0.007626015884668862,0.22643519385652744,0.42140862279629954,0.04688377973403259,21.36600114744693,0.0,0.7307168754618486,1.9648020532698114,0.08003029045265235,0.22180431423282457,0.0,0.7527352297592997,0.6781522150700492,0.8143202445290647,-0.18280155788723151,-0.0745606250910149,Steel,Basic Materials,MT
2021Q1,2021,Q1,2021-03-31,2021-03-31,2285000000.0,16193000000.0,2641000000.0,1.93,0.0,0.0,83649000000.0,40000000000.0,30499000000.0,24044000000.0,41667000000.0,13228000000.0,0.0,34362260000.0,40253260000.0,33.95585738539898,1.2684661454000998,0.1358653420841851,0.284125,0.04402146082645105,33.95585738539898,0.057125,2.1220440931266595,3.75954704595186,0.8590565000000001,0.0,0.0,0.0,0.1935827086994465,0.38500249542505405,0.027316525003287545,90.90544973544974,0.0,0.9299999999999999,3.7868024513210954,-0.3868478734180046,-0.2066355041807653,0.0,0.8931234465617233,0.32182182182182184,0.6582073757135859,-0.26991778456171267,-0.14792605703995376,Steel,Basic Materials,MT
2020Q4,2020,Q4,2020-12-31,2020-12-31,1207000000.0,14184000000.0,1998000000.0,1.0,0.0,0.0,82052000000.0,38280000000.0,27973000000.0,22667000000.0,41815000000.0,12328000000.0,22097000000.0,27457100000.0,34179100000.0,31.926605504587155,1.234084792870693,0.15017306098571637,0.32189132706374085,0.030412216154827913,31.926605504587155,0.031530825496342736,1.9357797518330513,5.68705468102734,0.7172701149425287,0.013256006628003313,0.0,0.0005827272363068205,0.17286598742261006,0.43190541315568887,0.014710183785891874,36.707352941176474,0.0,5.761904761904762,1.113387535955404,-0.36278659020418447,-0.048614044451414436,0.0,5.624521072796935,1.7827298050139275,-0.011736601161860016,-0.31866429251931666,-0.16045431398904597,Steel,Basic Materials,MT
2020Q3,2020,Q3,2020-09-30,2020-09-30,-261000000.0,13266000000.0,718000000.0,-0.21,0.0,0.0,82525000000.0,35838000000.0,30240000000.0,24843000000.0,44889000000.0,12327000000.0,0.0,16271000000.0,23038000000.0,29.184039087947884,1.2172442941673711,0.1621811572250833,0.373458340309169,-0.005762114010009989,29.184039087947884,-0.007282772476142642,1.2265189205487712,-15.585249042145593,0.4540152910318656,-0.210727969348659,0.0,0.0033802470653309566,0.16075128748863982,0.3924646781789639,-0.0031626779763707967,13.0168,0.0,0.5800000000000001,0.7747535150496846,-0.4778336853822216,-0.33913490123132417,0.0,0.5330948121645797,3.8379446640316206,-1.1799099841864111,-0.3753052764888582,-0.18162094161470174,Steel,Basic Materials,MT
2020Q2,2020,Q2,2020-06-30,2020-06-30,-559000000.0,10976000000.0,-253000000.0,-0.5,0.0,0.0,81301000000.0,35774000000.0,25218000000.0,19332000000.0,43703000000.0,14269000000.0,0.0,12006870000.0,19924870000.0,31.969615728328865,1.3044692737430168,0.16664001672796153,0.37871079554984066,-0.007837519555075965,31.969615728328865,-0.015625873539442052,1.0939203717201167,-5.3697987477638645,0.33563118465924974,0.0,0.0,0.0,0.13500448948967417,0.4488930271053176,-0.006875684185926372,-121.28151515151515,0.0,0.5495495495495496,-2.6688966391480817,-0.6527157305853837,-0.4806777201610721,0.0,0.5008928571428571,0.28328611898017,-1.3854343690808872,-0.41980207748368625,-0.04167255288754687,Steel,Basic Materials,MT
2020Q1,2020,Q1,2020-03-31,2020-03-31,-1120000000.0,14844000000.0,-353000000.0,-1.11,0.0,0.0,81328000000.0,34249000000.0,25931000000.0,20760000000.0,45305000000.0,15626000000.0,0.0,9441960000.0,18940960000.0,33.84288537549407,1.2490847784200385,0.16964637025378712,0.40284387865339133,-0.010562084137407786,33.84288537549407,-0.032701684720721776,0.6360792239288602,-2.107580357142857,0.2756857134514876,-0.09196428571428572,0.0,0.010908751996407525,0.18252016525673814,0.3735067437379576,-0.013771394845563643,-36.88265625,0.0,0.4032258064516129,-0.14357741714806932,-0.35541996336634757,-0.2818980897005036,-1.0,0.40488841657810837,0.7700325732899023,-2.12623125748503,-0.07022009268929505,0.08711928969379076,Steel,Basic Materials,MT
2019Q4,2019,Q4,2019-12-31,2019-12-31,-1882000000.0,15514000000.0,-1535000000.0,-1.86,14712000000.0,0.9483047569936831,87908000000.0,38521000000.0,28616000000.0,21287000000.0,47425000000.0,17296000000.0,22883000000.0,17750480000.0,27223480000.0,38.06422924901186,1.3442946399210787,0.16312508531646722,0.37226447911528776,-0.030437904769741495,38.06422924901186,-0.04885646790062563,1.14415882428774,-2.3579277364505846,0.46080008307157133,-0.011158342189160468,0.0463691026827012,0.0011830665987623999,0.17647995631796878,0.47536054869168975,-0.02140874550666606,8.384733112895606,0.9483047569936831,-2.509433962264151,-0.4648568108871551,-0.38407578741318993,-0.31963991123236923,0.0,-2.49165120593692,-6.168350168350169,-5.705349080645162,0.1065775641724479,0.28796372804878057,Steel,Basic Materials,MT
2019Q3,2019,Q3,2019-09-30,2019-09-30,-539000000.0,16634000000.0,297000000.0,-0.53,0.0,0.0,88147000000.0,40242000000.0,29870000000.0,21094000000.0,45918000000.0,18938000000.0,0.0,14410880000.0,25068880000.0,39.76482213438735,1.4160424765336115,0.16228572725106924,0.35547438000099396,0.00829031595517223,39.76482213438735,-0.013393966502658913,0.8663508476614163,-6.6840816326530605,0.35810546195517123,-0.11317254174397032,0.0,0.004232912910245592,0.1887074999716383,0.37863847539584716,-0.006114785528719071,-23.508776508972268,0.0,-0.2045454545454546,-19.201313399209486,-0.3841841116292042,-0.3505905282547393,0.0,-0.2058165548098434,2.8797468354430378,-1.798651162132353,0.15403142542863044,0.33659095099881325,Steel,Basic Materials,MT
2019Q2,2019,Q2,2019-06-30,2019-06-30,-447000000.0,19279000000.0,-158000000.0,-0.44,0.0,0.0,92366000000.0,42033000000.0,32499000000.0,23109000000.0,48255000000.0,20550000000.0,0.0,18221580000.0,28531580000.0,41.45266272189349,1.4063351940802284,0.14973042028452027,0.32902719291984867,-0.0029296186922033824,41.45266272189349,-0.010634501463136107,0.9451517194875253,-10.191040268456376,0.4335065305831133,-0.4563758389261745,0.0,0.011195516524911672,0.2087239893467293,0.3707646371543554,-0.0048394430851179,19.870861504907307,0.0,-2.073170731707317,-7.370022414997724,-0.309971505121022,-0.3633304368116448,0.0,-2.079710144927536,-1.2054616384915475,-1.3912748499425311,0.27285178363656293,0.37497573956542796,Steel,Basic Materials,MT
2019Q1,2019,Q1,2019-03-31,2019-03-31,414000000.0,19188000000.0,769000000.0,0.41,0.0,0.0,92660000000.0,42286000000.0,32910000000.0,23498000000.0,48371000000.0,20583000000.0,0.0,21750300000.0,32834300000.0,41.70216962524655,1.4005447272108265,0.1438592704511116,0.31523435652461806,0.010636120208905017,41.70216962524655,0.009790474388686563,1.1335365853658537,13.134239130434782,0.5143617272856265,0.1111111111111111,0.0,0.002114913357516908,0.20707964601769913,0.31394161205208954,0.0044679473343406,906.2625,0.0,-0.6495726495726496,2.495686957454178,-0.2818386399916033,-0.3573864754126744,0.0,-0.6529756915339481,-0.2619961612284069,1.5865805467825445,-0.15593096514665267,-0.025646138049558037,Steel,Basic Materials,MT
2018Q4,2018,Q4,2018-12-31,2018-12-31,1193000000.0,18327000000.0,1042000000.0,1.17,0.0,0.0,91249000000.0,42086000000.0,32475000000.0,23455000000.0,47141000000.0,20744000000.0,25611000000.0,20959380000.0,31270380000.0,41.50493096646943,1.384566190577702,0.13680149919451173,0.29660694767856294,0.042459092604170565,41.50493096646943,0.028346718623770376,1.1436339826485513,4.392158424140822,0.49801311600057024,0.026823134953897737,0.0,0.0015267627191262337,0.200846036668895,0.3554465998720955,0.01307411588072198,20.67,0.0,0.3295454545454545,1.720095517423552,-0.3161373968490409,-0.3740154934792169,0.0,0.3270300333704116,-0.33503509891512445,1.1325194788645472,-0.026448809765916396,0.23681198747668775,Steel,Basic Materials,MT
2018Q3,2018,Q3,2018-09-30,2018-09-30,899000000.0,18522000000.0,1567000000.0,0.88,0.0,0.0,85803000000.0,40590000000.0,30809000000.0,22045000000.0,43213000000.0,18380000000.0,0.0,31586100000.0,42046100000.0,40.02958579881657,1.3975504649580404,0.15083388692703054,0.3188470066518847,0.024632448270885524,40.02958579881657,0.02214831239221483,1.705328798185941,8.783676307007786,0.7781744271988174,0.041156840934371525,0.0,0.0011714013442621913,0.21586657809167512,0.3194828759355863,0.010477489132081628,-214.87142857142857,0.0,-0.5191256830601093,4.445966826108062,-0.3024284293457747,-0.3862172476559288,0.0,-0.5179624664879356,-0.336298178737823,1.9395883398080875,-0.11708854711541777,-0.09354027066360208,Steel,Basic Materials,MT
2018Q2,2018,Q2,2018-06-30,2018-06-30,1865000000.0,19998000000.0,2361000000.0,1.83,0.0,0.0,86964000000.0,40320000000.0,31429000000.0,22713000000.0,44629000000.0,17745000000.0,23570000000.0,29154140000.0,39730140000.0,39.8025666337611,1.383744991854885,0.15545513085874615,0.33529265873015873,0.04307817889835478,39.8025666337611,0.04625496031746032,1.457852785278528,3.9080616621983917,0.7230689484126985,0.05415549597855228,0.0,0.003464345029556694,0.22995722367876362,0.34262316734909526,0.02144565567361207,47.32814935064935,0.0,0.5641025641025642,2.770604047263776,-0.2667755850183687,-0.381352262924153,0.0,0.5645973154362416,0.5047801147227533,5.150594697590541,-0.30104660484185164,-0.3534373442790783,Steel,Basic Materials,MT
2018Q1,2018,Q1,2018-03-31,2018-03-31,1192000000.0,19186000000.0,1569000000.0,1.17,0.0,0.0,87963000000.0,40608000000.0,29101000000.0,23009000000.0,45272000000.0,18952000000.0,0.0,32414390000.0,43547390000.0,39.85083415112856,1.2647659611456388,0.1522571990496004,0.3298118597320725,0.024967582605404128,39.85083415112856,0.029353821907013397,1.6894813926821641,6.798320050335571,0.7982267040977147,0.04194630872483222,0.0,0.0015425247860595247,0.21811443447813286,0.31605024120996134,0.013551152188988553,-54.75403716216216,0.0,0.15841584158415833,3.489431468418882,-0.30013161130848826,-0.40917829806988176,0.0,0.1472569778633301,0.2714748784440843,2.2087323116285087,-0.17259779536109168,-0.15441724860506073,Steel,Basic Materials,MT
2017Q4,2017,Q4,2017-12-31,2017-12-31,1039000000.0,17710000000.0,1234000000.0,1.01,0.0,0.0,85297000000.0,38789000000.0,26745000000.0,21410000000.0,44442000000.0,17986000000.0,20635000000.0,32956200000.000004,43310200000.0,38.02843137254902,1.249182624941616,0.15156453333645967,0.33329036582536287,0.02672865110179544,38.02843137254902,0.026785944468792698,1.8608808582721628,7.929788257940328,0.849627471705896,0.13570741097208855,0.0,0.004278405884173539,0.20762746638217053,0.36987389070527793,0.012180967677643997,18.89690366972477,0.0,-0.14406779661016944,1.1738397161950074,-0.41562830084111946,-0.5221899576276795,0.0,-0.13775933609958507,0.0,1.802364016810389,-0.3024065538165809,-0.3202797625281519,Steel,Basic Materials,MT
2017Q3,2017,Q3,2017-09-30,2017-09-30,1205000000.0,17639000000.0,1234000000.0,1.18,0.0,0.0,84512000000.0,36374000000.0,28047000000.0,23107000000.0,45971000000.0,17780000000.0,0.0,26275200000.0,38246200000.0,35.66078431372549,1.2137880296014194,0.17688612268080273,0.4109803705943806,0.022708034301277095,35.66078431372549,0.03312805850332655,1.4896082544361926,5.451286307053942,0.7223621267938637,0.06639004149377593,0.0,0.003044696139325295,0.20871592199924272,0.3211580906218895,0.014258330177962892,208.53333333333333,0.0,-0.08527131782945743,2.0828572489836557,-0.4301882743419895,-0.5794910078496835,0.0,-0.08850226928895613,-0.11223021582733812,39.37210090909091,-0.35209923376688096,-0.4176146186462768,Steel,Basic Materials,MT
2017Q2,2017,Q2,2017-06-30,2017-06-30,1322000000.0,17244000000.0,1390000000.0,1.29,0.0,0.0,81460000000.0,34027000000.0,26406000000.0,21460000000.0,45208000000.0,17458000000.0,18377000000.0,23184600000.0,35292600000.0,33.35980392156863,1.230475302889096,0.1737785416155168,0.4160225703118112,0.03226570269288233,33.35980392156863,0.03885150027919006,1.3445024356297843,4.384379727685325,0.6813589208569666,0.0,0.0,0.0,0.21168671740731648,0.2940820130475303,0.01622882396268107,35.778703703703705,0.0,0.30302898683940727,-0.1216992685518002,-0.5112230199211778,-0.602644072530188,0.0,0.3193612774451098,-0.11802030456852793,17.728486220739068,-0.38643819065483226,-0.48762828739644093,Steel,Basic Materials,MT
2017Q1,2017,Q1,2017-03-31,2017-03-31,1002000000.0,16086000000.0,1576000000.0,0.990001,0.0,0.0,78491000000.0,31743000000.0,25143000000.0,20386000000.0,44562000000.0,16393000000.0,0.0,25542624457.350002,37639624457.350006,31.130792817618577,1.2333464142058275,0.1847218152399638,0.45676212078253475,0.026696360640304125,31.130792817618577,0.03156601455438995,1.5878791780026111,6.3729102937499995,0.804669516345336,0.03992015968063872,0.0,0.0015660097914679957,0.20494069383751004,0.3126165015206514,0.012765794804499879,-29.05873089573379,0.0,1.5384641025641026,57.056094450162625,-0.5484169884879638,-0.6475776338580437,0.0,1.4863523573200992,0.9480840543881335,4.599881906253349,-0.40128442475680176,-0.5202871055510603,Steel,Basic Materials,MT
2016Q4,2016,Q4,2016-12-31,2016-12-31,403000000.0,14126000000.0,809000000.0,0.39,0.0,0.0,75142000000.0,30135000000.0,22247000000.0,18115000000.0,42817000000.0,14734000000.0,16049000000.0,22330677669.3,33503677669.3,29.55380529751239,1.2280982611095776,0.18197545979611934,0.4537580886012942,0.018978300251324142,29.55380529751239,0.013373154139704663,1.5808210158077303,13.85277771048387,0.7410213263414633,0.017369727047146403,0.0,0.0003134701106551519,0.18799073753693007,0.3454595638973227,0.005363179047669745,26.240514299999997,0.0,-0.4090918044063569,1.2568489687600508,-0.5989532675824808,-0.6612045890788162,0.0,-0.4073529411764706,-0.3280730897009967,1.2418994477915566,-0.47582434784875854,-0.5542644260769795,Steel,Basic Materials,MT
2016Q3,2016,Q3,2016-09-30,2016-09-30,680000000.0,14523000000.0,1204000000.0,0.660001,0.0,0.0,75035000000.0,30336000000.0,20969000000.0,16519000000.0,42448000000.0,13598000000.0,0.0,18476341523.64,30669341523.64,29.750928737525665,1.2693867667534355,0.1925634703804891,0.47629878691983124,0.02218332565637955,29.750928737525665,0.022415611814345992,1.2722124577318736,6.792772618985294,0.609056616681171,0.010294117647058823,0.0,0.0003788628820832133,0.19354967681748517,0.3431200435861735,0.009062437529153061,54.182819717419356,0.0,-0.4159283185840708,-0.34234779835289,-0.6177367221163179,-0.6755207992091293,0.0,-0.38848920863309355,-0.3571809930592632,3.5920327246067814,-0.45607703289926593,-0.5438222364556496,Steel,Basic Materials,MT
2016Q2,2016,Q2,2016-06-30,2016-06-30,1112000000.0,14743000000.0,1873000000.0,1.13,0.0,0.0,75019000000.0,29756000000.0,20768000000.0,15754000000.0,43014000000.0,12914000000.0,14978000000.0,13798260000.0,26651260000.0,30.14792299898683,1.3182683762853877,0.20184219997600608,0.508872160236591,0.036281837083764666,30.14792299898683,0.03737061432988305,0.9359194193854711,3.102126798561151,0.4637135367656943,0.0368705035971223,0.0,0.002971389146167705,0.1965235473680001,0.36746223181414245,0.0148229115290793,39.6501724137931,0.0,2.637678785972774,-0.5230093973129512,-0.613654439929866,-0.6870971054495958,0.0,3.673076923076923,5.810909090909091,2.0835268966617306,-0.4452101436979992,-0.5314135263568635,Steel,Basic Materials,MT
2016Q1,2016,Q1,2016-03-31,2016-03-31,-416000000.0,13399000000.0,275000000.0,-0.690001,0.0,0.0,76559000000.0,25580000000.0,22148000000.0,18532000000.0,48750000000.0,12866000000.0,0.0,8211931788.06,25540931788.06,42.79981971002607,1.1951219512195121,0.26374430178032626,0.7893666927286943,-0.00922974237778428,42.79981971002607,-0.016262705238467554,0.6128764675020524,-4.93505516109375,0.32102938968178263,-0.014423076923076924,0.0,0.0007306441596024813,0.17501534764038193,0.33390891431038205,-0.005433717786282475,-6.435683219482759,0.0,0.9221809468557538,-1.4231434211926897,-0.34324332084242665,-0.5452235888057071,0.0,0.9377804367334729,1.0515850684674546,-0.48126524731195064,-0.1666644514804702,-0.365457138802107,Steel,Basic Materials,MT
2015Q4,2015,Q4,2015-12-31,2015-12-31,-6686000000.0,13981000000.0,-5331000000.0,-8.866736,0.0,0.0,76846000000.0,25272000000.0,22326000000.0,18041000000.0,49276000000.0,13424000000.0,13902000000.0,9534047440.56,25318047440.559998,33.55799538387943,1.237514550191231,0.25747599094292484,0.7829218106995884,-0.12451130987516944,33.55799538387943,-0.26456157011712567,0.6819288634976038,-0.3564929494675441,0.3772573377872745,-0.001645228836374514,0.0,0.0011537597299131853,0.1819352991697681,0.42381242724904383,-0.08700517918954792,11.377144917136038,0.0,-8.300004615003797,-5.907048346676255,-0.2926859806812219,-0.658339746995476,0.0,-8.403656821378341,-267.55,-0.5151526782229867,-0.37516489929851515,-0.5783589641334503,Steel,Basic Materials,MT
2015Q3,2015,Q3,2015-09-30,2015-09-30,-711000000.0,15589000000.0,20000000.0,-0.953412,0.0,0.0,85590000000.0,33275000000.0,23765000000.0,17701000000.0,49531000000.0,14352000000.0,0.0,11641634667.9,28392634667.9,44.16035760145845,1.3425795152816224,0.2381937142189508,0.6126821938392186,0.00044261947711775665,44.16035760145845,-0.02136739293764087,0.7467852118737571,-4.093401781962025,0.34986129730728777,-0.029535864978902954,0.0,0.0018038703841054419,0.18213576352377614,0.41370544037060053,-0.008307045215562565,-55.17362401848341,0.0,-4.17804,-1.4427988121269466,-0.3770348121800048,-0.5522017270647759,0.0,-4.972067039106145,-0.9654576856649395,0.13509491353988243,-0.31830459290753726,-0.4792647490694839,Steel,Basic Materials,MT
2015Q2,2015,Q2,2015-06-30,2015-06-30,179000000.0,16890000000.0,579000000.0,0.3,0.0,0.0,91932000000.0,36813000000.0,26887000000.0,19553000000.0,52099000000.0,15466000000.0,21295000000.0,17437662562.32,34096662562.32,61.56026222915855,1.375083107451542,0.23136666231562458,0.5777850215956319,0.005863257210808184,61.56026222915855,0.004862412734631788,1.0324252553179396,24.354277321675976,0.47368219276668566,1.8491620111731844,0.0,0.018981901892931342,0.18372275159900797,0.4548662609318263,0.0019470913283731453,36.55694457509434,0.0,1.3069845116081076,-0.8887144469700565,-0.1735681667943983,-0.3167251738115611,0.0,1.245879120879121,0.014010507880910683,-0.7971550302469145,-0.18341424190175293,-0.2667422401263945,Steel,Basic Materials,MT
2015Q1,2015,Q1,2015-03-31,2015-03-31,-728000000.0,17118000000.0,571000000.0,-0.977248,0.0,0.0,88517000000.0,35452000000.0,25061000000.0,18928000000.0,50218000000.0,15537000000.0,0.0,21258450058.5,37906450058.5,47.12824863727118,1.3240173288250212,0.21947196583707085,0.5479803678212795,0.014689000292622378,47.12824863727118,-0.020534807627214262,1.2418769750262881,-7.300291915693681,0.5996403604451089,-0.07280219780219781,0.0,0.0024931262558724704,0.19338658110871357,0.37151310228233303,-0.008224408870612425,-12.806295215963855,0.0,0.22641521382568439,-1.9029386907679449,-0.22709828120573222,-0.4956604485400607,0.0,0.23769633507853402,0.0035149384885764497,-58.17548045005719,-0.3486102784387269,-0.46647523581623695,Steel,Basic Materials,MT
2014Q4,2014,Q4,2014-12-31,2014-12-31,-955000000.0,18723000000.0,569000000.0,-1.263272,0.0,0.0,99179000000.0,42086000000.0,28057000000.0,21123000000.0,54019000000.0,17304000000.0,22182000000.0,24891794495.250004,40795794495.25,55.94718131976178,1.3282677649955026,0.1996087881507174,0.47039395523451977,0.012530392398119285,55.94718131976178,-0.02269163142137528,1.3294768197003688,-6.516176569437174,0.5914507079610798,-0.015706806282722512,0.0,0.0006026082210690911,0.18877988283810082,0.4164654641859584,-0.009629054537754969,20.31983224102041,0.0,-54.00071323683659,-1.7506554569455415,-0.15529709871933783,-0.42015942148452395,0.0,-44.40909090909091,-0.40667361835245047,0.17496095861558966,-0.2794741508634084,-0.35863933275942206,Steel,Basic Materials,MT
2014Q3,2014,Q3,2014-09-30,2014-09-30,22000000.0,20067000000.0,959000000.0,0.023835,0.0,0.0,104073000000.0,46036000000.0,30103000000.0,22764000000.0,54883000000.0,17548000000.0,0.0,30877480677.6,48572480677.6,61.23227926984351,1.3223950096643824,0.2101409587501081,0.47506299417846903,0.03059867071147371,61.23227926984351,0.00047788687114432184,1.538719324144117,350.88046224545457,0.6707246649926145,17.318181818181817,0.0,0.012339089577226927,0.19281658066933788,0.40041293270075556,0.00021139008196169995,-68.92294794107143,0.0,-0.6666713282801444,-0.9794979038184746,0.04432522167714649,-0.3574477772719936,0.0,-0.5769230769230769,0.15264423076923078,-0.9711430332743363,-0.28364330346815564,-0.3321687126015194,Steel,Basic Materials,MT
2014Q2,2014,Q2,2014-06-30,2014-06-30,52000000.0,20704000000.0,832000000.0,0.071506,0.0,0.0,109603000000.0,48923000000.0,31538000000.0,23589000000.0,57379000000.0,18627000000.0,0.0,33655480741.86,51085480741.86,65.10859811533027,1.3369791004281657,0.19920987564209008,0.44629315454898516,0.004115493873397685,65.10859811533027,0.0010628947529791714,1.6255545180573803,161.80519587432693,0.6879275747983565,0.09615384615384616,0.0,0.00014856421271621005,0.1888999388702864,0.4096824791216245,0.0004744395682599929,43.48253325821705,0.0,1.25,1.0511395360404485,0.06261407144847243,-0.33746232715484437,0.0,1.2536585365853659,0.2344213649851632,-0.9707011350460939,-0.28733285815742227,-0.32424303952579125,Steel,Basic Materials,MT
2014Q1,2014,Q1,2014-03-31,2014-03-31,-205000000.0,19788000000.0,674000000.0,-0.286024,0.0,0.0,111348000000.0,48735000000.0,33523000000.0,25390000000.0,59284000000.0,18888000000.0,0.0,36385300237.05,54886300237.05,64.89463422362127,1.3203229617959826,0.21160685418687358,0.483471837488458,0.015246425623930913,64.89463422362127,-0.004206422488970966,1.8387558235824744,-44.3723173622561,0.7465948545614036,-0.2780487804878049,0.0,0.001566566707671652,0.17771311563746092,0.4178022843639228,-0.001841074828465711,-27.032169566901935,0.0,0.8260868507761895,0.8528303475644039,-0.001402819156552549,-0.2814986480175169,0.0,0.8329258353708231,19.72222222222222,-1.1659489628719641,-0.22810108259856662,-0.31045156129311074,Steel,Basic Materials,MT
2013Q4,2013,Q4,2013-12-31,2013-12-31,-1227000000.0,19848000000.0,-36000000.0,-1.644637,0.0,0.0,112308000000.0,49793000000.0,34025000000.0,25235000000.0,59135000000.0,19240000000.0,24037000000.0,40192802243.28,56431802243.28,66.30344766383038,1.3483257380622151,0.19865904476974036,0.44807503062679493,-0.0005032834742468988,66.30344766383038,-0.02464201795433093,2.025030342769045,-8.189242510855747,0.8071978439395097,-0.011409942950285249,0.0,0.000348321072894108,0.17672828293621112,0.5024767188428769,-0.01092531253339032,23.967085416386404,0.0,-4.749996503789891,0.6429384376047347,-0.31178343874749165,-0.3090774389858732,0.0,-5.357512953367876,-1.0754716981132075,-0.2711069924011069,0.006936776779770441,-0.3249521479230354,Steel,Basic Materials,MT
2013Q3,2013,Q3,2013-09-30,2013-09-30,-193000000.0,19643000000.0,477000000.0,-0.286024,0.0,0.0,111166000000.0,48923000000.0,32503000000.0,23224000000.0,58769000000.0,18495000000.0,0.0,30763548851.969997,48396548851.97,65.2178407521901,1.3995435756114365,0.19845096522317976,0.4509330989514134,0.006492803098376185,65.2178407521901,-0.003944974756249617,1.5661329151336352,-39.84915654400258,0.6288156664957177,-1.8860103626943006,0.0,0.011832184958618342,0.1766997103430905,0.43920082673096794,-0.0017361423456812334,-24.532335607631577,0.0,0.7272725539068265,-1.0387302420819517,-0.5720827736518411,-0.39340406689694574,0.0,0.7525641025641026,0.35511363636363635,-1.1207349408018659,-0.21151732350728786,-0.338673008109185,Steel,Basic Materials,MT
2013Q2,2013,Q2,2013-06-30,2013-06-30,-780000000.0,20197000000.0,352000000.0,-1.048754,0.0,0.0,112633000000.0,48263000000.0,34713000000.0,24882000000.0,60970000000.0,18067000000.0,0.0,25475008998.12,41640008998.119995,64.3380137813084,1.3951048951048952,0.20493993767368357,0.4782752833433479,0.00565946358805043,64.3380137813084,-0.016161448728839897,1.2613263850136158,-8.165066986576923,0.5278372458844249,-0.0038461538461538464,0.0,0.00011776247067160579,0.17931689646906324,0.5137850655092034,-0.006925146271519004,15.439399392799999,0.0,-1.09523676334853,-1.1038492616459237,-0.5850621776154374,-0.4050788252945127,0.0,-1.2608695652173914,-0.12871287128712872,-1.3865756059024938,-0.2121957154136789,-0.2858941207870523,Steel,Basic Materials,MT
2013Q1,2013,Q1,2013-03-31,2013-03-31,-345000000.0,19752000000.0,404000000.0,-0.500542,0.0,0.0,115767000000.0,49522000000.0,35815000000.0,23208000000.0,62812000000.0,18389000000.0,0.0,28149410690.100002,46151410690.100006,67.44984827223234,1.5432178559117546,0.2244076463931863,0.5245951294374217,0.007452296929118079,67.44984827223234,-0.0069666007027179835,1.4251422990127582,-20.398123688478265,0.568422331289124,-0.09855072463768116,0.0,0.0012078405610088888,0.17061857005882505,0.6078507411237505,-0.0029801238694964886,-22.904321147355574,0.0,0.9186045849824481,-1.1169886123879402,-0.4672545875948255,-0.3122063259694759,0.0,0.9094012605042017,1.085756739545744,-1.4384178415017577,-0.08625593549781252,-0.2781903166935016,Steel,Basic Materials,MT
2012Q4,2012,Q4,2012-12-31,2012-12-31,-3808000000.0,19309000000.0,-4711000000.0,-6.149511,0.0,0.0,114573000000.0,51723000000.0,31794000000.0,23818000000.0,59376000000.0,19025000000.0,25633000000.0,34060006610.64,55966006610.64,79.58901655506939,1.3348727852884372,0.22958288602026655,0.5085551882141407,-0.04286706730871202,79.58901655506939,-0.07362295303830017,1.763944617051116,-2.236082366769958,0.6585079483139029,-0.08035714285714286,0.0,0.008984143881651765,0.16853010744241662,0.4732135359811907,-0.03323645186911402,19.31934578028361,0.0,-4.60869791248641,-2.420498087704101,-0.37345391929943295,-0.17118379301178605,0.0,-4.3709449929478135,-95.14285714285714,-4.464679653525345,0.008363698573466031,-0.17513375447802212,Steel,Basic Materials,MT
2012Q3,2012,Q3,2012-09-30,2012-09-30,-709000000.0,19723000000.0,-49000000.0,-1.096424,0.0,0.0,118631000000.0,55112000000.0,33894000000.0,24731000000.0,59788000000.0,19980000000.0,0.0,28308603090.24,51935603090.240005,84.80385670558522,1.370506651570903,0.22436799824666404,0.4829619683553491,-0.000637123035537307,84.80385670558522,-0.012864711859486138,1.4353091867484664,-9.981876971170664,0.5136558842038033,-0.41889985895627646,0.0,0.010491510268212321,0.16625502608930212,0.3798067203105414,-0.005976515413340527,-18.287211298604653,0.0,-1.8214285981853149,-1.2175690940555157,-0.2981134536344713,-0.03877243947578617,-1.0,-1.7393117831074036,-1.044504995458674,-1.7643784041389616,0.18744329197480972,-0.11009507939519832,Steel,Basic Materials,MT
2012Q2,2012,Q2,2012-06-30,2012-06-30,959000000.0,22478000000.0,1101000000.0,1.334777,21320000000.0,0.9484829611175372,118921000000.0,54560000000.0,35220000000.0,25578000000.0,60638000000.0,19462000000.0,0.0,29770824324.24,51783824324.240005,83.95446403427076,1.3769645789350222,0.22269405739945006,0.48539222873900295,0.01763878434904927,83.95446403427076,0.017576979472140764,1.3244427584411425,7.760903108508864,0.5456529384941349,0.30656934306569344,0.059500565203987256,0.009875440357243293,0.18901623767038622,0.4482758620689655,0.008064177058719655,25.865181862936577,0.9484829611175372,55.00071323683659,-0.6862392354845493,-0.2643870731895723,0.0012020761256030781,-0.008418213106367145,86.18181818181819,0.6606334841628959,2.0904762591843697,0.33389958792334934,-0.1456889437597759,Steel,Basic Materials,MT
2012Q1,2012,Q1,2012-03-31,2012-03-31,11000000.0,22703000000.0,663000000.0,0.023835,21501000000.0,0.9470554552261815,124970000000.0,57406000000.0,38044000000.0,24146000000.0,63684000000.0,21204000000.0,0.0,37296389608.56,60876389608.56,88.33376030702615,1.575581876915431,0.22816676002240538,0.49670766122008153,-0.0007095614204071157,88.33376030702615,0.00019161760094763613,1.6427956485292692,847.6452183763637,0.6496949728000557,26.727272727272727,0.05668741746840219,0.007882800536074494,0.18166760022405376,0.5331317816615588,8.80211250700168e-05,-50.12955592548387,0.9470554552261815,1.0153844167831174,-0.9956255648835695,-0.17004486395309013,0.15060287735780056,0.0,1.011,1.0105114627263214,1.009125542700901,0.32395522046556263,-0.021984992047417357,Steel,Basic Materials,MT
2011Q4,2011,Q4,2011-12-31,2011-12-31,-1000000000.0,22449000000.0,-63074000000.0,-1.549295,0.0,0.0,121880000000.0,56690000000.0,35605000000.0,23824000000.0,61403000000.0,21689000000.0,30531000000.0,35463738995.28,58060738995.28,87.23201184206029,1.4945013431833445,0.21675418444371514,0.4660081143058741,-4.0516337426400995,87.23201184206029,-0.01763979537837361,1.5797469372925297,-8.86593474882,0.6255730992287881,-0.289,0.0,0.008149168931072499,0.1841893665900886,0.4312038280725319,-0.008204791598293404,25.27707697454027,0.0,-4.421051469402986,-1.3849219696564663,-0.28608308451492787,-0.00701946201997118,0.0,-2.5174506828528074,-3.745451379820667,0.6637206869547719,-0.10048795899362963,-0.09098897345560643,Steel,Basic Materials,MT
2011Q3,2011,Q3,2011-09-30,2011-09-30,659000000.0,24214000000.0,22974000000.0,0.452871,0.0,0.0,127328000000.0,59586000000.0,38637000000.0,25925000000.0,63952000000.0,23397000000.0,0.0,31018586443.92,55905586443.92,91.68824585678257,1.490337512054002,0.21744628047248052,0.4646561272782197,0.21140224857513437,91.68824585678257,0.011059644883026215,1.2810186852201204,11.767293795113806,0.5205683624327861,0.46889226100151743,0.0,0.009961769230156766,0.19017026891178687,0.42406943105110895,0.005175609449610455,-62.41164274430583,0.0,-0.7956988907755909,-0.7301481248429951,-0.007752562950928255,0.1226410378586119,-1.0,-0.5706840390879478,9.201598579040853,-0.8473508418934332,-0.3911159640617346,-0.14720088232590625,Steel,Basic Materials,MT
2011Q2,2011,Q2,2011-06-30,2011-06-30,1535000000.0,25126000000.0,2252000000.0,2.216684,23965000000.0,0.9537928838653188,133519000000.0,62615000000.0,40126000000.0,27097000000.0,67018000000.0,23920000000.0,0.0,67769080125.12,92782080125.12,96.34913426513678,1.4808281359560098,0.21134070806402086,0.4506587878303921,0.02386889212954199,96.34913426513678,0.02451489259762038,2.697169470871607,11.037309466631921,1.082313824564721,0.196742671009772,0.04853678929765886,0.004456309565401014,0.1881829552348355,0.4365796951692069,0.01149649113609299,-41.37306478945055,0.9537928838653188,0.3478256904107107,-0.31169640708923607,0.238965899796231,1.4688652576591024,0.13939999049113297,0.43592142188961647,0.5737246680642907,-0.7640970963412334,-0.40415183025991724,-0.10907818302086535,Steel,Basic Materials,MT
2011Q1,2011,Q1,2011-03-31,2011-03-31,1069000000.0,22184000000.0,1431000000.0,1.644637,21033000000.0,0.9481157591056617,130084000000.0,61161000000.0,38066000000.0,26957000000.0,65084000000.0,21595000000.0,0.0,70479063478.8,93083063478.8,94.11178472873962,1.4121007530511556,0.2035300267519449,0.43289024051274505,0.02231231221927114,94.11178472873962,0.01747845849479243,3.177022334962135,16.482475088587464,1.152353026909305,0.27502338634237605,0.05329937485529058,0.0041714515699890755,0.1705359613788014,0.4401825128909003,0.008217766981335138,-30.261512871962218,0.9481157591056617,2.352941466813535,-0.34610181490512765,0.19600645188311097,1.555798549036189,0.0,2.3084455324357407,9.29496402877698,-0.5904670681797239,-0.3240180046019564,-0.04033156713864189,Steel,Basic Materials,MT
2010Q4,2010,Q4,2010-12-31,2010-12-31,-817000000.0,16683000000.0,139000000.0,-1.215601,0.0,0.0,130904000000.0,62430000000.0,42675000000.0,30723000000.0,64804000000.0,19583000000.0,31647000000.0,72707605662.06,92508605662.06,98.22036683744739,1.3890245093252611,0.1986799486646703,0.4165945859362486,0.0008196948394508051,98.22036683744739,-0.01308665705590261,4.35818531811185,-22.248349345795596,1.1646260717933685,-0.40636474908200737,0.0,0.004566234811019818,0.12744453950986984,0.3883735312306741,-0.0062412149361364055,32.343240952873664,0.0,-1.5730336866786747,-1.5840751450676598,0.0990026005638702,1.8581651421182996,0.0,-1.6051851851851853,-0.8684957426679281,-1.311605098729502,-0.4465145992642619,0.022837514707535776,Steel,Basic Materials,MT
2010Q3,2010,Q3,2010-09-30,2010-09-30,1350000000.0,21039000000.0,1057000000.0,2.121343,0.0,0.0,130626000000.0,62475000000.0,37436000000.0,27463000000.0,64409000000.0,21625000000.0,0.0,62679857944.439995,84738857944.44,98.61663224379258,1.3631431380402723,0.19548941252124385,0.4087394957983193,0.02050684005408415,98.61663224379258,0.021608643457382955,2.9792222987993724,11.607381100822224,1.0032790387265305,0.2474074074074074,0.0,0.005328665554667668,0.16106288181525882,0.402541601427375,0.010334849111202976,-2507.1943177775997,0.0,0.1866670619719319,0.31674471261364073,0.39133492830557076,1.9601033717266476,0.0,-0.20774647887323944,-0.3865351131746953,-0.575029085554126,-0.2319429009641133,0.11779143686717682,Steel,Basic Materials,MT
2010Q2,2010,Q2,2010-06-30,2010-06-30,1704000000.0,21651000000.0,1723000000.0,1.787648,0.0,0.0,120743000000.0,57077000000.0,33595000000.0,26531000000.0,59869000000.0,19458000000.0,0.0,50858489951.28,71113489951.28,90.09590265832651,1.2662545701255135,0.1891041302601393,0.40003854442244685,0.02250855543868585,90.09590265832651,0.02985440720430296,2.3490134382374945,7.461632915387324,0.8910505098600138,0.1813380281690141,0.0,0.006075681765148891,0.17931474288364543,0.3748068297463345,0.01411261936509777,-197.12593004372093,0.0,1.142856457884819,-0.280466614484495,0.31052016802667004,1.8586006221758598,-1.0,1.5095729013254786,1.5116618075801749,-0.4280947431629633,-0.27315113555539666,0.07444203032616348,Steel,Basic Materials,MT
2010Q1,2010,Q1,2010-03-31,2010-03-31,679000000.0,18652000000.0,686000000.0,0.834236,17450000000.0,0.9355565086853956,123935000000.0,59199000000.0,32450000000.0,24031000000.0,60848000000.0,17873000000.0,0.0,83452776298.98,104106776298.98,93.44547438495842,1.350339145270692,0.19695808286601849,0.41233804625078124,0.015944035508914888,93.44547438495842,0.011469788341019273,4.474199887356852,30.726353571053014,1.4096990878051991,0.41531664212076586,0.06725227997538186,0.00337915660216863,0.15049824504780732,0.43647788273480087,0.005478678339452132,-66.33766001508744,0.9355565086853956,-0.5067289343668598,-0.7479188438833978,0.2363854913776565,2.8281823526727985,1.4566150303537786,-0.36542056074766355,0.0029239766081871343,-0.7230039735402186,-0.30052653289305287,0.21718617355006528,Steel,Basic Materials,MT
2009Q4,2009,Q4,2009-12-31,2009-12-31,1070000000.0,18642000000.0,684000000.0,1.6912323834142042,-38216000000.0,-2.0499946357686945,127697000000.0,61045000000.0,32807000000.0,23530000000.0,62299000000.0,16835000000.0,29738000000.0,86834607378.75,105727607378.75,96.48717836029915,1.3942626434339143,0.1943037032976499,0.4064542550577443,-0.0641827132472321,96.48717836029915,0.017528053075599966,4.658009193152559,20.28845966793224,1.4224687915267424,0.3130841121495327,3.3773685773685775,0.0038579088466285916,0.1459862017118648,0.49592010199745007,0.008379210161554304,43.0727219140625,-2.0499946357686945,0.1825815777667483,-0.9780475118880062,-0.908123441195677,-0.18290613683571838,-3.567244390702674,0.1849390919158361,1.2426229508196722,-0.576935530255914,-0.3910337102394489,0.0983340662812571,Steel,Basic Materials,MT
2009Q3,2009,Q3,2009-09-30,2009-09-30,903000000.0,16170000000.0,305000000.0,1.430119,14886000000.0,0.9205936920222635,129337000000.0,60291000000.0,34330000000.0,24796000000.0,65429000000.0,16900000000.0,0.0,70492618973.7,92071618973.7,95.29541273684653,1.3844974995967092,0.21233676364845327,0.4555074555074555,0.16792756785415688,95.29541273684653,0.014977359804946012,4.359469324285714,19.516228951744186,1.169206332183908,0.3388704318936877,0.07597633136094674,0.004340880002120011,0.12502222875124674,0.5043958703016616,0.0069817608263683245,38.881753432818535,0.9205936920222635,2.052631617686567,-0.8463931510316792,-0.4848160565053857,3.6802884172781134,0.16560958421423538,2.140151515151515,1.2576013513513513,-0.620179979972943,-0.31936615012980385,0.16680758867571044,Steel,Basic Materials,MT
2009Q2,2009,Q2,2009-06-30,2009-06-30,-792000000.0,15176000000.0,-1184000000.0,-1.358613,12771000000.0,0.8415260938323669,127118000000.0,57515000000.0,34910000000.0,25613000000.0,65807000000.0,16796000000.0,0.0,58081806176.159996,80944806176.16,98.27154105174493,1.3629797368523797,0.2369924007614972,0.5237937929235852,-0.005512302220761582,98.27154105174493,-0.013770320785881944,3.8272144291091195,-18.33390346469697,1.0098549278650786,-0.4444444444444444,0.14318885448916407,0.00606041759328897,0.11938513821803363,0.5267247101081483,-0.006230431567519942,49.305438180101866,0.8415260938323669,0.2692305209788968,-1.2061339932403754,-0.3913206978149327,8.392023277896143,-0.08804627249357326,0.25493885230479774,0.20161834120026972,-1.3943429209062475,-0.1690583530061846,1.518125309269782,Steel,Basic Materials,MT
2009Q1,2009,Q1,2009-03-31,2009-03-31,-1063000000.0,15122000000.0,-1483000000.0,-1.859154,14004000000.0,0.9260679804258696,120498000000.0,51762000000.0,34245000000.0,25893000000.0,65038000000.0,19917000000.0,0.0,34454727631.439995,61165727631.439995,90.31943230804579,1.3225582203684394,0.254693023950605,0.5929059928132607,-0.00917532186000219,90.31943230804579,-0.020536300761176154,2.2784504451421768,-8.103181474938852,0.665637487566941,-0.32455315145813735,0.05613295174976151,0.010013139668101365,0.1254958588524291,0.3983315954118874,-0.008821723182127504,-66.13191483961612,0.9260679804258696,0.5937006896859953,-1.9231404100047131,-0.23675005343190436,19.65345646806049,13.23056768558952,0.5961246200607903,0.572129255626082,-1.7373376497429807,-0.07550701812121918,1.4528094404757677,Steel,Basic Materials,MT
2008Q4,2008,Q4,2008-12-31,2008-12-31,-2632000000.0,22089000000.0,-3466000000.0,-4.5758236669493,-1145000000.0,-0.051835755353343296,133088000000.0,55198000000.0,44414000000.0,30760000000.0,73858000000.0,24741000000.0,30403000000.0,42432281952.299995,68932281952.29999,95.96364542867305,1.443888166449935,0.25604111565280113,0.6173412080147831,-0.027085261857032333,95.96364542867305,-0.047682887061125404,1.920968896387342,-4.030421917961626,0.7687286124913947,-0.2256838905775076,0.9390889616426176,0.01399877575916708,0.1659728901178168,0.5496749024707412,-0.019776388554941092,9.574070837612815,-0.051835755353343296,-1.6905635096087708,-22.29195645730786,0.3950424776998624,31.965483001762692,-1.1664002325243423,-1.688824914943732,-1.633985732577282,-3.079254893757889,0.6079620843043693,1.792495641242726,Steel,Basic Materials,MT
2008Q3,2008,Q3,2008-09-30,2008-09-30,3821000000.0,35198000000.0,5467000000.0,6.626217,6881000000.0,0.19549406216262288,153589000000.0,61842000000.0,56693000000.0,39477000000.0,87344000000.0,30173000000.0,0.0,85209682098.59999,117724682098.59999,107.51447082502987,1.4361020340958026,0.25107266796450267,0.623556806054138,0.04677400462375412,107.51447082502987,0.06178648814721387,2.4208671543439966,5.575090427806857,1.3778610345493352,0.18110442292593562,0.9384880522321281,0.008121142843829124,0.22917005775153168,0.49243863515464703,0.024878083716932852,106.11417446899127,0.19549406216262288,-0.336515504762393,35.00160417390223,1.420505535610799,25.20514706100948,-0.14479244345016157,-0.34560712450762116,-0.1742939133061471,3.1047276335683294,1.5636815267530353,2.2271832890400667,Steel,Basic Materials,MT
2008Q2,2008,Q2,2008-06-30,2008-06-30,5839000000.0,37840000000.0,6621000000.0,9.986996,8046000000.0,0.21263213530655392,156264000000.0,63067000000.0,56679000000.0,42203000000.0,89115000000.0,27591000000.0,0.0,173323467086.75998,204041467086.75998,108.14544265155567,1.3430087908442527,0.24477166845850612,0.6064819953382911,0.056791383118541795,108.14544265155567,0.09258407725117732,4.580429891299154,7.4209396766038696,2.7482434091800783,0.10772392532967974,1.0798448769526294,0.0036290527218979726,0.24215430297445348,0.5290145250337653,0.03736625198382225,60.202663107592905,0.21263213530655392,1.4940479460744014,35.60626873931411,1.3554670815024723,23.822317928812154,0.5951625693893735,1.4626739772247996,0.8320420586607638,1.678440366972477,1.4881641241451864,2.4312840043525576,Steel,Basic Materials,MT
2008Q1,2008,Q1,2008-03-31,2008-03-31,2371000000.0,29809000000.0,3614000000.0,4.004332,5044000000.0,0.16921064108155254,141401000000.0,57889000000.0,48403000000.0,35768000000.0,78958000000.0,23213000000.0,0.0,144859774847.4,172271774847.4,98.06697970478707,1.3532487139342428,0.24509020445399962,0.5986629584204253,0.031793848492755766,98.06697970478707,0.04095769489885816,4.859598606038444,15.27412218973007,2.502371345979374,0.27878532264867145,1.0668590875802353,0.004563033462507579,0.2108118047255677,0.529467680608365,0.016767915361277502,143.85280521092352,0.16921064108155254,-0.029256794113555726,3.097216924211424,0.9782305849244937,26.282365383881956,-0.11663747810858144,-0.026283367556468172,0.09848024316109423,-0.05531936748314631,1.1205999674075864,3.017511640416233,Steel,Basic Materials,MT
2007Q4,2007,Q4,2007-12-31,2007-12-31,2435000000.0,27993000000.0,3290000000.0,4.125016766244995,5710000000.0,0.20397956632015146,133625000000.0,56685000000.0,45328000000.0,32209000000.0,72090000000.0,21750000000.0,23552000000.0,136979261423.55,160890261423.55,96.02734102447538,1.407308516253221,0.2377623947614593,0.5604833730263739,0.032940466475447724,96.02734102447538,0.042956690482490956,4.893339814366092,14.063579201596509,2.4164992753559145,0.4172484599589322,1.0245057471264367,0.007417181180868343,0.209489242282507,0.5400043466111957,0.018222637979420017,33.78033573946979,0.20397956632015146,-0.17588932343585534,3.1399444739779003,0.8318895815468539,37.39935311177907,0.1698422454415079,-0.17736486486486486,-0.14611990656631196,-0.9464565707168163,-0.8521338022822846,-0.18680023210869218,Steel,Basic Materials,MT
2007Q3,2007,Q3,2007-09-30,2007-09-30,2960000000.0,25524000000.0,3853000000.0,5.005416,4881000000.0,0.19123178185237424,127625000000.0,52079000000.0,44119000000.0,32545000000.0,68865000000.0,20792000000.0,0.0,141813823591.44,163982823591.44,88.22453723584111,1.3556306652327546,0.23011949069539667,0.5639317191190307,0.03924596148455351,88.22453723584111,0.05683672881583748,5.556097147447109,11.977518884412163,2.723051970879625,0.03209459459459459,0.9928337822239323,0.0006698923813921782,0.19999216454456414,0.5408511292057152,0.02319294809010774,47.82928283016526,0.19123178185237424,0.06598982825679686,8.952435559516166,0.7680738145554984,0.0,-0.083552384528727,0.08703635695923613,-0.08955576559546313,-0.4603380659880863,-0.12841794588662633,3.333013183802207,Steel,Basic Materials,MT
2007Q2,2007,Q2,2007-06-30,2007-06-30,2723000000.0,27223000000.0,4232000000.0,4.695557,5326000000.0,0.19564338978070014,124849000000.0,48549000000.0,43567000000.0,30211000000.0,69902000000.0,19448000000.0,0.0,108383727067.2,131607727067.2,83.85366554487496,1.442090629241005,0.24033832870107089,0.6180559846752766,0.04027660223419364,83.85366554487496,0.05608766400955736,3.981329282856408,9.950764512229158,2.2324605464005436,0.2365038560411311,1.1259255450431922,0.005941851396203672,0.21804740126072295,0.5967362881069809,0.021810346899054058,45.122284374354706,0.19564338978070014,0.21604937792014708,21.06383382385943,0.9615180336182835,0.0,0.22549470777726646,0.21022222222222223,0.22489146164978294,-0.2835808320819173,0.10372866050975403,7.014075797587172,Steel,Basic Materials,MT
2007Q1,2007,Q1,2007-03-31,2007-03-31,2250000000.0,24476000000.0,3455000000.0,3.861321,4346000000.0,0.17756169308710573,116784000000.0,44642000000.0,43752000000.0,26799000000.0,63600000000.0,19319000000.0,0.0,92265045908.57999,111017045908.57999,76.77171858797394,1.6325982312772864,0.23144437594190986,0.6054612248555172,0.03576860687313446,76.77171858797394,0.05040096769857981,3.76961292321376,10.25167176762,2.066776710465033,0.22844444444444445,1.0419793985195922,0.005570907107219048,0.20958350458966982,0.6938691742229187,0.019266337854500618,55.514468055703965,0.17756169308710573,-0.034084412410037596,6.078255001804011,1.022960629125527,0.0,0.044962731425823514,0.17370892018779344,0.31368821292775667,0.9257703008975371,0.21754623520008803,16.555483989613855,Steel,Basic Materials,MT
