Quarters,Year,Quarter,FillingDate,Date,NetIncome,Revenue,OperatingIncome,EPSDiluted,GrossProfit,GrossProfitRatio,TotalAssets,CommonStockEquity,CurrentAssets,CurrentLiability,TotalLiability,Inventory,RetainedEarnings,MarketCap,EnterpriseValue,bookValuePerShare,currentRatio,debtToAssets,debtToEquity,roic,shareholdersEquityPerShare,roe,priceToSalesRatio,peRatio,pbRatio,payoutRatio,inventoryTurnover,dividendYield,assetTurnover,quickRatio,returnOnAssets,priceToFreeCashFlowsRatio,grossProfitMargin,epsdilutedGrowth,fiveYNetIncomeGrowthPerShare,fiveYRevenueGrowthPerShare,fiveYShareholdersEquityGrowthPerShare,grossProfitGrowth,netIncomeGrowth,operatingIncomeGrowth,threeYNetIncomeGrowthPerShare,threeYRevenueGrowthPerShare,threeYShareholdersEquityGrowthPerShare,Industry,Sector,Symbol
2023Q1,2023,Q1,2023-05-12,2023-03-31,-1927000.0,1848000.0,-1863000.0,-1.11,688000.0,0.3722943723,12001000.0,1415000.0,6558000.0,6372000.0,10586000.0,1274000.0,-35297000.0,5556248.640000001,10186248.64,0.8159570051206347,1.0291902071563088,0.4531289059245063,3.8431095406360423,-0.25694556226866405,0.8159570051206347,-1.3618374558303887,3.006628051948052,-0.7208418059159316,3.9266774840989402,0.0,0.9105180533751962,0.0,0.153987167736022,0.6420276208411801,-0.160569952503958,-3.253072974238876,0.3722943722943723,-52.62318840579711,-18.991113030459314,7.420105084523029,0.0,-0.357609710550887,-7.029166666666667,0.07035928143712575,-18.991113030459314,7.420105084523029,0.0,Communication Equipment,Technology,ASNS
2022Q4,2022,Q4,2023-03-29,2022-12-31,-240000.0,2534000.0,-2004000.0,-0.0207,1071000.0,0.4226519337,14819000.0,3265000.0,10907000.0,6202000.0,11554000.0,1179000.0,-33402000.0,55456547.736,57373547.736,0.2809511344660526,1.7586262495969043,0.39543828868344694,1.7947932618683002,-0.019759275039692343,0.2809511344660526,-0.07350689127105667,21.884983321231257,-57.767237225,16.98516010290965,0.0,1.2408821034775233,0.0,0.17099669343410487,1.398581102870042,-0.01619542479249612,-28.32305808784474,0.42265193370165743,0.8521428571428572,0.0,0.0,0.0,1.0018691588785047,0.9003322259136213,0.0009970089730807576,0.0,0.0,0.0,Communication Equipment,Technology,ASNS
2022Q3,2022,Q3,2022-11-14,2022-09-30,-2408000.0,1348000.0,-2006000.0,-0.14,535000.0,0.396884273,16325000.0,5563000.0,14745000.0,5591000.0,10762000.0,1062000.0,-30920000.0,151545722.532,147246722.532,0.32123515059767177,2.6372741906635664,0.36183767228177643,1.0618371382347653,-0.17901964297083967,0.32123515059767177,-0.4328599676433579,112.42264282789318,-15.73356753862126,27.24172614272874,0.0,0.7655367231638418,0.0,0.08257274119448699,2.2149883741727776,-0.14750382848392038,-75.32093565208747,0.39688427299703266,0.5,-0.43098131736347584,-0.3313197503978532,0.0,-0.7216441207075962,0.09132075471698113,-2.048632218844985,-0.43098131736347584,-0.3313197503978532,0.0,Communication Equipment,Technology,ASNS
2022Q2,2022,Q2,2022-08-11,2022-06-30,-2650000.0,3081000.0,-658000.0,-0.28,1922000.0,0.623823434,19559000.0,7757000.0,18277000.0,6477000.0,11802000.0,908000.0,-28713000.0,159029407.29999998,152770407.29999998,0.8145782732851825,2.8218310946425813,0.3081445881691293,0.7769756349104036,-0.07281111709716269,0.8145782732851825,-0.3416269176227923,51.61616595261278,-15.002774273584906,20.501406123501354,0.0,1.276431718061674,0.0,0.1575233907663991,2.3878338737069633,-0.135487499360908,-64.2283551292407,0.6238234339500163,0.43999999999999995,-102.01137015784902,0.3056672386333044,0.0,2.3024054982817868,0.6622052262587635,0.5408234473133287,-102.01137015784902,0.3056672386333044,0.0,Communication Equipment,Technology,ASNS
2022Q1,2022,Q1,2022-06-22,2022-03-31,-7845000.0,1868000.0,-1433000.0,-0.5,582000.0,0.3115631692,5328000.0,-24221000.0,3916000.0,12194000.0,29549000.0,931000.0,-27059000.0,374070288.0,389365288.0,-1.5539967183921328,0.32114154502214204,2.9352477477477477,-0.6456793691424797,0.3137418844062827,-1.5539967183921328,0.32389248998802694,200.25176017130622,-11.920659273422562,-15.44404805747079,0.0,1.3813104189044039,0.0,0.3506006006006006,0.159094636706577,-1.47240990990991,-282.9578577912254,0.31156316916488225,0.0,-8.055144816044413,-0.053022612221107754,0.0,0.0,0.0,0.0,-8.055144816044413,-0.053022612221107754,0.0,Communication Equipment,Technology,ASNS
2021Q3,2021,Q3,2021-09-30,2021-09-30,-1187000.0,1422000.0,-908000.0,-0.097171,526000.0,0.369901547116737,,,,,,,,293173992.0,,,0.0,0.0,0.0,0.0,,0.0,206.17017721518988,-61.746839090143226,0.0,0.0,0.0,0.0,0.0,0.0,0.0,4375.731223880597,0.369901547116737,-34.97593483894854,0.0,0.0,0.0,-0.6975273145485912,-34.96969696969697,-5.017699115044247,0.0,0.0,0.0,Communication Equipment,Technology,ASNS
2021Q2,2021,Q2,2021-06-30,2021-06-30,-33000.0,3027000.0,226000.0,-0.002701,1739000.0,0.5744962008589363,,,,,,,,293173992.0,,,0.0,0.0,0.0,0.0,,0.0,96.8529871159564,-2221.0150909090908,0.0,0.0,0.0,0.0,0.0,0.0,0.0,-392.9946273458445,0.5744962008589363,0.9514077538904381,0.0,0.0,0.0,1.3887362637362637,0.9513991163475699,1.3616,0.0,0.0,0.0,Communication Equipment,Technology,ASNS
2021Q1,2021,Q1,2021-03-31,2021-03-31,-679000.0,1546000.0,-625000.0,-0.055585,728000.0,0.47089262613195343,,,,,,,,293173992.0,,,0.0,0.0,0.0,0.0,,0.0,189.63388874514877,-107.94329602356406,0.0,0.0,0.0,0.0,0.0,0.0,0.0,-364.1912944099379,0.47089262613195343,0.0,0.0,0.0,0.0,0.0,0.0,0.0,0.0,0.0,0.0,Communication Equipment,Technology,ASNS
