Quarters,Year,Quarter,FillingDate,Date,NetIncome,Revenue,OperatingIncome,EPSDiluted,GrossProfit,GrossProfitRatio,TotalAssets,CommonStockEquity,CurrentAssets,CurrentLiability,TotalLiability,Inventory,RetainedEarnings,MarketCap,EnterpriseValue,bookValuePerShare,currentRatio,debtToAssets,debtToEquity,roic,shareholdersEquityPerShare,roe,priceToSalesRatio,peRatio,pbRatio,payoutRatio,inventoryTurnover,dividendYield,assetTurnover,quickRatio,returnOnAssets,priceToFreeCashFlowsRatio,grossProfitMargin,epsdilutedGrowth,fiveYNetIncomeGrowthPerShare,fiveYRevenueGrowthPerShare,fiveYShareholdersEquityGrowthPerShare,grossProfitGrowth,netIncomeGrowth,operatingIncomeGrowth,threeYNetIncomeGrowthPerShare,threeYRevenueGrowthPerShare,threeYShareholdersEquityGrowthPerShare,Industry,Sector,Symbol
2023Q1,2023,Q1,2023-05-05,2023-03-31,-4476000.0,12216000.0,-4490000.0,-0.0949,6792000.0,0.5559921415,51914000.0,40446000.0,26154000.0,10610000.0,11468000.0,0.0,-315797000.0,77342720.0,62608720.0,0.9517601656626506,2.465032987747408,0.01880032361212775,0.024130940018790487,-0.1066158048984945,0.9517601656626506,-0.11066607328289571,6.331263916175508,-4.319857015192135,1.9122464520595361,0.0,0.0,0.0,0.2353122471780252,2.2391140433553254,-0.08621951689332358,-16.20421537816887,0.555992141453831,-0.25695364238410595,-3.901826359162352,-0.4342258884139041,-0.5454775671627667,0.025826914363389217,-0.2523782876329043,-0.2883787661406026,0.8016666162135981,-0.4567384932102832,-0.4136312127158605,Advertising Agencies,Communication Services,MCHX
2022Q4,2022,Q4,2023-05-01,2022-12-31,-3574000.0,12292000.0,-3485000.0,-0.0755,6621000.0,0.5386430199,56794000.0,44112000.0,30885000.0,12064000.0,12682000.0,0.0,-311321000.0,68324800.0,49487800.0,1.0329953399058613,2.5600961538461537,0.02882346726766912,0.037110083424011606,-0.07581470315087484,1.0329953399058613,-0.08102103735944867,5.5584770582492675,-4.779294907666481,1.548893725063475,0.0,0.0,0.0,0.21643131316688383,2.3930702917771884,-0.06292918266014015,-49.872116788321165,0.5386430198503092,-1.3374613003095972,-6.402645066233625,-0.43363110898616514,-0.506612988131053,-0.19305301645338208,-1.293966623876765,-1.1932032724984267,-8.288658175030072,-0.537414537716137,-0.5245994823348363,Advertising Agencies,Communication Services,MCHX
2022Q3,2022,Q3,2022-11-04,2022-09-30,-1558000.0,13197000.0,-1589000.0,-0.0323,8205000.0,0.6217322119,60966000.0,48895000.0,34320000.0,11421000.0,12071000.0,0.0,-307747000.0,73116960.0,51740960.0,1.1234548044667065,3.0049908064092463,0.03203424859757898,0.03994273443092341,-0.030017061379036758,1.1234548044667065,-0.03186419879333265,5.540422823368948,-11.732503209242617,1.4953872584108803,0.0,0.0,0.0,0.2164649148705836,2.7813676560721476,-0.025555227503854607,-48.8423246492986,0.6217322118663332,-0.012539184952978198,-0.8925702839121404,-0.4104604347131669,-0.5667999334827912,-0.05100624566273421,-0.017635532331809273,-0.07728813559322034,-0.34485524845955595,-0.44177023869460424,-0.4624051814705957,Advertising Agencies,Communication Services,MCHX
2022Q2,2022,Q2,2022-08-10,2022-06-30,-1531000.0,13510000.0,-1475000.0,-0.0319,8646000.0,0.6399703923,63009000.0,49821000.0,35532000.0,12487000.0,13188000.0,0.0,-306189000.0,57231240.0,34813240.0,1.1490878058906289,2.8455193401137184,0.03808979669571014,0.048172457397482986,-0.02793481815973165,1.1490878058906289,-0.030730013448144355,4.23621317542561,-9.345401698236447,1.1487372794604687,0.0,0.0,0.0,0.21441381389960165,2.6550812845359175,-0.024298116142138424,222.68964980544746,0.6399703923019985,0.033333333333333444,-0.17945873071245722,-0.394889817723433,-0.5567456123693062,0.04978144730451676,0.032237673830594185,0.033420707732634336,-0.4376274982092021,-0.46348797303252515,-0.45534066626573044,Advertising Agencies,Communication Services,MCHX
2022Q1,2022,Q1,2022-05-13,2022-03-31,-1582000.0,13171000.0,-1526000.0,-0.033,8236000.0,0.6253131881,65267000.0,50631000.0,36955000.0,13911000.0,14636000.0,0.0,-304658000.0,99218830.0,77500830.0,1.1685784845477416,2.656530802961685,0.04346760231050914,0.05603286524066284,-0.02762627515638775,1.1685784845477416,-0.031245679524402045,7.53312808442791,-15.679334702907711,1.9596458691315597,0.0,0.0,0.0,0.20180182940843,2.4082380849687297,-0.024238895613403404,-38.9551747153514,0.6253131880646876,0.20863309352517984,0.5607513839793942,-0.47339477426582466,-0.5559664656015443,0.10033400133600534,0.2226044226044226,0.15033407572383073,-0.2615968228293021,-0.48329889617814054,-0.44478110513881935,Advertising Agencies,Communication Services,MCHX
2021Q4,2021,Q4,2022-03-29,2021-12-31,-2035000.0,12790000.0,-1796000.0,-0.0417,7485000.0,0.5852228303,65827000.0,51502000.0,37514000.0,12673000.0,14325000.0,0.0,-303076000.0,109586240.0,85760240.0,1.1655200506924956,2.9601515031957706,0.04952375165205767,0.06329851267911926,-0.03522982912367499,1.1655200506924956,-0.039513028620247755,8.568118842845973,-13.462683046683047,2.127805522115646,0.0,0.0,0.0,0.19429717289258208,2.770220153081354,-0.030914366445379555,-112.85915550978373,0.5852228303362002,-1.5957142857142856,0.6621533975621509,-0.5705560526511129,-0.5664143170265965,-0.08641523251556206,-1.6148036253776434,0.05324196099103848,-2.1000256290412636,-0.46344229101922413,-0.4740772603956442,Advertising Agencies,Communication Services,MCHX
2021Q3,2021,Q3,2021-11-10,2021-09-30,3310000.0,13700000.0,-1897000.0,0.07,8193000.0,0.598029197080292,68598000.0,52592000.0,39332000.0,13937000.0,16006000.0,0.0,-301041000.0,131062395.0,106967395.0,1.1978044503154395,2.822128148094999,0.053733344995480915,0.07008670520231214,-0.032052033995624396,1.1978044503154395,0.06293732887131123,9.566598175182481,9.898972432024168,2.4920595337693943,0.0,0.0,0.0,0.1997142773841803,2.607017292100165,0.048252135630776405,-224.03828205128204,0.598029197080292,8.0,1.5392190371254695,-0.575107063303852,-0.5684189281254952,-0.04130587409314299,10.93993993993994,0.3376396648044693,7.793538002717999,-0.357690244569875,-0.41902103857937806,Advertising Agencies,Communication Services,MCHX
2021Q2,2021,Q2,2021-08-12,2021-06-30,-333000.0,14006000.0,-2864000.0,-0.01,8546000.0,0.6101670712551763,70187000.0,48521000.0,39213000.0,19151000.0,21666000.0,0.0,-304351000.0,134125920.0,115582920.0,1.106976638072641,2.0475693175291108,0.13207574052174903,0.19105129737639373,-0.040752158209194,1.106976638072641,-0.006863007769831619,9.576318720548336,-100.69513513513513,2.7642859792667096,0.0,0.0,0.0,0.19955262370524457,1.9085687431465719,-0.004744468348839528,-317.8339336492891,0.6101670712551763,0.9166666666666667,0.9953911717733867,-0.612490709563511,-0.6160989490913005,0.1307224133368616,0.9375468867216804,0.4541642843529636,0.5076836620176179,-0.32609009686369655,-0.4422672088547056,Advertising Agencies,Communication Services,MCHX
2021Q1,2021,Q1,2021-05-13,2021-03-31,-5332000.0,12980000.0,-5247000.0,-0.12,7558000.0,0.5822804314329738,70278000.0,48132000.0,37552000.0,19181000.0,22146000.0,0.0,-304018000.0,122931880.0,104446880.0,1.1002102953277864,1.9577707105990303,0.13779561171348076,0.2011967090501122,-0.08530158628090184,1.1002102953277864,-0.11077869193052439,9.470869029275809,-5.763872843210803,2.554057176099061,0.0,0.0,0.0,0.18469506815788725,1.826703508680465,-0.07587011582572072,-21.510390201224848,0.5822804314329738,0.0,-0.3659692472145399,-0.6602201685912201,-0.7561819868547134,5.191902384914032,0.012226750648388292,0.47666068222621183,-4.6721516772577925,-0.4160460645015467,-0.474583746928735,Advertising Agencies,Communication Services,MCHX
2020Q4,2020,Q4,2021-04-30,2020-12-31,-5398000.0,-25906000.0,-10026000.0,-0.12,-1803000.0,-0.06959777657685479,76932000.0,52688000.0,42342000.0,20952000.0,24244000.0,0.0,-298686000.0,86381120.0,62616120.0,1.1954982755491015,2.0209049255441007,0.13110279207611916,0.1914287883389007,-0.13222610892488587,1.1954982755491015,-0.10245217127239599,-3.3344059291283874,-4.0006076324564654,1.6394837534163376,0.0,0.0,0.0,-0.33673893828315915,1.9178121420389462,-0.07016586076015183,-61.833299928418036,0.06959777657685479,-0.4999999999999999,-4.992270825226277,-1.6911746147616742,-0.7383010106701563,-1.1609390341872712,-0.4728512960436562,-1.6807486631016042,-9.833302893058645,-2.156572408637728,-0.4289971124928757,Advertising Agencies,Communication Services,MCHX
2020Q3,2020,Q3,2020-11-05,2020-09-30,-3665000.0,26492000.0,-3740000.0,-0.08,11203000.0,0.4228823795862902,100283000.0,69685000.0,63497000.0,26914000.0,30598000.0,0.0,-293288000.0,99917720.0,65976720.0,1.478538541511956,2.3592554061083453,0.10645872181725716,0.1532037023749731,-0.042704324010094385,1.478538541511956,-0.05259381502475425,3.7716186018420657,-6.815669849931788,1.433848317428428,0.0,0.0,0.0,0.2641723921302713,2.275692947908152,-0.03654657319785008,-45.770829134218964,0.4228823795862902,0.11111111111111106,-358.29902941918385,-0.36925465968177734,-0.6690554570655268,0.05261674339941746,0.18700088731144632,0.18054338299737072,-3.111125479914171,0.09283520395967457,-0.4298809422642712,Advertising Agencies,Communication Services,MCHX
2020Q2,2020,Q2,2020-08-10,2020-06-30,-4508000.0,25847000.0,-4564000.0,-0.09,10643000.0,0.4117692575540682,105618000.0,72447000.0,65369000.0,27175000.0,33171000.0,0.0,-289623000.0,74332680.0,40356680.0,1.539918377757939,2.4054829806807727,0.12120093165937625,0.17669468715060666,-0.04894326615127316,1.539918377757939,-0.062224798818446586,2.8758726351220645,-4.122264862466726,1.0260284069733736,0.0,0.0,0.0,0.2447215436762673,2.315547378104876,-0.04268211857827264,64.02470284237727,0.4117692575540682,0.8301886792452831,-1.1896631685018966,-0.3579781747599156,-0.6546625227037253,0.034606785262953244,0.8187738693467337,0.8226057213930348,-2.2005748363304,0.06690506018540486,-0.4059848394219973,Advertising Agencies,Communication Services,MCHX
2020Q1,2020,Q1,2020-05-19,2020-03-31,-24875000.0,24785000.0,-25728000.0,-0.53,10287000.0,0.4150494250554771,100061000.0,76028000.0,59171000.0,18216000.0,24033000.0,0.0,-285115000.0,67918000.0,34511000.0,1.6231426131511528,3.248298199385156,0.06900790517784151,0.09082180249381806,-0.27807620010551487,1.6231426131511528,-0.32718209080864946,2.740286463586847,-0.6825929648241206,0.8933287736097227,0.0,0.0,0.0,0.24769890366876204,3.133179622310057,-0.2485983550034479,-29.389009086975335,0.4150494250554771,-52.0,-5.750831308032712,-0.4904454965442508,-0.5887882248468529,-0.20899653979238755,-59.08454106280193,-10.225130890052355,-5.388644832015883,-0.08336366025093604,-0.38324232314683976,Advertising Agencies,Communication Services,MCHX
2019Q4,2019,Q4,2020-03-13,2019-12-31,-414000.0,28591000.0,-2292000.0,-0.01,13005000.0,0.45486341855828755,124501000.0,99838000.0,62419000.0,17545000.0,24663000.0,0.0,-260240000.0,173679660.0,138317660.0,2.1728948571179836,3.5576517526360787,0.05754170649231733,0.07175624511708968,-0.0038984410278584836,2.1728948571179836,-0.004146717682645886,6.074626980518345,-104.87902173913042,1.739614775937018,0.0,0.0,0.0,0.22964474180930275,3.438871473354232,-0.0033252744957871826,-88.20703910614525,0.45486341855828755,0.6666666666666666,-1.6501676701515953,-0.22987070808036844,-0.42666734610942375,0.0815868263473054,0.6592592592592592,-0.7002967359050445,0.9338998160227361,-0.07676454983131878,-0.19166032356704188,Advertising Agencies,Communication Services,MCHX
2019Q3,2019,Q3,2019-11-08,2019-09-30,-1215000.0,24794000.0,-1348000.0,-0.03,12024000.0,0.4849560377510688,119117000.0,95388000.0,68995000.0,16128000.0,23729000.0,0.0,-259826000.0,143325300.0,98398300.0,2.0897798225435427,4.2779637896825395,0.06329910927911213,0.07904558225353293,-0.01279222951763183,2.0897798225435427,-0.012737451251729778,5.7806445107687345,-29.490802469135804,1.5025506353000377,0.0,0.0,0.0,0.2081482911759027,4.127418154761905,-0.010200055407708387,109.7437212863706,0.4849560377510688,-0.4999999999999999,0.9488904599145287,-0.5441388410785157,-0.4493691315033217,-0.031728136575938155,-0.09066427289048475,-0.059748427672955975,0.8096056511940627,-0.2603162220522684,-0.2470311697727133,Advertising Agencies,Communication Services,MCHX
2019Q2,2019,Q2,2019-08-08,2019-06-30,-1114000.0,26341000.0,-1272000.0,-0.02,12418000.0,0.4714323677916556,122774000.0,95685000.0,70716000.0,19188000.0,27089000.0,0.0,-258611000.0,215885040.0,172787040.0,2.109736737663712,3.685428392745466,0.06449248212162184,0.0827506923760255,-0.012055217108640305,2.109736737663712,-0.011642368187281184,8.195779962795642,-48.44816876122082,2.256205674870669,0.0,0.0,0.0,0.2145486829459006,3.5200646237231603,-0.009073582354570186,-155.20132278936018,0.4714323677916556,0.3333333333333333,-2.019687663397149,-0.5243432218746343,-0.51368845116285,0.02222588080342443,0.1424172440338722,0.206487835308796,0.9850992828431413,-0.29567038905192544,-0.26834033991904166,Advertising Agencies,Communication Services,MCHX
2019Q1,2019,Q1,2019-05-10,2019-03-31,-1299000.0,26406000.0,-1603000.0,-0.03,12148000.0,0.46004695902446413,122799000.0,94466000.0,68541000.0,19563000.0,28333000.0,0.0,-257497000.0,213643080.0,171041080.0,2.104716707884945,3.503603741757399,0.06762270051059048,0.08790464294031715,-0.013220687218698887,2.104716707884945,-0.013750979188279382,8.090702113156102,-41.116836027713624,2.2615870260199435,0.0,0.0,0.0,0.21503432438374906,3.3543934979297654,-0.010578262037964479,39.66637207575195,0.46004695902446413,-1.9999999999999996,-2.244874724967176,-0.5715222696882617,-0.44292702453343935,0.16684276246277976,-1.0392464678178963,-0.4925512104283054,0.6756333032833058,-0.3262452363640254,-0.5335729467998592,Advertising Agencies,Communication Services,MCHX
2018Q4,2018,Q4,2019-03-18,2018-12-31,-637000.0,23131000.0,-1074000.0,-0.01,10411000.0,0.4500886256538844,113062000.0,95026000.0,64085000.0,14772000.0,18036000.0,0.0,-256198000.0,113629350.0,68399350.0,2.216143100352154,4.338275115082589,0.0,0.0,-0.008726645147835138,2.216143100352154,-0.006703428535348221,4.912427045955644,-44.59550627943485,1.1957711573674572,0.0,0.0,0.0,0.20458686384461622,4.158407798537774,-0.005634076878173038,123.91423118865868,0.4500886256538844,0.0,-1.887441173596507,-0.5086643667072535,-0.4056352061902921,0.14043159163106583,-0.3938730853391685,-0.4474393530997305,-1.48422215710496,-0.36569236709335545,-0.5148780877110978,Advertising Agencies,Communication Services,MCHX
2018Q3,2018,Q3,2018-11-09,2018-09-30,-457000.0,20006000.0,-742000.0,-0.01,9129000.0,0.45631310606817954,98289000.0,84907000.0,94573000.0,12227000.0,13382000.0,0.0,-255561000.0,116136060.0,37531060.0,2.0617002161085884,7.734767318230146,0.0,0.0,-0.008954508443714808,2.0617002161085884,-0.005382359522771974,5.8050614815555335,-63.53176148796498,1.3678031257729044,0.0,0.0,0.0,0.20354261412772537,7.544859736648401,-0.004649553866658528,65.24497752808989,0.45631310606817954,0.5,-1.267379965409575,-0.5726044073450771,-0.44219860942079386,0.03339370613538601,0.30547112462006076,0.19083969465648856,-51.98738422272405,-0.4548848609389147,-0.5385250931705631,Advertising Agencies,Communication Services,MCHX
2018Q2,2018,Q2,2018-08-06,2018-06-30,-658000.0,20218000.0,-917000.0,-0.02,8834000.0,0.4369373825304184,97834000.0,84631000.0,94391000.0,12093000.0,13203000.0,0.0,-255104000.0,130478400.0,53675400.0,1.984779549718574,7.805424625816588,0.0,0.0,-0.011002484131912672,1.984779549718574,-0.007774928808592596,6.453576021367098,-49.57386018237082,1.5417329347402253,0.0,0.0,0.0,0.2066561727006971,7.618043496237493,-0.006725678189586443,-61.37271872060207,0.4369373825304184,0.0,-0.5441545828430906,-0.5695536096368533,-0.44739052253310185,-0.026341893530254602,0.2894168466522678,0.20606060606060606,-1.0305443224650541,-0.4459061248601204,-0.5548992903851232,Advertising Agencies,Communication Services,MCHX
2018Q1,2018,Q1,2018-05-09,2018-03-31,-926000.0,21896000.0,-1155000.0,-0.02,9073000.0,0.4143679210814761,104403000.0,90240000.0,101234000.0,13035000.0,14163000.0,0.0,-254446000.0,117649350.0,33087350.0,2.093978419770275,7.76632144227081,0.0,0.0,-0.012953072317172422,2.093978419770275,-0.010261524822695035,5.373097826086957,-31.762783477321815,1.3037383643617022,-23.661987041036717,0.0,0.18623987297847372,0.20972577416357768,7.6293824319140775,-0.008869476930739539,52.242162522202484,0.4143679210814761,0.0,-9.886940616831486,-0.50675749241925,-0.4100984746612387,-0.11031574818591881,-0.9053497942386831,-0.7420814479638009,-1.1922239549263678,-0.5107210781299042,-0.46950528182212725,Advertising Agencies,Communication Services,MCHX
2017Q4,2017,Q4,2018-03-14,2017-12-31,-486000.0,21847000.0,-663000.0,-0.02,10198000.0,0.46679177919165105,123822000.0,89999000.0,121091000.0,32733000.0,33823000.0,0.0,-253709000.0,138844780.0,34654780.0,2.0936816637975153,3.6993553905844254,0.0,0.0,-0.0074433259468648745,2.0936816637975153,-0.005400060000666674,6.355324758548084,-71.42221193415638,1.5427369192991034,0.0,0.0,0.0,0.17643875886352992,3.6370024134665324,-0.0039249890972525075,-482.09993055555555,0.46679177919165105,0.0,0.988734167355044,-0.48843025656307715,-0.4173421964303039,0.00611681136543015,0.4007398273736128,0.24315068493150685,-1.8158145082547548,-0.3709919097369976,-0.44756827014668166,Advertising Agencies,Communication Services,MCHX
2017Q3,2017,Q3,2017-11-06,2017-09-30,-811000.0,22053000.0,-876000.0,-0.02,10136000.0,0.4596200063483426,124127000.0,111194000.0,121261000.0,11945000.0,12933000.0,0.0,-253222000.0,132486840.0,28109840.0,2.593385577012781,10.151611552951026,0.0,0.0,-0.007996442663785332,2.593385577012781,-0.0072935590049822835,6.00765610121072,-40.840579531442664,1.1914927064409948,0.0,0.0,0.0,0.1776648110403055,9.99213059857681,-0.006533630878052317,68.32740587931924,0.4596200063483426,0.3333333333333333,-0.18805774569072958,-0.49623209897690385,-0.4660847111932181,0.029976628391423635,0.36640625,0.3297628156082632,0.963681701115893,-0.5683491305467692,-0.3166753084641991,Advertising Agencies,Communication Services,MCHX
2017Q2,2017,Q2,2017-08-04,2017-06-30,-1280000.0,22016000.0,-1307000.0,-0.03,9841000.0,0.44699309593023256,123279000.0,110835000.0,119988000.0,11904000.0,12444000.0,0.0,-252411000.0,127406920.0,24977920.0,2.5923890162323993,10.079637096774194,0.0,0.0,-0.011913298311101824,2.5923890162323993,-0.011548698515811792,5.787014898255814,-24.884164062500002,1.1495188343032436,0.0,0.0,0.0,0.17858678282594764,9.911290322580646,-0.010382952489880677,-195.40938650306748,0.44699309593023256,0.625,-3.5637674400363273,-0.4865982774946217,-0.4644664863728982,-0.08685162846803378,0.6353276353276354,0.6281650071123756,-2.2428845421313963,-0.578265926359473,-0.40243315899760945,Advertising Agencies,Communication Services,MCHX
2017Q1,2017,Q1,2017-05-09,2017-03-31,-3510000.0,24375000.0,-3515000.0,-0.08,10777000.0,0.4421333333333333,124756000.0,111125000.0,121752000.0,13631000.0,13631000.0,0.0,-251132000.0,114852000.00000001,11780000.000000015,2.6317347542924807,8.9319932506786,0.0,0.0,-0.03173955742667673,2.6317347542924807,-0.03158605174353206,4.7118769230769235,-8.180341880341881,1.033538807649044,0.0,0.0,0.0,0.19538138446247075,8.796053114224929,-0.028134919362595788,-129.92307692307693,0.4421333333333333,0.4285714285714286,-2.906578394962054,-0.4533060823637478,-0.4500457019755474,-0.13053650665590963,0.3889275766016713,0.3838737949167397,-4.575492194073104,-0.5795808598243611,-0.3034367500765746,Advertising Agencies,Communication Services,MCHX
2016Q4,2016,Q4,2017-03-08,2016-12-31,-5744000.0,28401000.0,-5705000.0,-0.14,12395000.0,0.4364282947783529,128272000.0,113271000.0,124501000.0,14867000.0,15001000.0,0.0,-247584000.0,111665700.0,7715700.0,2.6880962551616117,8.374318961458263,0.0,0.0,-0.050488994693924906,2.6880962551616117,-0.0507102435751428,3.931752403084398,-4.860101845403899,0.9858277935217311,0.0,0.0,0.0,0.2214123113384059,8.271339207641084,-0.0447798428339778,-93.75793450881612,0.4364282947783529,0.0,-5.636750809515565,-0.41962982239052904,-0.4319442394977582,0.012332571055210715,0.018790570550051247,0.020432692307692308,-9.143016275919852,-0.38611331381509145,-0.27905838924124665,Advertising Agencies,Communication Services,MCHX
2016Q3,2016,Q3,2016-11-07,2016-09-30,-5854000.0,30749000.0,-5824000.0,-0.14,12244000.0,0.39819181111580865,133099000.0,116211000.0,128966000.0,16622000.0,16888000.0,0.0,-241840000.0,115985440.0,10710440.0,2.7753868933893773,7.758753459270846,0.0,0.0,-0.05024448172724142,2.7753868933893773,-0.05037388887454716,3.7720068945331557,-4.953255893406218,0.9980590477665625,0.0,0.0,0.0,0.23102352384315433,7.638731801227289,-0.043982298890299705,-254.91305494505494,0.39819181111580865,0.915151515151515,-4.7395781109478685,-0.38241481816612877,-0.40801646553738646,-0.12134912091855041,0.9149016586472067,0.9152391902315495,-4.3686792029056365,-0.35390698484024563,-0.24910777210377932,Advertising Agencies,Communication Services,MCHX
2016Q2,2016,Q2,2016-08-09,2016-06-30,-68791000.0,34412000.0,-68711000.0,-1.65,13935000.0,0.4049459490875276,138271000.0,120334000.0,133595000.0,17530000.0,17937000.0,0.0,-235986000.0,132707760.0,26930760.0,2.883494680341225,7.6209355390758695,0.0,0.0,-0.5711020005643757,2.883494680341225,-0.5716671929795403,3.8564384517028945,-0.4822860548618279,1.1028284607841508,0.0,0.0,0.0,0.2488735888219511,7.484426697090702,-0.4975085158854713,-262.7876435643564,0.4049459490875276,-17.333333333333332,-391.8089590099657,-0.2868393293961049,-0.361694869698926,-0.004856102263800614,-17.708457982050586,-17.788898003828276,-163.94703037840057,-0.2514190178298633,-0.1971670159500168,Advertising Agencies,Communication Services,MCHX
2016Q1,2016,Q1,2016-05-06,2016-03-31,-3677000.0,35985000.0,-3657000.0,-0.09,14003000.0,0.38913436153953035,204386000.0,185957000.0,135732000.0,17886000.0,18429000.0,0.0,-167195000.0,183384500.0,76781500.0,4.512424168891046,7.588728614558873,0.0,0.0,-0.019735611801413547,4.512424168891046,-0.019773388471528364,5.096137279421981,-12.468350557519717,0.9861661566921385,0.0,0.0,0.0,0.1760639182722887,7.4481158447948115,-0.01799046901451176,-72.82942811755362,0.38913436153953035,-4.0,-6.01604226031986,-0.0269180204816053,0.02208768124555486,-0.08471141904699654,-3.920571882446386,-3.932638331996792,-37.9027891574004,-0.15230135272395745,0.2712098057325486,Advertising Agencies,Communication Services,MCHX
2015Q4,2015,Q4,2016-03-07,2015-12-31,1259000.0,34900000.0,1247000.0,0.03,15299000.0,0.4383667621776504,204992000.0,187466000.0,135687000.0,16864000.0,17526000.0,0.0,-163518000.0,159633930.0,50478930.0,4.56821892438531,8.045955882352942,0.0,0.0,0.006565764486242805,4.56821892438531,0.006715884480385776,4.5740381088825215,31.698556393963464,0.8515353717474103,0.0,0.0,0.0,0.1702505463627849,7.9401684060721065,0.006141703090852326,604.6739772727273,0.4383667621776504,154.44041450777203,0.541478336652291,-0.014864895379400332,0.05973770549556652,-0.09199359012404297,138.88888888888889,102.91666666666667,1.0305706157543553,-0.14396819889422474,0.2713052087775673,Advertising Agencies,Communication Services,MCHX
2015Q3,2015,Q3,2015-11-06,2015-09-30,9000.0,36852000.0,12000.0,0.000193,16849000.0,0.4572072072072072,206705000.0,184750000.0,136929000.0,21176000.0,21955000.0,0.0,-164777000.0,166652590.0,57716590.0,4.467632336227117,6.466235360785795,0.0,0.0,,4.467632336227117,4.8714479025710416e-05,4.522212905676761,4629.238611111111,0.9020437889039243,0.0,0.0,0.0,0.17828306040008707,6.371977710615791,4.354031107133354e-05,24.443031680844822,0.4572072072072072,-0.999614,1.014353545164318,0.19725931950061296,0.05211679565177599,0.08360666280789761,-0.999568717653824,1.0081855388813097,1.0136699348941929,-0.1271670804810746,-0.08022269028472229,Advertising Agencies,Communication Services,MCHX
2015Q2,2015,Q2,2015-08-10,2015-06-30,20868000.0,35346000.0,-1466000.0,0.5,15549000.0,0.43990833474792057,207700000.0,184186000.0,137679000.0,22616000.0,23514000.0,0.0,-164787000.0,204459750.0,100028750.0,4.459169592059073,6.087681287584012,0.0,0.0,-0.006965769933353618,4.459169592059073,0.11329851345922057,5.784523001188253,2.4494411299597467,1.1100721553212514,0.04054054054054054,0.0,0.004137733710424668,0.17017814155031294,5.972055182171914,0.10047183437650457,-53.66397637795276,0.43990833474792057,3.5454545454545454,6.295342730768755,0.3112578108512035,0.06305543125127291,-0.28957828848174716,3.5533493344970544,-1.3177975287231736,42.263695421715035,-0.146834462451398,-0.0788285459698747,Advertising Agencies,Communication Services,MCHX
2015Q1,2015,Q1,2015-05-11,2015-03-31,4583000.0,42575000.0,4613000.0,0.11,21887000.0,0.5140810334703464,186438000.0,161832000.0,114887000.0,23590000.0,24606000.0,0.0,-185656000.0,167275920.0,83617920.0,3.947218224834752,4.870156846121238,0.0,0.0,0.028473804655525962,3.947218224834752,0.028319491818676157,3.928970522607164,9.124804713070041,1.0336393296752189,0.18306785948068952,0.0,0.005015665135782843,0.2283600982632296,4.7364985163204745,0.02458189853999721,31.425121172271275,0.5140810334703464,10.0,18.871840715639806,-0.5311972882177568,-0.6948748279910452,0.41773545796087574,7.026269702276707,6.81864406779661,6.2533420480833835,-0.01655365966422328,-0.1751487780264846,Advertising Agencies,Communication Services,MCHX
2014Q4,2014,Q4,2015-03-10,2014-12-31,571000.0,33291000.0,590000.0,0.01,15438000.0,0.46372893574840046,180669000.0,156153000.0,109247000.0,23398000.0,24516000.0,0.0,-190239000.0,189117180.0,109085180.0,3.789937381680501,4.669074279852979,0.0,0.0,0.0037783455969465844,3.789937381680501,0.0036566700607737284,5.680729927007299,82.80086690017512,1.211101803999923,1.499124343257443,0.0,0.004526294226679988,0.18426514786709397,4.534746559535003,0.00316047578721308,57.273525136281044,0.46372893574840046,1.0192307692307692,3.140701879432447,-0.6264444449589697,-0.7096232305851976,-0.09856358752773561,1.0265630815035356,-0.5183673469387755,-0.5285983975575965,-0.30424887377784116,-0.19910019685029565,Advertising Agencies,Communication Services,MCHX
2014Q3,2014,Q3,2014-11-10,2014-09-30,-21496000.0,49181000.0,1225000.0,-0.52,17126000.0,0.34822390760659605,188700000.0,156645000.0,117407000.0,30834000.0,32055000.0,0.0,-190809000.0,171287100.0,90635100.0,3.7952464020933276,3.807712265680742,0.0,0.0,-0.141192121044368,3.7952464020933276,-0.13722748890804048,3.482790101868608,-1.992081084852996,1.093473139902327,-0.03986788239672497,0.0,0.005003295636390598,0.26063063063063063,3.7061360835441395,-0.11391626921038686,30.478131672597865,0.34822390760659605,-27.0,-24.55000423648417,0.8054033529491281,-0.10843713540346969,-0.013308751512358127,-22.93469387755102,-0.28404441846873174,-14.930756137742117,0.0020984055412695737,-0.19048281714555254,Advertising Agencies,Communication Services,MCHX
2014Q2,2014,Q2,2014-08-11,2014-06-30,980000.0,49676000.0,1711000.0,0.02,17357000.0,0.3494041388195507,208581000.0,176497000.0,114426000.0,30762000.0,32084000.0,0.0,-169314000.0,489021680.0,414071680.0,4.338241077573493,3.719719133996489,0.0,0.0,0.005624826199166918,4.338241077573493,0.005552502308821113,9.844224172638699,124.75042857142857,2.7707081706771217,0.863265306122449,0.0,0.0017299846501692931,0.23816167340265892,3.567583382094792,0.004698414524812902,178.21489795918367,0.3494041388195507,0.0,1.6871642889270462,0.9301436306255051,0.014862836206415408,-0.04326976077609966,0.14619883040935672,0.1915041782729805,4.710899493648011,0.05601391753429725,-0.03966476679251929,Advertising Agencies,Communication Services,MCHX
2014Q1,2014,Q1,2014-05-12,2014-03-31,855000.0,50496000.0,1436000.0,0.02,18142000.0,0.35927598225602025,174100000.0,138946000.0,77759000.0,33699000.0,35154000.0,0.0,-170294000.0,386515760.0,347989760.0,3.7781705460082664,2.3074571945755067,0.0,0.0,0.006097188233687847,3.7781705460082664,0.006153469693262131,7.6543837135614705,113.01630409356724,2.7817696083370516,0.9017543859649123,0.0,0.001994744017682487,0.29004020677771397,2.1857325143179325,0.004910970706490523,53.158542153761516,0.35927598225602025,0.0,1.4817420080267008,0.7914465743795421,-0.08297820872610945,0.1448223638543573,0.4132231404958678,-0.06994818652849741,0.30698858763816034,0.5301113050422668,-0.14422460562503894,Advertising Agencies,Communication Services,MCHX
2013Q4,2013,Q4,2014-03-03,2013-12-31,605000.0,39680000.0,1544000.0,0.02,15847000.0,0.39936995967741934,162148000.0,134755000.0,64973000.0,25298000.0,27393000.0,0.0,-171149000.0,312619650.0,281707650.0,3.728590797155585,2.5683057949245,0.0,0.0,0.004398922851653727,3.728590797155585,0.004489629327297688,7.878519405241936,129.181673553719,2.3199113205446924,0.0,0.0,0.0,0.24471470508424403,2.4118112103723615,0.00373115918790241,56.69562023939064,0.39936995967741934,-0.5,1.0045179092786594,0.09338023463985236,-0.13427330993643674,0.03799043689002424,-0.5914922349763673,0.5347912524850894,-0.158909922694536,0.27179604727104806,-0.1350396464107229,Advertising Agencies,Communication Services,MCHX
2013Q3,2013,Q3,2013-11-12,2013-09-30,1481000.0,40560000.0,1006000.0,0.04,15267000.0,0.37640532544378696,159866000.0,131896000.0,60472000.0,25784000.0,27970000.0,0.0,-171754000.0,259786800.0,234635800.0,3.696118817430293,2.3453304374806083,0.0,0.0,0.0046211534198845935,3.696118817430293,0.011228543701097835,6.405,43.85327481431466,1.9696336507551404,0.0,0.0,0.0,0.2537124842055221,2.1734408935774123,0.009264008607208538,73.32396274343776,0.37640532544378696,5.0,0.10532760847588152,0.1062996292057675,-0.529443391313569,0.007323832145684877,5.18361581920904,11.26530612244898,3.7371150307774528,0.5270259957235884,-0.12957280414282898,Advertising Agencies,Communication Services,MCHX
2013Q2,2013,Q2,2013-08-08,2013-06-30,-354000.0,39020000.0,-98000.0,-0.01,15156000.0,0.3884161968221425,159283000.0,127227000.0,57642000.0,29772000.0,32056000.0,0.0,-173235000.0,212892230.0,194150230.0,3.591649493267086,1.9361144699717856,0.0,0.0,-0.0024788906299906322,3.591649493267086,-0.0027824282581527505,5.455977191184008,-150.3476200564972,1.673325866364844,0.0,0.0,0.0,0.24497278428959776,1.7806328093510682,-0.0022224593961690828,4016.8345283018866,0.3884161968221425,-6.307855626326964,-1.769036840974009,0.07845199764513762,-0.5444325334229184,0.02336259284267387,-5.1647058823529415,-1.3951612903225807,0.8952548807427159,0.6879219758563091,-0.14375929819583383,Advertising Agencies,Communication Services,MCHX
2013Q1,2013,Q1,2013-05-08,2013-03-31,85000.0,36213000.0,248000.0,0.001884,14810000.0,0.40896915472344186,152423000.0,124790000.0,49807000.0,25324000.0,27633000.0,0.0,-172881000.0,147651000.0,130551000.0,3.549708434077656,1.9667903964618543,0.0,0.0,0.0007312718267121664,3.549708434077656,0.0006811443224617358,4.077292684947395,434.26764705882357,1.1831957688917383,0.0,0.0,0.0,0.23758225464660845,1.8149581424735428,0.0005576586210742473,114.3694810224632,0.40896915472344186,1.0018470588235293,1.0729012241977913,0.04500657003688132,-0.5493531486807881,0.12120523885229767,1.0024756800838819,1.013635363976248,1.3865667671580788,-0.5349644812333177,-0.7256028588145956,Advertising Agencies,Communication Services,MCHX
2012Q4,2012,Q4,2013-03-12,2012-12-31,-34334000.0,33989000.0,-18188000.0,-1.02,13209000.0,0.3886257318544235,149147000.0,122935000.0,45679000.0,23996000.0,26212000.0,0.0,-172966000.0,140611320.0,124681320.0,3.59332982579212,1.9036089348224705,0.0,0.0,-0.2789943514355365,3.59332982579212,-0.27928580143978526,4.136965488834623,-1.0238489543892353,1.1437859031195348,-0.19135550766004544,0.0,0.04672454536377298,0.22788926361240924,1.7578763127187864,-0.23020241774893227,38.565913329676356,0.3886257318544235,-50.0,-42.38200748786135,0.008797044057879127,-0.5527087262589935,-0.0688707176089102,-62.23020257826888,-35.96747967479675,-300.8486462615058,-0.5406892817685446,-0.7246868744325516,Advertising Agencies,Communication Services,MCHX
2012Q3,2012,Q3,2012-11-08,2012-09-30,-543000.0,34822000.0,-492000.0,-0.02,14186000.0,0.4073861352018839,206775000.0,165663000.0,67662000.0,38728000.0,41112000.0,0.0,-138631000.0,132331280.0,96797280.0,4.857297836157861,1.7471080355298492,0.0,0.0,-0.002643684200682741,4.857297836157861,-0.0032777385414968943,3.800220550226868,-60.92600368324125,0.7987980418077663,-2.427255985267035,0.0,0.009959852273778354,0.16840527143029863,1.5836087585209668,-0.002626042800145085,46.61193377949982,0.4073861352018839,-3.0,0.5906953188655201,0.1920137572883603,-0.3866596030029144,-0.03973465105259595,-2.371212121212121,-1.4522058823529411,-1.7199112128050245,0.5469503424723773,0.14105539250753996,Advertising Agencies,Communication Services,MCHX
2012Q2,2012,Q2,2012-08-08,2012-06-30,396000.0,34013000.0,1088000.0,0.01,14773000.0,0.43433393114397434,207468000.0,164155000.0,66859000.0,40872000.0,43313000.0,0.0,-138089000.0,122418710.0,88845710.0,4.840759635516499,1.6358142493638677,0.0,0.0,0.002697473119291067,4.840759635516499,0.002412354177454235,3.5991741392996794,77.28453914141414,0.745750723401663,1.8762626262626263,0.0,0.006069333682735261,0.16394335511982572,1.4676306517909572,0.0019087280930071143,16.90165815269916,0.43433393114397434,1.5,0.3048162223913539,0.14570820013309244,-0.40587333173541473,-0.04960113226968605,1.5538461538461539,2.819397993311037,1.3331292297713386,0.5855173451360661,0.13241909918054404,Advertising Agencies,Communication Services,MCHX
2012Q1,2012,Q1,2012-05-08,2012-03-31,-715000.0,35481000.0,-598000.0,-0.02,15544000.0,0.438093627575322,222388000.0,160798000.0,79342000.0,59103000.0,61590000.0,0.0,-138485000.0,149864920.0,108569920.0,4.785369918457235,1.3424360861546791,0.0,0.0,-0.00334471759207869,4.785369918457235,-0.004446572718566151,4.22380767171162,-52.400321678321674,0.9320073632756626,-1.0419580419580419,0.0,0.004971143346955378,0.15954547907261182,1.2232543187317058,-0.0032151015342554456,47.216420919974794,0.438093627575322,-1.680304337086932,-2.5216264448829238,0.20841427288959666,-0.41123786182221367,-0.10712685553790437,-1.7237926329045241,-1.300165392134964,0.5590860811911846,0.3776601571271944,0.16148502061882408,Advertising Agencies,Communication Services,MCHX
2011Q4,2011,Q4,2012-03-12,2011-12-31,987852.0,39022919.0,1992235.0,0.029398607225760372,17408968.0,0.44612162406405326,220058000.0,159008000.0,74638000.0,58470000.0,61050000.0,0.0,-137770000.0,210012500.0,172569500.0,4.732099279804774,1.2765178724132034,0.0,0.0,0.006867778379532441,4.732099279804774,0.006212593077077883,5.381773208713577,53.14877633491656,1.3207668796538539,0.7537951029101525,0.0,0.003545684185465151,0.17733015386852558,1.1676244227809134,0.004489052886057312,91.75106534121937,0.44612162406405326,-0.02004642580798755,3.0449354175144854,0.39495824001918883,-0.4157330873745663,-0.033599372940344124,-0.21180805448594686,-0.10572319023450003,1.0079343079455019,0.1565231896439597,0.09872733947710077,Advertising Agencies,Communication Services,MCHX
2011Q3,2011,Q3,2011-11-04,2011-09-30,1253314.0,39862443.0,2227761.0,0.03,18014235.0,0.4519099594573268,219298676.0,157169182.0,71528389.0,42313814.0,62129494.0,0.0,-138758193.0,284952461.5,249464128.5,4.688283933283377,1.690426417245205,0.0,0.0,0.00874500122019058,4.688283933283377,0.007974298676441543,7.148394329469471,56.839798625883056,1.8130301238063324,0.5891436623224507,0.0,0.0025912462595098517,0.18177238334079135,1.590398138064321,0.00571510062377212,67.19023940221363,0.4519099594573268,8.557188109988967,127.58273241214809,0.42427676014275184,-0.4681103329032304,0.05591400257111178,7.863857534866615,1.0354980332676995,-0.0043010156227662865,0.1573666016098561,-0.40312985129122847,Advertising Agencies,Communication Services,MCHX
2011Q2,2011,Q2,2011-08-09,2011-06-30,141396.0,38760783.0,1094455.0,0.00313899858983048,17060324.0,0.4401439465245065,214778522.0,151436314.0,64470540.0,43711089.0,63342208.0,0.0,-140011507.0,297681726.96000004,269349120.96000004,4.5174236324579535,1.474924131951963,0.0,0.0,0.0011107968572699215,4.5174236324579535,0.0009336994295833165,7.679971969606497,526.3262874480184,1.9657222174596778,5.255771026054485,0.0,0.0024964414429773096,0.18046861780713808,1.3743445742109057,0.0006583339836932112,64.13731246656393,0.4401439465245065,-0.686100141016952,1.852723237907236,0.3967575128396796,-0.48793313804439015,0.37500391900913266,-0.7547073579465615,0.5295318699348333,-0.6754159794811296,0.13201511089629314,-0.42700665987808056,Advertising Agencies,Communication Services,MCHX
2011Q1,2011,Q1,2011-05-10,2011-03-31,576438.0,29079855.0,715549.0,0.01,12407473.0,0.4266690119328312,166374596.0,143068669.0,72878100.0,21258462.0,23305927.0,0.0,-140152905.0,255033661.74,214984593.74,4.414909064740938,3.4281925004734584,0.0,0.0,0.0035226036608907844,4.414909064740938,0.004029100179858387,8.770114628838417,110.60758561198256,1.7825961723317632,1.2348856251669738,0.0,0.002791141354217377,0.1747854281791915,3.236035278563426,0.003464699622771736,165.95510286231516,0.4266690119328312,-0.49755642175377235,1.2184671957581252,0.07076766000222402,-0.4958664726887885,0.09534428888937542,-0.10624779057435764,1.1217863705279125,1.5363309091650108,-0.08964437276572176,-0.43951315838053834,Advertising Agencies,Communication Services,MCHX
2010Q4,2010,Q4,2011-03-14,2010-12-31,644964.0,27975432.0,-5875444.0,0.019902732232950138,11327464.0,0.4049075631790065,159689743.0,139691923.0,65226979.0,17921488.0,19997820.0,0.0,-140729343.0,309151351.08,271823299.08,4.31070716904337,3.639596165229137,0.0,0.0,-0.030440625410224725,4.31070716904337,0.004617045754320384,11.05081598310975,119.83279341172529,2.213093960199832,1.0870916826365502,0.0,0.002267934452010741,0.1751861545672348,3.3920646544528,0.004038856772410235,59.95816059291118,0.4049075631790065,1.995136611647507,-0.5577622199004489,0.07531404586521187,-0.5008571641145443,0.18109561185743475,2.3085858165726933,-9.854882572902348,1.860352461679213,-0.12340718899908862,-0.4634108768624225,Advertising Agencies,Communication Services,MCHX
2010Q3,2010,Q3,2010-11-05,2010-09-30,-492871.0,24194841.0,-541272.0,-0.02,9590641.0,0.3963919829024708,158978218.0,138029028.0,63685287.0,19277984.0,20949190.0,0.0,-141374307.0,177155018.6,145151255.6,4.246327360889114,3.3035242170550614,0.0,0.0,-0.004405969158387326,4.246327360889114,-0.003570777880142719,7.322016234783274,-89.85871485642288,1.2834620453894672,-1.43087136390658,0.0,0.003980892020859746,0.15218966034705458,3.0502192034187807,-0.0031002423237628694,-110.05379132801934,0.3963919829024708,0.7999999999999999,-1.7704381418924977,0.046835913574018215,-0.5140888301019957,0.23945176212025912,0.8424131990628005,0.877265869076519,0.610189101093578,-0.1309912306093429,-0.46380802718751135,Advertising Agencies,Communication Services,MCHX
2010Q2,2010,Q2,2010-08-06,2010-06-30,-3127616.0,21393353.0,-4410118.0,-0.1,7737809.0,0.3616922041159233,155455713.0,137507814.0,58716692.0,16377575.0,17947899.0,0.0,-140881435.0,126208913.60000001,93305441.60000001,4.194672696239737,3.5851884054873815,0.0,0.0,-0.02293715767099502,4.194672696239737,-0.022745005603826994,5.899445196832867,-10.088267997094274,0.917830848507271,-0.2249540864351634,0.0,0.005574645878260693,0.1376170266576179,3.2242338075081323,-0.02011901614706177,228.8677894057293,0.3616922041159233,-47.70050166730606,-5.262599429584817,0.08854443520448609,-0.5065530972689879,-0.3184036439614956,-45.147726266709945,-3.1556312951182535,-11.66053218781119,-0.2545487665725626,-0.4851702829464222,Advertising Agencies,Communication Services,MCHX
2010Q1,2010,Q1,2010-05-10,2010-03-31,-67774.0,24001981.0,-1061239.0,-0.002053366938253383,11352480.0,0.4729809593633126,157072044.0,140174466.0,58965911.0,15678272.0,16897578.0,0.0,-137753820.0,55370278.81,21531967.810000002,12.936390002981819,3.7609955357325093,0.0,0.0,0.0019704167510866876,12.936390002981819,-0.0004834974723570554,2.306904534671534,-204.24601915926462,0.39500973600998057,-10.416354354177118,0.0,0.012749764226805778,0.15280873915411708,3.4831378738677325,-0.00043148352993992997,31.95671339237533,0.4729809593633126,-1.6135115145092092,-1.2565466341809182,2.6419300668808376,0.32796126347582527,0.057128724377445296,-2.8688027353443997,-1.024218444164092,-1.4472748113395955,1.5349908701782509,0.5916129302941747,Advertising Agencies,Communication Services,MCHX
2009Q4,2009,Q4,2010-03-10,2009-12-31,36266.0,23437385.0,43819454.0,0.003346908557854885,10738976.0,0.4581985575609224,159373159.0,141424931.0,58215367.0,16942784.0,17948228.0,0.0,-137686046.0,55045208.68,21407206.68,13.051792639329857,3.4359977085229914,0.0,0.0,0.01249503563114137,13.051792639329857,0.0002564328633117735,2.3486070941788086,379.45464539789333,0.3892185648653419,19.88813213478189,0.0,0.013103102291663435,0.14705980070332922,3.175479307296841,0.00022755400111006146,21.41017995062589,0.4581985575609224,-0.8326545721072557,-0.8333190325833396,3.3263949192522593,6.090819273346103,0.06079162554554732,-0.9511847779853659,71.64657089009017,1.2328073502455783,1.5981243042139448,0.6114899833469303,Advertising Agencies,Communication Services,MCHX
2009Q3,2009,Q3,2009-11-09,2009-09-30,742924.0,22171794.0,-620263.0,0.02,10123549.0,0.4565958442514846,157340016.0,143002059.0,54320173.0,14334530.0,14337957.0,0.0,-137722312.0,164943716.75,131921188.75,4.2568466597258245,3.789463135519616,0.0,0.0,0.005083386258752693,4.2568466597258245,0.005195197923688637,7.439349145585603,55.50490923364974,1.1534359568207335,0.9739300386042179,0.0,0.004386684223301886,0.1409164341256963,3.5891107695892366,0.0047217740209204,35.02662013048789,0.4565958442514846,1.5,2.858716860928693,0.3597023528005725,0.9669888365497353,0.006661524416358402,1.6359795815117317,0.5970423757662693,75.06175654028692,-0.20944786767062476,-0.5170572463306672,Advertising Agencies,Communication Services,MCHX
2009Q2,2009,Q2,2009-08-07,2009-06-30,-1168157.0,21081073.0,-1539276.0,-0.04,10056557.0,0.4770419892763523,155814585.0,142451065.0,48609632.0,13353820.0,13363520.0,0.0,-138465236.0,112968943.08,84237682.08,4.274706810419776,3.640129341267143,0.0,0.0,-0.008100738866372855,4.274706810419776,-0.008200409031690989,5.358785251585628,-24.176746593137736,0.7930368444770841,-0.6131966850346314,0.0,0.006340769245692051,0.13529589030449235,3.3969518834311083,-0.007497096629304632,29.878952499770556,0.4770419892763523,0.20000000000000004,-0.8382474140701326,0.7250413296299807,1.0721982204859237,-0.3163109212533198,0.3017745572871371,0.3333948284351619,-6.086830305442922,-0.2358105637447887,-0.515445997478674,Advertising Agencies,Communication Services,MCHX
2009Q1,2009,Q1,2009-05-11,2009-03-31,-1673037.0,26570949.0,-2309127.0,-0.05,14709255.0,0.5535841042034291,160873238.0,142830298.0,51317316.0,18026562.0,18042940.0,0.0,-137297079.0,119255078.56,93492787.56,4.120044454734037,2.8467611294932444,0.0,0.0,-0.011790854733836443,4.120044454734037,-0.01171346012314558,4.488175358734835,-17.82014960816766,0.8349424472950411,-0.4429698805226663,0.0,0.0062144523231111954,0.16516699315768107,2.5906299825779313,-0.010399722295637513,32.30890565117621,0.5535841042034291,0.9865056397322296,0.3660696266315169,0.35574014909438595,0.9777691869598839,-0.28367411102181883,0.986975249831838,0.9869008590879017,-7.018805208170254,-0.08543535426921336,-0.5295367326516053,Advertising Agencies,Communication Services,MCHX
2008Q4,2008,Q4,2009-03-16,2008-12-31,-128450602.0,34811178.0,-176280797.0,-3.7052516019909785,20534306.0,0.5898767918741503,170269787.0,149307752.0,55926454.0,20938738.0,20962035.0,0.0,-135624042.0,202109624.42000002,174691228.42000002,4.306891354916902,2.67095629163515,0.0,0.0,-0.8605978491812319,4.306891354916902,-0.8603076550238329,5.8058829385204955,-0.39336060180550964,1.3536445476722467,-0.0034138026071687854,0.0,0.0021696393789182025,0.20444718122540437,2.492746936324434,-0.7543945656078139,28.016281719200126,0.5898767918741503,-93.63129004977446,-185.5269779159483,1.0085058253046986,1.3398615861874834,-0.054313876809062904,-95.59113697351019,-99.48870524924324,-83.33051743830396,0.25078185042999346,-0.501299002590137,Advertising Agencies,Communication Services,MCHX
2008Q3,2008,Q3,2008-11-10,2008-09-30,1357956.0,37157530.0,1789858.0,0.04,21713659.0,0.5843676638355672,303841780.0,284080488.0,56926466.0,19719039.0,19761292.0,0.0,-7168546.0,372154036.16999996,343065508.16999996,7.854780379661628,2.886878310854804,0.0,0.0,0.0030676267880850863,7.854780379661628,0.00478018046772716,10.015575205617811,68.51364038488728,1.3100302621628839,0.5918093075180639,0.0,0.002159457971410774,0.12229236545415183,2.6553938049415087,0.004469286613578949,51.667307543969834,0.5843676638355672,3.0,5.551355227152941,1.1165901803318934,2.629509483280151,0.08842654679650996,1.856695676320423,0.6641977558511885,0.9078305855093648,0.44494819584473905,-0.10117021152742446,Advertising Agencies,Communication Services,MCHX
2008Q2,2008,Q2,2008-08-11,2008-06-30,475359.0,37363887.0,1075508.0,0.01,19949586.0,0.5339269439499161,309495683.0,288397963.0,57691491.0,21029507.0,21097720.0,0.0,-8514574.0,450673115.2,421694157.2,7.883902510100296,2.7433591762279543,0.0,0.0,0.0014667797298370789,7.883902510100296,0.0016482744713422265,12.061729958663026,237.01724128500774,1.5626778723121564,1.722466598928389,0.0,0.0018168157193859608,0.12072506678550343,2.516686387369899,0.0015359147998196797,127.29275215608429,0.5339269439499161,1.3333333333333335,1.3583765914155108,1.5276508317200315,0.0,0.09884730453496808,1.381403644748909,1.5749473436614598,-0.41942120089799056,0.7037179938372479,-0.0725647608859581,Advertising Agencies,Communication Services,MCHX
2008Q1,2008,Q1,2008-05-08,2008-03-31,-1246341.0,37042327.0,-1870620.0,-0.03,18155012.0,0.49011532131877134,315195663.0,296003074.0,59006484.0,19104713.0,19192589.0,0.0,-8974655.0,375033809.24,340581523.24,7.876918309062476,3.0885825921593275,0.0,0.0,-0.004965266376637017,7.876918309062476,-0.004210567759171312,10.124466782013991,-75.22696622352952,1.2669929544042506,-0.6723168057538025,0.0,0.002234294560530593,0.1175216900113248,2.892084691353385,-0.0039541819457078,65.43932336604888,0.49011532131877134,-0.29683570819716254,0.2634595896714774,6.510483521474921,0.0,0.07246256440604545,-0.43370799700453116,-0.628357810088468,-2.3603667715035246,0.6206853492836268,-0.1914094745452637,Advertising Agencies,Communication Services,MCHX
2007Q4,2007,Q4,2008-03-11,2007-12-31,-869313.0,37008033.0,-1148777.0,-0.02313323099477686,16928341.0,0.4574234193965402,320194345.0,301888477.0,59443243.0,18200500.0,18305868.0,0.0,-7712206.0,408102922.68,371646615.68,8.033534380714864,3.266022526853658,0.0,0.0,-0.003699275534910899,8.033534380714864,-0.0028795832442455233,11.0274145799643,-117.3636315918432,1.3518333880627051,-0.9451520913641002,0.0,0.0020132984949099604,0.11557990819606762,3.1019690667838797,-0.002714954256921683,46.32591079879783,0.4574234193965402,0.42166922513057853,-2.1520689182359374,0.9698308687754867,3.3644840210077325,0.1533174069548517,0.42847685079872666,0.4495821953907336,-2.1520689182359374,0.9698308687754867,3.3644840210077325,Advertising Agencies,Communication Services,MCHX
2007Q3,2007,Q3,2007-11-09,2007-09-30,-1521046.0,33493588.0,-2087100.0,-0.04,14677955.0,0.4382317893203917,328310133.0,309680017.0,62066259.0,18535508.0,18630116.0,0.0,-6938040.0,412155053.29999995,374958713.29999995,7.9194161348888645,3.348505959480582,0.0,0.0,-0.007190078188512993,7.9194161348888645,-0.004911669841454446,12.30549122715667,-67.74204286063669,1.3309061956684147,-0.5562356431034959,0.0,0.0020527711433497063,0.10201813661352938,3.209889472681299,-0.004632954779985423,41.622586714847216,0.4382317893203917,-5.0,-7.786957646129784,0.7645702555566318,2.659376147300913,-0.18005056575176126,-5.292084292744593,-469.70365358592693,-7.786957646129784,0.7645702555566318,2.659376147300913,Advertising Agencies,Communication Services,MCHX
2007Q2,2007,Q2,2007-08-09,2007-06-30,354384.0,34665637.0,-4434.0,0.01,17901049.0,0.5163917512896128,338135577.0,322628951.0,81446105.0,15426266.0,15506626.0,0.0,-5399103.0,645440880.0,591548617.0,8.147689531688789,5.279703137492897,0.0,0.0,-6.1134851608649845e-06,8.147689531688789,0.0010984259128065665,18.619039944369117,455.3259176486523,2.000567146870834,2.373713260192334,0.0,0.0013033044947509368,0.1025199338903046,5.095046591313802,0.0010480529826058498,-95.32415174041218,0.5163917512896128,0.0,1.2468164482840438,1.1664381491006286,0.0,-0.056954701656127565,-0.35295728667988563,-1.021847638099837,1.469318157354016,1.3872421868737543,2.949657484691758,Advertising Agencies,Communication Services,MCHX
2007Q1,2007,Q1,2007-05-10,2007-03-31,547698.0,34223401.0,202951.0,0.01,18982173.0,0.554654781387741,333802165.0,318334662.0,82664015.0,15384068.0,15467503.0,0.0,-5712113.0,600021833.12,540954876.12,8.127849275885696,5.373352158869813,0.0,0.0,0.0003073985992114328,8.127849275885696,0.0017205100963840374,17.532501609644232,273.8835239128133,1.8848774725009367,1.5566315743347612,0.0,0.0014208882959588795,0.10252600069265579,5.22653501011566,0.0016407862423540602,55.07786424259448,0.554654781387741,1.6955892167988904,1.310550651136515,5.657702640970864,0.0,0.10175095663753919,1.972715212028537,-0.6536087154655821,1.18369076465107,0.5456199324415455,2.901659322056667,Advertising Agencies,Communication Services,MCHX
