Quarters,Year,Quarter,FillingDate,Date,NetIncome,Revenue,OperatingIncome,EPSDiluted,GrossProfit,GrossProfitRatio,TotalAssets,CommonStockEquity,CurrentAssets,CurrentLiability,TotalLiability,Inventory,RetainedEarnings,MarketCap,EnterpriseValue,bookValuePerShare,currentRatio,debtToAssets,debtToEquity,roic,shareholdersEquityPerShare,roe,priceToSalesRatio,peRatio,pbRatio,payoutRatio,inventoryTurnover,dividendYield,assetTurnover,quickRatio,returnOnAssets,priceToFreeCashFlowsRatio,grossProfitMargin,epsdilutedGrowth,fiveYNetIncomeGrowthPerShare,fiveYRevenueGrowthPerShare,fiveYShareholdersEquityGrowthPerShare,grossProfitGrowth,netIncomeGrowth,operatingIncomeGrowth,threeYNetIncomeGrowthPerShare,threeYRevenueGrowthPerShare,threeYShareholdersEquityGrowthPerShare,Industry,Sector,Symbol
2023Q2,2023,Q2,2023-05-03,2023-03-31,41700000.0,16161000000.0,236200000.0,1.95,14814100000.0,0.9166573851,21918900000.0,1247300000.0,13702100000.0,11828400000.0,20671600000.0,572100000.0,1007900000.0,2063355695.31,7633055695.309999,62.58395936944792,1.158406885123939,0.3117674700828965,5.478714022288142,0.020826303687062245,62.58395936944792,0.03343221358133568,0.12767500125672915,12.370237981474821,1.6542577529944682,0.0,2.3543086872924315,0.0,0.7373088978005283,0.4661408136349802,0.0019024677333260337,-1.2425362491328436,0.9166573850628055,-0.4613259668508288,0.710711399159135,1.3128846563140624,1.4893888463761007,42.91965609249926,-0.4556135770234987,0.04007045354469397,0.0047895454929572645,-0.24857144151016916,0.8210655602685017,Capital Markets,Financial Services,SNEX
2023Q1,2023,Q1,2023-02-07,2022-12-31,76600000.0,13011600000.0,227100000.0,3.62,337300000.0,0.0259230225,19832400000.0,1176600000.0,11693900000.0,11041800000.0,18655800000.0,612700000.0,966200000.0,1884254064.8,7197754064.8,59.50894950671198,1.0590574000615842,0.33105423448498417,5.580146183919769,0.02306771582742876,59.50894950671198,0.06510283868774434,0.1448134022564481,6.149654258485639,1.6014397967023626,0.0,20.685980088134485,0.0,0.6560779330792037,0.38082559003061095,0.003862366632379339,1.8198320115897237,0.025923022533739126,0.45381526104417663,11.341912624882125,0.5307472348680824,1.4731489747484035,0.3237833594976452,0.4646271510516252,0.5303234501347709,3.456584350515459,0.09731725831523759,0.8146184268453674,Capital Markets,Financial Services,SNEX
2022Q4,2022,Q4,2022-11-29,2022-09-30,52300000.0,16381000000.0,148400000.0,2.49,254800000.0,0.0155546059,19859600000.0,1070100000.0,12303100000.0,11452700000.0,18789500000.0,513500000.0,889600000.0,1633151717.34,5876951717.34,54.345284064948025,1.07425323286212,0.2695069387097424,5.001682085786375,0.017803538154200868,54.345284064948025,0.048873937015232224,0.09969792548318172,7.806652568546844,1.5261673837398373,2.390057361376673,31.404479065238558,0.07653912289520418,0.8248403794638361,0.4319505444131078,0.0026334870792966624,6.409543631632653,0.015554605945912948,0.050632911392405104,3.072979133613277,0.23747752009257272,1.2249159814463888,0.48225712623618383,0.06517311608961303,1.0930888575458393,0.8320774825265397,0.3837504132953554,0.7159426496349633,Capital Markets,Financial Services,SNEX
2022Q3,2022,Q3,2022-08-03,2022-06-30,49100000.0,18930900000.0,70900000.0,2.37,171900000.0,0.0090803924,19408800000.0,1047300000.0,14089800000.0,11448000000.0,18361500000.0,564200000.0,837300000.0,1532861511.4999998,5053361511.5,53.33992039501998,1.2307651991614257,0.2516487366555377,4.663611190680799,0.008095096778448248,53.33992039501998,0.046882459658168625,0.08097140186150684,7.804793846741344,1.463631730640695,0.0,33.24884792626728,0.0,0.9753771485099543,0.5473008385744235,0.00252978030584065,-0.5869659243729657,0.009080392374372059,-0.259375,2.632336095024046,2.2303620328276326,1.0975577457742796,-0.11024844720496894,-0.2328125,-0.32859848484848486,1.8813972195827648,1.3000657711393666,0.7560007611690598,Capital Markets,Financial Services,SNEX
2022Q2,2022,Q2,2022-05-04,2022-03-31,64000000.0,16382700000.0,105600000.0,3.2,193200000.0,0.0117929279,21195700000.0,1005600000.0,14495300000.0,10852800000.0,20190100000.0,547400000.0,788200000.0,1452968444.3300002,7180068444.33,51.3746105714092,1.3356276721214801,0.3315200724675288,6.987669053301511,0.009461534739780914,51.3746105714092,0.06364359586316627,0.08868919313238967,5.6756579856640625,1.4448771323886238,0.0,29.57526488856412,0.0,0.7729256405780418,0.4110920684063099,0.003019480366300712,0.5411025042194251,0.011792927905656577,0.5238095238095238,4.470516857535603,1.8207869089162578,1.0748528798865697,0.3919308357348703,0.5347721822541966,1.0114285714285713,1.620411495569608,1.182373614293428,0.7460189300558475,Capital Markets,Financial Services,SNEX
2022Q1,2022,Q1,2022-02-07,2021-12-31,41700000.0,14341400000.0,52500000.0,2.1,138800000.0,0.0096782741,19229000000.0,953000000.0,12316600000.0,8697900000.0,18276000000.0,523900000.0,724200000.0,1187227308.75,8181327308.75,49.16602706979301,1.4160429528966763,0.41486816787144415,8.37093389296957,0.0045952945065843845,49.16602706979301,0.04375655823714585,0.08278322261076325,7.117669716726619,1.245778917890871,0.0,27.109372017560602,0.0,0.7458214155702325,0.4489129560008738,0.002168599511155026,-1.954283635802469,0.00967827408760651,4.833333333333334,5.2314454868708395,1.222703107857766,1.0270981890650426,0.40913705583756343,4.712328767123288,-0.7993886129155522,1.2056807686151663,1.1070866386844835,0.7441552762044029,Capital Markets,Financial Services,SNEX
2021Q4,2021,Q4,2021-11-29,2021-09-30,7300000.0,11846800000.0,261700000.0,0.36,98500000.0,0.008314481547759732,18839600000.0,904000000.0,11858100000.0,8767700000.0,17935600000.0,447500000.0,682500000.0,1266262700.8000002,7553362700.8,47.046793656926454,1.3524755637168242,0.3926144928767065,8.182190265486726,0.0461543442090058,47.046793656926454,0.008075221238938054,0.10688647574028431,43.36516098630137,1.400733076106195,0.0,26.2531843575419,0.0,0.6288243911760335,0.43834757119883205,0.00038748168750928893,1.7216352152277365,0.008314481547759732,-0.784431137724551,-0.5873363094246802,3.0505503282487556,0.9790718535482853,-0.18392709196354598,-0.7865497076023392,-0.12181208053691275,-0.5494103301902613,0.8886053910861459,0.7337127993069784,Capital Markets,Financial Services,SNEX
2021Q3,2021,Q3,2021-08-09,2021-06-30,34200000.0,10192100000.0,298000000.0,1.67,120700000.0,0.011842505469922783,16799800000.0,901400000.0,11171500000.0,7872200000.0,15898400000.0,484800000.0,675200000.0,1168228272.84,6354628272.84,46.81271569215825,1.4191077462462844,0.3727425326491982,6.946971377856667,0.030287558849384208,46.81271569215825,0.037940980696694035,0.11462095866798794,8.539680357017545,1.2960153903261593,0.0,20.7743399339934,0.0,0.6066798414266836,0.4755341581768756,0.002035738520696675,1.668659152749607,0.011842505469922783,-0.3882783882783883,1.2066171209481096,0.9720695846545571,1.0436205391383833,-0.19101876675603216,-0.38155515370705245,-0.10831837223219629,0.37628346117245115,0.3828670076820274,0.7850805778658114,Capital Markets,Financial Services,SNEX
2021Q2,2021,Q2,2021-05-10,2021-03-31,55300000.0,11244800000.0,334200000.0,2.73,149200000.0,0.01326835515082527,15799700000.0,860200000.0,11279100000.0,7363600000.0,14939500000.0,450800000.0,641000000.0,1249556682.08,6705756682.08,45.007863033779024,1.53173719376392,0.4087229504357678,7.507207626133457,0.03258119105011275,45.007863033779024,0.06428737502906301,0.111123068625498,5.648990425316455,1.4526350640316203,0.0,24.613132209405503,0.0,0.711709716007266,0.5159976098647401,0.0035000664569580435,1.6308492326807622,0.01326835515082527,1.7857142857142858,2.710113659675877,1.949420516441576,1.0500125663399078,-0.6073684210526316,1.9105263157894736,0.30495900039047247,1.365716329523562,0.6781636982305123,0.7902681991419216,Capital Markets,Financial Services,SNEX
2021Q1,2021,Q1,2021-02-08,2020-12-31,19000000.0,9250000000.0,256100000.0,0.98,380000000.0,0.04108108108108108,2821000000.0,799500000.0,2642000000.0,283000000.0,13175000000.0,439000000.0,585000000.0,1096676720.3999999,63676720.39999986,42.2102969260767,9.335689045936396,0.0,0.0,0.20397820163487743,42.2102969260767,0.023764853033145718,0.11855964544864864,14.42995684736842,1.3717032150093809,0.0,20.20501138952164,0.0,3.278979085430698,16.335689045936395,0.00673520028358738,-7.833405145714285,0.04108108108108108,-0.7487179487179487,1.1257227562423004,1.678621079538303,0.9498239995591211,2.6433365292425695,-0.7545219638242894,0.13218390804597702,3.677763360475827,0.13595469748353745,0.7542294634990647,Capital Markets,Financial Services,SNEX
2020Q4,2020,Q4,2020-12-14,2020-09-30,77400000.0,14284900000.0,226200000.0,3.9,104300000.0,0.0073014161807223015,13474900000.0,767500000.0,8909700000.0,6521700000.0,12707400000.0,281100000.0,572400000.0,965262834.8,5512362834.8,40.67835058431072,1.3661621969731819,0.3993350600004453,7.011074918566775,0.03496336529929709,40.67835058431072,0.10084690553745929,0.06757225005425309,3.117774014211886,1.2576714459934852,0.0,50.44681607968695,0.0,1.0601117633526038,0.4720394989036601,0.0057440129425821345,1.3181248597569302,0.0073014161807223015,1.085561497326203,2.6255943386657727,4.3716344524222075,0.9102895579169328,0.09329140461215933,1.1147540983606556,-0.007459412022817025,4.201707505263257,0.12621566590516062,0.6653866820485913,Capital Markets,Financial Services,SNEX
2020Q3,2020,Q3,2020-08-07,2020-06-30,36600000.0,8243400000.0,227900000.0,1.87,95400000.0,0.011572894679379867,12389500000.0,688800000.0,6043600000.0,5062200000.0,11700700000.0,270200000.0,495000000.0,1034390720.0,1489290720.0,36.62445850248927,1.1938682786140413,0.06721013761653012,1.2089140534262486,0.1058035595368112,36.62445850248927,0.05313588850174216,0.12548107819589005,7.065510382513661,1.5017286875725901,0.0,30.155440414507773,0.0,0.6653537269462044,0.17413377582869108,0.0029541143710399937,28.574329281767955,0.011572894679379867,-0.06499999999999995,1.9827134470038557,1.0514880753115552,0.7908760654604737,-0.10590440487347703,-0.06870229007633588,-0.06368118323746919,1.8267176707587953,0.46853101783704937,0.4402330571130254,Capital Markets,Financial Services,SNEX
2020Q2,2020,Q2,2020-05-07,2020-03-31,39300000.0,20366300000.0,243400000.0,2.0,106700000.0,0.005239046856817389,10870900000.0,648600000.0,5796800000.0,5156100000.0,10222300000.0,255200000.0,458400000.0,684332657.8741261,658332657.8741261,34.3666701160503,1.1242605845503384,0.04225041164944945,0.7081406105457909,0.14929529850959414,34.3666701160503,0.06059204440333025,0.03360122643161134,4.353261182405382,1.0550919794544034,0.0,79.3871473354232,0.0,1.873469537940741,0.8466670545567386,0.0036151560588359747,1.369487007953024,0.005239046856817389,1.3809523809523812,1.9791993130774421,0.3897451182444588,0.729867592751802,0.6045112781954888,1.4110429447852761,0.42756598240469207,2.4840001792465625,2.6369235265535473,0.38795766370405343,Capital Markets,Financial Services,SNEX
2020Q1,2020,Q1,2020-02-05,2019-12-31,16300000.0,11245000000.0,170500000.0,0.84,66500000.0,0.005913739439751001,10129300000.0,614900000.0,4688500000.0,4124000000.0,9514400000.0,249700000.0,419100000.0,915575721.60054,938275721.60054,32.79419443026687,1.1368816682832201,0.03212462855281214,0.5291917384940641,0.13115353668349058,32.79419443026687,0.02650837534558465,0.08142069556252024,14.042572417186197,1.4889831218093024,0.0,44.767721265518624,0.0,1.1101458146170022,0.7416100872938894,0.0016091931327929868,1.3751512790635927,0.005913739439751001,-0.39999999999999997,0.7123333928955964,-0.185172888667424,0.7104276766508457,-0.024926686217008796,-0.4007352941176471,-0.016724336793540944,1.5180283092812352,0.8016466826541601,0.35209322581778313,Capital Markets,Financial Services,SNEX
2019Q4,2019,Q4,2019-12-12,2019-09-30,27200000.0,11279600000.0,173400000.0,1.4,68200000.0,0.006046313699067342,9936100000.0,594200000.0,4721400000.0,4023600000.0,9341900000.0,229300000.0,402100000.0,770357843.301759,3516657843.301759,31.67080442723947,1.173426781986281,0.037227886192771814,0.6225176708179064,0.14346353747633897,31.67080442723947,0.04577583305284416,0.06829655690820233,7.080494883288226,1.2964622068356766,0.0,48.89402529437418,0.0,1.135214017572287,0.9318520727706532,0.002737492577570677,-5.853783003812758,0.006046313699067342,0.6666666666666666,3.628107719280074,0.04465830707105282,0.6977465725393063,0.05409582689335394,0.6687116564417178,0.04710144927536232,0.5747337976146053,2.949767406214503,0.33226502273984804,Capital Markets,Financial Services,SNEX
2019Q3,2019,Q3,2019-08-09,2019-06-30,16300000.0,7873000000.0,165600000.0,0.84,64700000.0,0.008217960116855074,10054900000.0,570500000.0,4722000000.0,3974200000.0,9484400000.0,347800000.0,374900000.0,743931312.3914009,3613431312.391401,30.375795714068403,1.1881636555784811,0.050462958358611226,0.8893952673093778,0.11593530630547051,30.375795714068403,0.02857142857142857,0.09449146607283132,11.409989453855843,1.303998794726382,0.0,22.450546290971822,0.0,0.7830013227381675,0.840496200493181,0.0016211001601209361,1.619001767989991,0.008217960116855074,-0.30578512396694213,3.5732945025164593,0.10366055532102074,0.6482158768998716,-0.03863298662704309,-0.3034188034188034,0.002421307506053269,0.07823695892708624,0.5617968502088494,0.32606278221839025,Capital Markets,Financial Services,SNEX
2019Q2,2019,Q2,2019-05-09,2019-03-31,23400000.0,7192200000.0,165200000.0,1.21,67300000.0,0.009357359361530548,9407700000.0,551800000.0,4088200000.0,3709400000.0,8855900000.0,279800000.0,358600000.0,760266503.35349,3446666503.35349,29.423856572829912,1.1021189410686365,0.04555842554503226,0.7767306995288148,0.12760395004218608,29.423856572829912,0.042406669083001086,0.10570708591995356,8.122505377708226,1.3777935907094778,0.0,25.464260185847035,0.0,0.7645014190503524,0.8397045344260528,0.002487324213144552,10.371985038928923,0.009357359361530548,0.2872340425531915,2.0960528413644606,-0.15567471588185514,0.6204934302601565,0.12353923205342238,0.2857142857142857,0.1087248322147651,0.5999517448899304,0.9225412241720445,0.3401941718320187,Capital Markets,Financial Services,SNEX
2019Q1,2019,Q1,2019-02-07,2018-12-31,18200000.0,6552200000.0,149000000.0,0.94,59900000.0,0.0091419675834071,8710500000.0,526000000.0,4319100000.0,3639100000.0,8184500000.0,222500000.0,335200000.0,682573619.159496,2914473619.159496,28.189019487294257,1.1868593883102965,0.04998564950347282,0.8277566539923954,0.11560156465809765,28.189019487294257,0.03460076045627376,0.10417472286552547,9.376011252190878,1.297668477489536,0.0,29.178876404494382,0.0,0.752218586763102,0.7878596356241928,0.002089432294357385,-3.1382695133769927,0.0091419675834071,0.16049382716049368,6.279192400669077,-0.17466954668488616,0.5592696375027018,0.05087719298245614,0.1592356687898089,0.046348314606741575,1.0668963360452282,0.9259764899793882,0.302137883953397,Capital Markets,Financial Services,SNEX
2018Q4,2018,Q4,2018-12-12,2018-09-30,15700000.0,6078800000.0,142400000.0,0.81,57000000.0,0.009376850694215963,7824700000.0,505300000.0,4500100000.0,3883100000.0,7319400000.0,222500000.0,317000000.0,903290992.9385641,2012490992.938564,27.136440173789218,1.1588936674306611,0.0453947116183368,0.7029487433207995,0.12673743285951164,27.136440173789218,0.03107065109835741,0.14859692586342108,14.383614537238282,1.787633075279169,0.0,27.064269662921348,0.0,0.7768732347566041,0.44570060003605366,0.002006466701598783,91.2415144382388,0.009376850694215963,-0.352,8.246703382632562,-0.11744007742111465,0.5084205327064935,-0.15805022156573117,-0.3458333333333333,-0.07891332470892626,-0.25482799977288106,1.3161449073687725,0.2743500549656193,Capital Markets,Financial Services,SNEX
2018Q3,2018,Q3,2018-08-06,2018-06-30,24000000.0,7118300000.0,154600000.0,1.25,67700000.0,0.00951069777896408,7284900000.0,487700000.0,4168100000.0,3626100000.0,6797200000.0,212800000.0,301300000.0,961659383.5528351,1920359383.552835,26.224427217804433,1.1494718843937013,0.04949964996087798,0.7393889686282551,0.13294602794002092,26.224427217804433,0.04921058027475907,0.13509677641471068,10.01728524534203,1.971825678804255,0.0,33.13251879699248,0.0,0.9771307773613914,0.42012079093240673,0.003294485854301363,-73.40911324830802,0.00951069777896408,0.05932203389830514,7.517724072459432,-0.3592372739482226,0.4510308488507611,0.024205748865355523,0.05726872246696035,0.0019442644199611147,0.9779571108875125,0.7914887784374718,0.2823315607952017,Capital Markets,Financial Services,SNEX
2018Q2,2018,Q2,2018-05-08,2018-03-31,22700000.0,6507000000.0,154300000.0,1.18,66100000.0,0.010158291071154141,7203700000.0,466600000.0,4021000000.0,3452100000.0,6737100000.0,286300000.0,277300000.0,792134355.32,1921234355.3200002,25.14029074266714,1.1647982387532227,0.047267376487083027,0.7297471067295328,0.14711007604123572,25.14029074266714,0.04864980711530219,0.12173572388504689,8.723946644493392,1.697673286155165,0.0,22.49703108627314,0.0,0.9032858114580008,0.49065786043278004,0.003151158432472202,7.480022240982059,0.010158291071154141,4.189189189189189,13.98747975445993,-0.5085611965348902,0.4037149303539891,0.2448210922787194,4.2898550724637685,0.1841903300076746,0.7498382983777343,-0.5484884349853587,0.2654520813695922,Capital Markets,Financial Services,SNEX
2018Q1,2018,Q1,2018-02-07,2017-12-31,-6900000.0,7918600000.0,130300000.0,-0.37,53100000.0,0.0067057308110019444,6808900000.0,443200000.0,3924600000.0,3380300000.0,6365700000.0,244700000.0,254600000.0,783363113.7409279,1539663113.740928,24.062015719358715,1.1610212111351064,0.06210988559091777,0.9541967509025271,-0.05581006439694439,24.062015719358715,-0.015568592057761732,0.09892697114905766,-28.382721512352465,1.7675160508594945,0.0,32.143440948099716,0.0,1.1629778672032194,0.367570925657486,-0.0010133795473571355,-4.140397007087357,0.0067057308110019444,0.711226413559322,-1.5144950417721974,-0.3826064188509097,0.35113714138063146,-0.08605851979345955,0.7076271186440678,-0.006102212051868803,-1.7378865475311955,-0.4158905981068511,0.25498852334711664,Capital Markets,Financial Services,SNEX
2017Q4,2017,Q4,2017-12-14,2017-09-30,-23600000.0,12382500000.0,131100000.0,-1.2812806204351663,58100000.0,0.0046921057944679994,6243400000.0,449900000.0,3827300000.0,3341500000.0,5793500000.0,124800000.0,261500000.0,705818839.04,1114318839.04,24.425769115838193,1.1453838096663176,0.03687093570810776,0.511669259835519,0.20218987403813166,24.425769115838193,-0.052456101355856856,0.057001319526751464,-7.476894481355933,1.5688349389642142,0.0,98.75320512820512,0.0,1.9832943588429381,0.31476881639982046,-0.003779991671204792,33.13703469671361,0.0046921057944679994,-2.9413342733866155,-3.819795769363669,-0.30497211039975247,0.3982117034780997,0.21548117154811716,-2.858267716535433,0.06326034063260341,-5.09027365578012,0.16813949400378422,0.30936888241412075,Capital Markets,Financial Services,SNEX
2017Q3,2017,Q3,2017-08-08,2017-06-30,12700000.0,5505900000.0,123300000.0,0.66,47800000.0,0.008681596105995388,6195900000.0,469100000.0,3585600000.0,3132900000.0,5726800000.0,172500000.0,285100000.0,696560684.3858941,1276460684.385894,25.429536089043598,1.1444987072680264,0.03949385884213754,0.521637177574078,0.14625105071448585,25.429536089043598,0.027073118738008953,0.12651168462665396,13.711824495785317,1.4848874107565426,0.0,31.641159420289856,0.0,0.8886360335060282,1.07750007979827,0.0020497425717006406,25.60884869065787,0.008681596105995388,0.13793103448275876,1.6941840393670171,-0.6836100334783329,0.5015118980991691,0.010570824524312896,0.15454545454545454,-0.004842615012106538,2.627824551240167,-0.2141772840152757,0.3798277259531329,Capital Markets,Financial Services,SNEX
2017Q2,2017,Q2,2017-05-10,2017-03-31,11000000.0,5460800000.0,123900000.0,0.58,47300000.0,0.0086617345443891,6528600000.0,455700000.0,3629000000.0,3189000000.0,6072900000.0,181700000.0,272400000.0,698624780.1557641,1478124780.155764,24.760604026160063,1.1379742866102227,0.040345556474588734,0.5780118499012509,0.13253746670517633,24.760604026160063,0.02413868773315778,0.1279345114554212,15.877835912631001,1.5330804918932721,0.0,29.793615850302697,0.0,0.8364427289158471,0.9953590467231107,0.0016848941580124375,10.139692019677273,0.0086617345443891,0.7058823529411762,3.558362904424105,-0.6796030292857489,0.4997263525992884,0.08237986270022883,0.746031746031746,0.08398950131233596,0.4830285085817563,-0.34676624593093486,0.3636688329536164,Capital Markets,Financial Services,SNEX
2017Q1,2017,Q1,2017-02-08,2016-12-31,6300000.0,6074400000.0,114300000.0,0.34,43700000.0,0.007194126168839721,6290700000.0,442600000.0,3589700000.0,3067800000.0,5848100000.0,212100000.0,261400000.0,722630425.903512,1526930425.903512,24.25438853184997,1.1701219114675012,0.04969240307120034,0.7062810664256666,0.11351297669491525,24.25438853184997,0.014234071396294623,0.11896325989455946,28.675810551726666,1.6326941389595842,0.0,28.433286185761432,0.0,0.9656159091992942,1.0316839428906708,0.0010014783728360913,-6.0420604172534444,0.007194126168839721,-0.6306903,16.676848235369935,-0.6503153711833812,0.48281494210697773,-0.024553571428571428,-0.625,0.02972972972972973,1.5765409844366394,-0.21760006339498567,0.34162636025540893,Capital Markets,Financial Services,SNEX
2016Q4,2016,Q4,2016-12-14,2016-09-30,16800000.0,2777600000.0,111000000.0,0.9206365280955252,44800000.0,0.016129032258064516,5951300000.0,433800000.0,3552200000.0,3282700000.0,5517500000.0,123800000.0,255100000.0,708944242.903512,1230644242.903512,23.7721503504666,1.0820970542541202,0.038361366424142625,0.5262793914246197,0.14669234254644314,23.7721503504666,0.03872752420470263,0.2552362625660686,10.5497655193975,1.6342651980256153,0.0,22.074313408723746,0.0,0.46672155663468484,0.8839370030767356,0.002822912640935594,1012.77748986216,0.016129032258064516,0.1803032411481092,1.229596193474835,-0.8851411160633477,0.45725680525496526,-0.06471816283924843,0.1506849315068493,-0.05370843989769821,9.096524407563624,-0.5884985267027422,0.32141133713864606,Capital Markets,Financial Services,SNEX
2016Q3,2016,Q3,2016-08-03,2016-06-30,14600000.0,4868500000.0,117300000.0,0.78,47900000.0,0.009838759371469653,6065900000.0,415500000.0,3303600000.0,4521700000.0,5650400000.0,106600000.0,238300000.0,495006614.798754,1013306614.798754,22.90675533721886,0.7306101687418449,0.04238447715920144,0.6187725631768953,0.11898171692497518,22.90675533721886,0.03513838748495788,0.10167538560105864,8.476140664362227,1.191351660165473,0.0,45.22138836772983,0.0,0.8026014276529452,0.6300285290930402,0.002406897574968265,4.443506416505871,0.009838759371469653,0.026315789473684233,0.3854926616068726,-0.7664532555751808,0.4490030711398464,0.0041928721174004195,0.006896551724137931,0.03897254207263064,4.312567665893699,-0.5506803408437464,0.26745985204264,Capital Markets,Financial Services,SNEX
2016Q2,2016,Q2,2016-05-04,2016-03-31,14500000.0,3708900000.0,112900000.0,0.76,47700000.0,0.012860956078621694,5657900000.0,408200000.0,2933500000.0,4018800000.0,5249700000.0,31200000.0,223700000.0,496981347.39,1192181347.3899999,21.954920556480324,0.7299442619687468,0.034818572261793246,0.4826065654091132,0.13524867812293456,21.954920556480324,0.035521803037726604,0.13399696605192915,8.56864392051724,1.2174947265801077,0.0,117.34615384615384,0.0,0.6555259018363704,0.6649248531900069,0.0025627883136852894,-7.530020415,0.012860956078621694,0.6521739130434782,-0.09701793785406856,-0.7560897283681145,0.44562677064807366,0.20454545454545456,0.6477272727272727,0.09931840311587146,8.556614391330305,-0.7203807475808874,0.225858924835871,Capital Markets,Financial Services,SNEX
2016Q1,2016,Q1,2016-02-09,2015-12-31,8800000.0,3399900000.0,102700000.0,0.46,39600000.0,0.011647401394158652,5217300000.0,403700000.0,3165800000.0,3945300000.0,4813600000.0,47900000.0,209200000.0,623967080.35185,870367080.35185,21.64826001506852,0.8024231363901351,0.035727291894274815,0.46172900668813477,0.12657330806797,21.64826001506852,0.021798365122615803,0.18352512731311216,17.72633750999574,1.5456207093184295,0.0,70.15240083507307,0.0,0.6516589040308205,0.673282133171115,0.001686696183849884,-6.987313329807951,0.011647401394158652,-0.593452654028436,1.0554755082943887,-0.804769861552036,0.49793389901517193,-0.3230769230769231,-0.5829383886255924,-0.19324430479183033,-0.35189291832230163,-0.7381745615085741,0.21559924545689102,Capital Markets,Financial Services,SNEX
2015Q4,2015,Q4,2015-12-09,2015-09-30,21100000.0,2628400000.0,127300000.0,1.1314795301410596,58500000.0,0.022256886318672956,5070000000.0,397100000.0,3175200000.0,3010200000.0,4672900000.0,32800000.0,200400000.0,460422842.14814997,604722842.14815,21.294337508010177,1.0548136336456049,0.01717948717948718,0.21934021657013347,0.18997796110516993,21.294337508010177,0.05313523042054898,0.17517228814037056,5.455246944883293,1.1594632136694787,0.0,78.35060975609755,0.0,0.5184220907297831,0.9005381702212477,0.0041617357001972385,14.616598163433332,0.022256886318672956,0.8249669840984832,5.358801611241151,-0.8444339834369055,0.529817858481286,0.4408866995073892,0.7295081967213115,0.2311411992263056,1.490118980438287,-0.85428060966512,0.21895821500279414,Capital Markets,Financial Services,SNEX
2015Q3,2015,Q3,2015-08-06,2015-06-30,12200000.0,3995100000.0,103400000.0,0.62,40600000.0,0.01016244900002503,4486800000.0,382400000.0,2686800000.0,3460800000.0,4104400000.0,46100000.0,179300000.0,621545955.5574679,815345955.5574679,20.450582376325585,0.7763522884882108,0.026856557011678703,0.3151150627615063,0.1458378613344925,20.450582376325585,0.03190376569037657,0.15557707080109834,12.736597449948114,1.6253816829431693,0.0,85.78091106290672,0.0,0.890411874832843,0.611708275543227,0.002719087099937595,-135.1186859907539,0.01016244900002503,-0.07462686567164185,0.6881294233489881,-0.7390269968789106,0.4079358562526777,-0.09375,-0.06153846153846154,-0.04170528266913809,1.553278337885608,-0.7735163634821852,0.2075246930808215,Capital Markets,Financial Services,SNEX
2015Q2,2015,Q2,2015-05-07,2015-03-31,13000000.0,14442000000.0,107900000.0,0.67,44800000.0,0.003102063426118266,4462600000.0,369500000.0,2763200000.0,3388500000.0,4093100000.0,59600000.0,167100000.0,552948597.03,737648597.03,19.866647748098003,0.8154640696473365,0.020458925290189577,0.24709066305818675,0.1681797690300798,19.866647748098003,0.035182679296346414,0.03828753614665559,10.633626865961538,1.4964779351285522,0.0,241.56375838926175,0.0,3.2362300004481694,0.6944665781319168,0.002913099986554923,-24.46675208097345,0.003102063426118266,0.36734693877551033,0.635870257774401,0.48479265891394424,0.408983823421075,0.21739130434782608,0.3829787234042553,0.157725321888412,4.330740077165036,-0.16153022210352078,0.20330405244360658,Capital Markets,Financial Services,SNEX
2015Q1,2015,Q1,2015-02-09,2014-12-31,9400000.0,13627700000.0,93200000.0,0.49,36800000.0,0.0027003823095606743,3127200000.0,355000000.0,2830000000.0,2450600000.0,2772200000.0,45100000.0,154100000.0,380864410.96,197264410.95999998,19.173096224963178,1.154819227944177,0.03025070350473267,0.26647887323943664,0.14327768473937616,19.173096224963178,0.02647887323943662,0.027947812980913873,10.129372631914894,1.0728574956619719,0.0,301.35033259423506,0.0,4.3577961115374775,0.8722353709295683,0.003005883857764134,15.545486161632653,0.0027003823095606743,0.5642428827586207,3.082199276196714,0.5873862276218677,0.40123991045654034,0.11515151515151516,0.6206896551724138,0.07497116493656286,24.05319035460398,-0.22681984592744933,0.17216533954244437,Capital Markets,Financial Services,SNEX
2014Q4,2014,Q4,2014-12-10,2014-09-30,5800000.0,10655700000.0,86700000.0,0.313250586210666,33000000.0,0.003096934035305048,3039700000.0,345400000.0,2705300000.0,2362300000.0,2694300000.0,40000000.0,144700000.0,320688944.96,157388944.95999998,18.654612496062764,1.145197477035093,0.02237062868046189,0.19687319050376376,0.1559487923784005,18.654612496062764,0.01679212507237985,0.030095530557354276,13.822799351724138,0.9284567022582513,0.0,265.5675,0.0,3.5055104122117315,0.9386191423612581,0.0019080830345099846,1.6624621304302747,0.003096934035305048,0.7402810345037,-0.8327454767488546,-0.4872708377753233,-0.3034466904011495,0.23134328358208955,0.6571428571428571,0.14078947368421052,-0.24137018974920227,-0.5657279772568663,0.143546570609175,Capital Markets,Financial Services,SNEX
2014Q3,2014,Q3,2014-08-06,2014-06-30,3500000.0,7005100000.0,76000000.0,0.18,26800000.0,0.0038257840716049737,3184100000.0,339900000.0,2784300000.0,2447100000.0,2844200000.0,52000000.0,138900000.0,367389659.52000004,394189659.52000004,18.429500734577452,1.1377957582444527,0.039100530762224806,0.3662842012356575,0.15137812230835487,18.429500734577452,0.010297146219476317,0.0524460263979101,26.242118537142858,1.08087572674316,0.0,134.1980769230769,0.0,2.200025124839044,0.9445874708839034,0.0010992117081749945,-3.4659401841509436,0.0038257840716049737,-0.5384615384615385,-0.5299647816464126,-0.5561369782040163,0.951658956858445,-0.1927710843373494,-0.5333333333333333,-0.11525029103608847,-0.673345026600676,-0.6695065633535134,0.16578724358170055,Capital Markets,Financial Services,SNEX
2014Q2,2014,Q2,2014-05-07,2014-03-31,7500000.0,8452900000.0,85900000.0,0.39,33200000.0,0.003927646133279703,3015100000.0,337900000.0,2717900000.0,2373600000.0,2677200000.0,67900000.0,135400000.0,350045616.89045,266845616.89045,18.15734394437265,1.1450539265251096,0.02852310039468011,0.25451316957679787,0.1514897495974733,18.15734394437265,0.02219591595146493,0.041411304628050725,11.668187229681667,1.0359444122238828,0.0,124.00147275405007,0.0,2.803522271234785,0.814922480620155,0.0024874796855825676,3500.4561689045,0.003927646133279703,2.2500000000000004,-0.1059590371610275,-0.7388150761603176,1.0317541242087522,0.20727272727272728,2.0,0.16238159675236807,-0.5333646420265925,-0.44461268538099963,0.1955744691639104,Capital Markets,Financial Services,SNEX
2014Q1,2014,Q1,2014-02-10,2013-12-31,2500000.0,7938000000.0,73900000.0,0.12,27500000.0,0.0034643487024439406,2743900000.0,337300000.0,2441000000.0,2089400000.0,2406600000.0,26600000.0,127900000.0,344980466.21999997,255780466.21999997,18.07834822746968,1.1682779745381449,0.03852181201938846,0.31337088645123035,0.1042607223476298,18.07834822746968,0.007411799584939223,0.04345936838246409,34.498046622,1.022770430536614,0.0,297.3872180451128,0.0,2.8929625715222858,1.0526466928304776,0.0009111119209883743,8.35303792300242,0.0034643487024439406,1.9999999999999996,-0.640493443194937,-0.6424738308638277,1.1485269976598533,1.444264943457189,0.47058823529411764,2.8383084577114426,-0.41635629846329214,-0.5444144157338656,0.2509167309187073,Capital Markets,Financial Services,SNEX
2013Q4,2013,Q4,2014-01-15,2013-09-30,1700000.0,6896200000.0,-40200000.0,0.04,-61900000.0,-0.008975957773846466,2848000000.0,335400000.0,2555600000.0,2226200000.0,2512600000.0,59000000.0,125400000.0,381264133.54372203,331664133.54372203,17.989970028516836,1.1479651423951127,0.03739466292134831,0.31753130590339895,0.09097080787508487,17.989970028516836,0.005068574836016696,0.055286118955906446,56.068254932900295,1.13674458420907,0.0,117.93389830508474,0.0,2.4214185393258427,0.9195939268709011,0.0005969101123595506,-33.74018880917894,-0.008975957773846466,-0.7333333333333333,-0.6276270935856874,-0.5480496121932181,1.0399856387951847,-2.111310592459605,-0.39285714285714285,-1.338099243061396,1.3512664763684705,-0.5917405404389955,0.2924270319663891,Capital Markets,Financial Services,SNEX
2013Q3,2013,Q3,2013-08-07,2013-06-30,2800000.0,11039500000.0,118900000.0,0.15,55700000.0,0.00504551836586802,2907400000.0,334000000.0,2606900000.0,2244800000.0,2573400000.0,58600000.0,129600000.0,321563205.59999996,247863205.59999996,18.0729632582068,1.1613061297220242,0.05007910848180505,0.4359281437125748,0.16930775646371976,18.0729632582068,0.008383233532934131,0.0291284211784954,28.711000499999997,0.9627640886227545,0.0,187.4368600682594,0.0,3.797035151681915,1.0055684248039916,0.0009630597784962509,7.979235870967741,0.00504551836586802,0.8749999999999999,-0.8109581154561538,-0.12182980434256349,1.3763331373313814,0.054924242424242424,0.8666666666666667,0.039335664335664336,-0.6079882878798819,-0.27035361521828005,0.2442468645500968,Capital Markets,Financial Services,SNEX
2013Q2,2013,Q2,2013-05-08,2013-03-31,1500000.0,13113100000.0,114400000.0,0.08,52800000.0,0.004026507843301736,3160400000.0,329200000.0,2858400000.0,2367800000.0,2831200000.0,152000000.0,126800000.0,313579346.87902904,277579346.87902904,17.909826417766503,1.2071965537629867,0.0715099354512087,0.6865127582017011,0.22076986414162206,17.909826417766503,0.004556500607533414,0.023913441282307695,52.26322447983817,0.9525496563761514,0.0,85.92302631578947,0.0,4.149189975952411,0.9815440493284906,0.0004746234653841286,-18.44584393406053,0.004026507843301736,-0.8823529411764707,-0.885381894356319,0.726333071465847,1.6449362066636788,-0.21311475409836064,-0.8872180451127819,-0.06382978723404255,-0.8090066859053546,0.364159794508537,0.27020199999913636,Capital Markets,Financial Services,SNEX
2013Q1,2013,Q1,2013-02-07,2012-12-31,13300000.0,12719500000.0,122200000.0,0.68,67100000.0,0.005275364597665003,2939600000.0,325300000.0,2656700000.0,2185400000.0,2614300000.0,133900000.0,125300000.0,318016944.58,264716944.57999998,17.8087145874559,1.2156584606936944,0.08212001632875221,0.7420842299415924,0.15254985000882298,17.8087145874559,0.040885336612357825,0.02500231491646684,5.9777621161654135,0.9776112652320934,0.0,94.49141150112024,0.0,4.32694924479521,0.9797291113754919,0.004524425091849231,11.357748020714284,0.005275364597665003,0.4965192578313254,-0.5327955067890666,1.671408403575815,1.957296963206626,0.147008547008547,0.6024096385542169,0.03559322033898305,3.9862811308977197,0.5018089729146793,0.30152591637142906,Capital Markets,Financial Services,SNEX
2012Q4,2012,Q4,2012-12-12,2012-09-30,8300000.0,17668100000.0,118000000.0,0.4543877377063755,58500000.0,0.0033110521221863132,2958900000.0,319100000.0,2657400000.0,2244200000.0,2639800000.0,131600000.0,112000000.0,351809669.88000005,333709669.88000005,17.469292421940292,1.1841190624721505,0.07374362094021426,0.6837981823879662,0.173601694539718,17.469292421940292,0.026010654967094954,0.019912139385672486,10.596676803614459,1.1025060165465372,0.0,133.8115501519757,0.0,5.9711717192199805,0.9661794848943944,0.0028050964885599377,-28.602412185365857,0.0033110521221863132,0.975598859592937,55.43358009059334,2.8061590113011996,3.0245015593334807,-0.0034071550255536627,0.7659574468085106,-0.046849757673667204,-0.7573878301056516,-0.13825158229750456,-0.3477059115850911,Capital Markets,Financial Services,SNEX
2012Q3,2012,Q3,2012-08-08,2012-06-30,4700000.0,17351100000.0,123800000.0,0.23,58700000.0,0.0033830708139541586,2734400000.0,311500000.0,2482300000.0,2071000000.0,2422900000.0,100700000.0,103700000.0,355901125.05,317601125.05,16.935953768488936,1.1985997102848864,0.06414569923932124,0.5630818619582665,0.20254742038005927,16.935953768488936,0.015088282504012842,0.02051173268841745,18.930910906914896,1.1425397272873197,0.0,171.7219463753724,0.0,6.345487126974839,0.8744084983099951,0.0017188414277355178,5.3198972354260095,0.0033830708139541586,0.9166666666666669,1.5597583984748442,4.479027049548611,2.9275735030923955,0.10964083175803403,0.9583333333333334,0.03511705685618729,-0.3670791303880988,0.1024295401890389,0.7934943730297317,Capital Markets,Financial Services,SNEX
2012Q2,2012,Q2,2012-05-09,2012-03-31,2400000.0,16951000000.0,119600000.0,0.12,52900000.0,0.0031207598371777476,2531400000.0,302200000.0,2209200000.0,1814300000.0,2229200000.0,104900000.0,99000000.0,386213724.8,398313724.8,16.510081311330964,1.2176597034669019,0.07679544915856838,0.6432825943084051,0.1605584642233857,16.510081311330964,0.007941760423560556,0.022784126293434015,40.23059633333334,1.2780070311052283,0.0,161.08770257387988,0.0,6.6962945405704355,0.91980378107259,0.0009480919649205973,-2.084261871559633,0.0031207598371777476,6.999999999999999,0.545318619168591,14.286165197152078,2.5685216008602136,0.24178403755868544,7.0,169.85714285714286,-0.7091306103682,-0.4674893213700108,0.8474302132561998,Capital Markets,Financial Services,SNEX
2012Q1,2012,Q1,2012-02-08,2011-12-31,-400000.0,17290400000.0,700000.0,-0.02,42600000.0,0.00246379493823162,2414800000.0,297100000.0,2144900000.0,1775200000.0,2117700000.0,113600000.0,96600000.0,428113435.73,255713435.73000002,16.35698956296337,1.2082582244254167,0.04799569322511181,0.39010434197239985,0.0012106537530266344,16.35698956296337,-0.0013463480309660047,0.024760181125364364,-267.57089733125,1.4409742030629418,0.0,151.82922535211267,0.0,7.160178896803048,0.877196935556557,-0.00016564518800728838,14.318175108026756,0.00246379493823162,-1.0484359706666666,0.8841223280961452,187.82338857840128,2.6309428431016624,-0.19011406844106463,-1.0533333333333332,-0.9935245143385754,-1.059086071630908,-0.20005505242419502,0.9439515841976935,Capital Markets,Financial Services,SNEX
2011Q4,2011,Q4,2011-12-14,2011-09-30,7500000.0,24070400000.0,108100000.0,0.4129162629492605,52600000.0,0.002185256580696623,2635700000.0,296300000.0,2287300000.0,1869800000.0,2338100000.0,160600000.0,97000000.0,377074031.64000005,233874031.64000005,16.312945161582117,1.2232859129318643,0.029366012823917743,0.2612217347283159,0.1691113809925691,16.312945161582117,0.02531218359770503,0.015665465951542144,12.569134388,1.2726089491731354,0.0,149.55043586550437,0.0,9.13245058238798,1.0735372767140872,0.002845543878286603,2.9855426099762474,0.002185256580696623,-0.24924315827407192,2.6836544870510113,635.8512999383355,2.8447857081771484,-0.009416195856873822,-0.27884615384615385,0.025616698292220113,0.6862569775328009,0.6191890785072373,0.8498181933227209,Capital Markets,Financial Services,SNEX
2011Q3,2011,Q3,2011-08-09,2011-06-30,10400000.0,20573400000.0,105400000.0,0.55,53100000.0,0.0025810026539123333,2830700000.0,283000000.0,2593700000.0,2102300000.0,2546400000.0,247900000.0,89500000.0,433398032.828387,419698032.828387,15.808631322775216,1.2337439946725015,0.04574840145547038,0.4575971731448763,0.15212751795410753,15.808631322775216,0.03674911660777385,0.021065941109801346,10.418221942990073,1.5314418121144415,0.0,82.77652279144816,0.0,7.267954922810612,1.0854778100175997,0.0036740028968099765,-5.687638226094318,0.0025810026539123333,-0.32098765432098764,0.363100866923825,207.99368167405953,2.399373797199747,-0.12376237623762376,-0.3246753246753247,-0.06725663716814159,-0.2751330763726467,0.68950817090494,1.0786062546277169,Capital Markets,Financial Services,SNEX
2011Q2,2011,Q2,2011-05-10,2011-03-31,15400000.0,14583000000.0,113000000.0,0.81,60600000.0,0.004155523554824111,2271900000.0,270800000.0,1745100000.0,1403000000.0,1999800000.0,163000000.0,79100000.0,453261172.96000004,360261172.96000004,15.187129210839078,1.2438346400570206,0.018486729169417668,0.155096011816839,0.23721776450830376,15.187129210839078,0.0568685376661743,0.031081476579578965,7.358135924675325,1.673785719940916,0.0,89.09447852760736,0.0,6.418856463752806,1.1364219529579473,0.006778467362119811,2.9586238443864232,0.004155523554824111,2.681818181818182,4.991016129689049,249.7508757952337,2.703473004036453,0.3466666666666667,2.85,0.16856256463288521,0.21304850209128218,0.9790718924629619,1.242846300574992,Capital Markets,Financial Services,SNEX
2011Q1,2011,Q1,2011-02-09,2010-12-31,4000000.0,16270800000.0,96700000.0,0.22,45000000.0,0.0027656906851537726,2033300000.0,251800000.0,1529800000.0,1371400000.0,1779900000.0,153700000.0,63700000.0,411185112.8,533285112.8,14.452079647373848,1.1155024063001313,0.09841144936802243,0.7946783161239078,0.13782110186369417,14.452079647373848,0.015885623510722795,0.025271351918774738,25.69906955,1.6329829737887214,0.0,105.5679895901106,0.0,8.002163969901146,1.1257109523115065,0.0019672453646781096,-93.451162,0.0027656906851537726,1.8475065866666667,0.6333283667840806,363.6584206640317,2.623062533952482,0.6363636363636364,1.8888888888888888,0.4673748103186646,-0.8526868651950491,2.5826572793336666,1.3998975918960217,Capital Markets,Financial Services,SNEX
2010Q4,2010,Q4,2010-12-15,2010-09-30,-4500000.0,15706300000.0,65900000.0,-0.2595850031859733,27500000.0,0.0017508897703469308,2021700000.0,241300000.0,1416100000.0,1457100000.0,1778800000.0,125000000.0,59700000.0,313770052.20000005,363970052.20000005,13.919524726394522,0.9718619175073777,0.06534104961171291,0.5474513054289266,0.1126508564200162,13.919524726394522,-0.018648984666390384,0.019977337259571005,-17.431669566666667,1.3003317538334025,0.0,125.4304,0.0,7.768857891873176,1.1102875574771807,-0.002225849532571598,-8.434678822580647,0.0017508897703469308,-1.6831184294367718,-2.8405202711234305,881.3220502596306,2.6772716458028865,-0.3792325056433409,-1.671641791044776,-0.15620998719590268,-33.2396707744761,2.565246336557527,2.206721120324215,Capital Markets,Financial Services,SNEX
2010Q3,2010,Q3,2010-08-12,2010-06-30,6700000.0,14192300000.0,78100000.0,0.38,44300000.0,0.00312141090591377,1518600000.0,251800000.0,1225600000.0,1051200000.0,1266800000.0,94400000.0,64200000.0,277365792.0,259665792.0,14.525223067161793,1.1659056316590564,0.035032266561306466,0.21127879269261318,0.16434059212136043,14.525223067161793,0.02660841938046068,0.01954339973083996,10.349469850746269,1.1015321366163622,0.0,149.8728813559322,0.0,9.345647306729882,1.0650684931506849,0.0044119583827209275,4.773937900172117,0.00312141090591377,-0.07317073170731701,3.9743953930715845,965.4262191399589,2.9909973242375973,0.16886543535620052,-0.0945945945945946,0.14852941176470588,1.8466288031636875,3.754936165506247,2.3685071431427946,Capital Markets,Financial Services,SNEX
2010Q2,2010,Q2,2010-05-17,2010-03-31,7400000.0,9057300000.0,68000000.0,0.41,37900000.0,0.004184469985536529,1724800000.0,244200000.0,1476200000.0,1224500000.0,1480500000.0,115200000.0,57500000.0,259441166.6,294141166.6,14.099982851372207,1.2055532870559411,0.05478896103896104,0.386977886977887,0.1238067119378014,14.099982851372207,0.030303030303030304,0.028644426771775252,8.764904277027027,1.0624126396396396,0.0,78.29340277777777,0.0,5.251217532467533,1.0992241731318906,0.004290352504638219,-6.177170633333334,0.004184469985536529,2.6399999999999997,7.210349412998493,618.0899017524237,2.8937017420469,0.34397163120567376,2.761904761904762,0.14093959731543623,4.035663345575283,7.632173294229522,2.047598157033187,Capital Markets,Financial Services,SNEX
2010Q1,2010,Q1,2010-02-17,2009-12-31,-4200000.0,7987000000.0,59600000.0,-0.25,28200000.0,0.0035307374483535747,1442300000.0,235700000.0,1220000000.0,1003400000.0,1205200000.0,108600000.0,50100000.0,250463379.17999998,243263379.17999998,13.682950422612755,1.2158660554116005,0.044789572211051794,0.27407721680101826,0.12842059900883426,13.682950422612755,-0.017819261773440814,0.03135888057843996,-14.908534474999998,1.0626363138735682,0.0,73.2854511970534,0.0,5.537682867641961,1.082818417380905,-0.0029120155307494973,1.9355748004636784,0.0035307374483535747,-1.1334830089820358,-3.800770145152496,538.8996298183148,2.7831483548299847,8.4,-1.251497005988024,3.414814814814815,-0.2829463821192572,90.97162866422882,2.037356643058213,Capital Markets,Financial Services,SNEX
2009Q4,2009,Q4,2009-12-15,2009-09-30,16700000.0,10008300000.0,13500000.0,1.87289754633599,3000000.0,0.00029975120649860615,1555700000.0,238800000.0,1274300000.0,1005800000.0,1315200000.0,106900000.0,54300000.0,147214139.15,268614139.15,26.781313417067928,1.2669516802545238,0.11692485697756637,0.7617252931323283,0.014440218683147134,26.781313417067928,0.06993299832495813,0.014709205274622064,2.203804478293413,0.6164746195561139,0.0,93.59494855004677,0.0,6.433309764093334,1.1458540465301252,0.010734717490518738,-3.2787113396436527,0.00029975120649860615,3.928677753515763,19.606924247097673,942.3791157402333,4.1958866536076975,-0.7478991596638656,3.638888888888889,-0.41304347826086957,8.636687242960205,538.401154814019,5.3120675054221325,Capital Markets,Financial Services,SNEX
2009Q3,2009,Q3,2009-08-05,2009-06-30,3600000.0,7630100000.0,23000000.0,0.38,11900000.0,0.0015596125869909961,359600000.0,84200000.0,180400000.0,76400000.0,275200000.0,84600000.0,37600000.0,132590808.55,187690808.55,9.442992419250919,2.3612565445026177,0.257230255839822,1.0985748218527316,0.09443279292475337,9.442992419250919,0.04275534441805225,0.017377335624696923,9.207695038194444,1.5747126906175772,0.0,90.04964539007092,0.0,21.21829810901001,1.0850785340314135,0.010011123470522803,-25.99819775490196,0.0015596125869909961,-0.13636363636363635,3.4652944404055193,886.9803107885339,2.59534559718349,-0.1736111111111111,-0.1,-0.15129151291512916,-0.05270145716901428,154.61341382839822,1.030552825336064,Capital Markets,Financial Services,SNEX
2009Q2,2009,Q2,2009-05-11,2009-03-31,4000000.0,15431700000.0,27100000.0,0.44,14400000.0,0.0009331441124438655,365500000.0,79300000.0,178300000.0,42300000.0,279200000.0,75200000.0,34000000.0,90420353.6,155020353.6,8.936782127337311,4.215130023640662,0.266484268125855,1.2282471626733922,0.12930967520001777,8.936782127337311,0.05044136191677175,0.005859390319925866,5.6512721,1.140231445145019,0.0,205.01728723404256,0.0,42.22079343365253,2.049645390070922,0.01094391244870041,4.63694121025641,0.0009331441124438655,0.25714285714285723,1.433480683846408,1299.7732517684615,2.509889887153684,0.051094890510948905,0.21212121212121213,-0.08445945945945946,2.126948397783237,532.2002073433562,1.1792881914725348,Capital Markets,Financial Services,SNEX
2009Q1,2009,Q1,2009-02-09,2008-12-31,3300000.0,10536200000.0,29600000.0,0.35,13700000.0,0.0013002790379833336,372500000.0,74500000.0,170300000.0,79800000.0,288800000.0,42000000.0,30000000.0,75967114.08,160367114.07999998,8.414298841559996,2.1340852130325816,0.32456375838926177,1.6228187919463086,0.08836574547935856,8.414298841559996,0.04429530201342282,0.0072101055484899675,5.755084399999999,1.019692806442953,0.0,250.53571428571428,0.0,28.28510067114094,1.3358395989974938,0.008859060402684563,7.375447968932039,0.0013002790379833336,0.4293211362542127,1.2743432642243642,1056.2851978343906,2.8808871970958907,0.24965794034479613,0.5888300433317285,0.35289547054252934,1.6516395758858688,463.67401263853475,1.1094217321086695,Capital Markets,Financial Services,SNEX
2008Q4,2008,Q4,2008-12-08,2008-09-30,2077000.0,6942002000.0,21879000.0,0.24487149257250648,10963000.0,0.0015792274332389993,438000000.0,74800000.0,189600000.0,56600000.0,355100000.0,57400000.0,26700000.0,204501028.482,292901028.482,8.818674840839424,3.34982332155477,0.31187214611872144,1.8262032085561497,0.07605852358826776,8.818674840839424,0.027767379679144385,0.029458509012529815,24.61495287457872,2.7339709690106955,0.0,120.74980836236934,0.0,15.849319634703196,2.07773851590106,0.0047420091324200915,45.444672996,0.0015792274332389993,-0.6599007047604076,0.10148916690815979,821.0671870904597,3.361746898248578,-0.40791747677684165,-0.6944689614592527,-0.29319980617024716,0.736197932732895,796.0262513675598,1.3297248708702047,Capital Markets,Financial Services,SNEX
2008Q3,2008,Q3,2008-08-11,2008-06-30,6798000.0,5769682000.0,30955000.0,0.72,18516000.0,0.0032091889986311205,511649000.0,64509000.0,215975000.0,78157000.0,437001000.0,67816000.0,24639000.0,254968911.518,354411911.518,7.605399669889177,2.763348132604885,0.289182623243669,2.293633446495838,0.08741510526241475,7.605399669889177,0.10538064456122402,0.044191154992250875,9.37661486900559,3.9524548747926644,0.0,84.8054441429751,0.0,11.276640822126106,1.6633954732141716,0.013286452235810096,-27.52552213300227,0.0032091889986311205,0.12499999999999993,30.97688296146028,1234.0299735478477,3.366217101604833,0.005102594723699924,0.1316797070084901,-0.047509154127819316,9.315286792161308,801.9757790012808,1.08968424043736,Capital Markets,Financial Services,SNEX
2008Q2,2008,Q2,2008-05-12,2008-03-31,6007000.0,3486586000.0,32499000.0,0.64,18422000.0,0.005283678647249774,398610000.0,57130000.0,197336000.0,53263000.0,338698000.0,50391000.0,17841000.0,210587511.563,307280511.56299996,6.771364228991348,3.704935884197285,0.3363513208399187,2.34680553124453,0.10194190760442971,6.771364228991348,0.10514615788552424,0.06039934525148669,8.764254684659564,3.68611082728864,0.0,68.82506796848644,0.0,8.746860339680389,2.450932166794961,0.015069867790572239,-85.3963956054339,0.005283678647249774,-0.5259259259259259,27.90390354765221,814.2079775906366,1.715178778747904,-0.3490229336725679,-0.5349899365226816,-0.22746505657506894,12.681275182984674,488.20892909720556,0.86990813906499,Capital Markets,Financial Services,SNEX
2008Q1,2008,Q1,2008-02-11,2007-12-31,12918000.0,2160630000.0,42068000.0,1.35,28299000.0,0.01309756876466586,350884000.0,49916000.0,174572000.0,43365000.0,296576000.0,49171000.0,11834000.0,223720110.0,319362110.0,6.021956810230426,4.025642799492679,0.3844119424083173,2.7022197291449634,0.14286351420983476,6.021956810230426,0.2587947752223736,0.10354392468863248,4.329619716674407,4.481931845500441,0.0,43.36562201297513,0.0,6.157676041084803,2.475867635189669,0.03681558577763591,-9.955948110898492,0.01309756876466586,166.6659090909091,16.598189996693318,302.4186063256579,0.8127376435808807,3.110239651416122,194.72727272727272,1.0892972436056618,16.901983302789944,302.5200860524086,0.6649885657577533,Capital Markets,Financial Services,SNEX
2007Q4,2007,Q4,2007-12-12,2007-09-30,66000.0,2083082000.0,20135000.0,0.008051726241307795,6885000.0,0.003305198739175894,422002000.0,35581000.0,166073000.0,101789000.0,383356000.0,39433000.0,-1084000.0,209351388.197,283339388.197,4.340734415029889,1.6315417186532926,0.26067412002786716,3.091678142829038,0.05599123399494143,4.340734415029889,0.001854922571035103,0.10050079074995608,792.9976825643939,5.883797200668896,0.0,52.65125656176299,0.0,4.936189875877366,1.0595938657418777,0.00015639736304567278,17.53655454824929,0.003305198739175894,1.0175037526984951,-0.9410368173389558,327.6437992494545,1.4241915963592549,63.59090909090909,1.0176376269374665,1.122154300168634,-0.9114092956992788,212.58946325387566,-0.15784697850047907,Capital Markets,Financial Services,SNEX
2007Q3,2007,Q3,2007-08-14,2007-06-30,-3742000.0,1411335000.0,9488000.0,-0.46,-110000.0,-7.794038977280377e-05,390311000.0,35346000.0,159545000.0,67608000.0,352279000.0,28130000.0,-1150000.0,190580250.0,271045250.0,4.312065389776747,2.3598538634481128,0.27675110360712357,3.056045945793018,0.04241847332907262,4.312065389776747,-0.10586770780286313,0.13503544516362168,-12.73251269374666,5.391847733831268,0.0,50.175790970494134,0.0,3.615924224528645,1.715610578629748,-0.009587226596227112,-7.166556988681232,-7.794038977280377e-05,-6.75,-2.949387197426011,327.5330808595984,1.6069971351833467,-1.0194552529182879,-6.494860499265785,-0.3581816951904214,-6.048924764675343,177.669628177903,0.6417852123120701,Capital Markets,Financial Services,SNEX
2007Q2,2007,Q2,2007-05-15,2007-03-31,681000.0,486240000.0,14783000.0,0.08,5654000.0,0.011628002632444883,260348000.0,37133000.0,99071000.0,24317000.0,220893000.0,26398000.0,2592000.0,224166180.0,277576180.0,4.626588587091951,4.074145659415224,0.2603400064529015,1.825303638273234,0.0892787899024897,4.626588587091951,0.018339482401098752,0.46101961994077,82.29301762114537,6.036845393585221,0.0,18.20539434805667,0.0,1.867654063023338,2.347082288111198,0.0026157297156114124,34.86254743390358,0.011628002632444883,1.4210526315789473,1.4757929451486917,170.33921028430456,1.6134045858091408,3.209977661950856,1.4549098196392785,0.6105240222246432,-0.5419552754939285,44.31389253676335,0.8170764669511976,Capital Markets,Financial Services,SNEX
2007Q1,2007,Q1,2007-02-14,2006-12-31,-1497000.0,39711000.0,9179000.0,-0.19,1343000.0,0.03381934476593387,205823000.0,35485000.0,101335000.0,17472000.0,169580000.0,23422000.0,1911000.0,,,,,,,,,,,,,,,,,,,,,,,,,,,,,,,Capital Markets,Financial Services,SNEX
