Quarters,Year,Quarter,FillingDate,Date,NetIncome,Revenue,OperatingIncome,EPSDiluted,GrossProfit,GrossProfitRatio,TotalAssets,CommonStockEquity,CurrentAssets,CurrentLiability,TotalLiability,Inventory,RetainedEarnings,MarketCap,EnterpriseValue,bookValuePerShare,currentRatio,debtToAssets,debtToEquity,roic,shareholdersEquityPerShare,roe,priceToSalesRatio,peRatio,pbRatio,payoutRatio,inventoryTurnover,dividendYield,assetTurnover,quickRatio,returnOnAssets,priceToFreeCashFlowsRatio,grossProfitMargin,epsdilutedGrowth,fiveYNetIncomeGrowthPerShare,fiveYRevenueGrowthPerShare,fiveYShareholdersEquityGrowthPerShare,grossProfitGrowth,netIncomeGrowth,operatingIncomeGrowth,threeYNetIncomeGrowthPerShare,threeYRevenueGrowthPerShare,threeYShareholdersEquityGrowthPerShare,Industry,Sector,Symbol
2023Q4,2023,Q4,2023-06-30,2023-04-30,1005000.0,53986000.0,2701000.0,0.0,10361000.0,0.1919201274,118898000.0,37409000.0,87920000.0,40053000.0,80413000.0,21889000.0,28761000.0,0.0,4845000.0,0.0,2.195091503757521,0.10868980134232703,0.34545162928706996,0.021327414507273292,0.0,0.02686519286802641,0.0,0.0,0.0,,1.9930101877655444,,0.454053053878114,1.3521833570519062,0.008452623256909283,0.0,0.19192012744044754,-1.0,-1.0,-1.0,-1.0,0.003000968054211036,-0.08469945355191257,0.5114717403469502,1.0,-1.0,-1.0,"Furnishings, Fixtures & Appliances",Consumer Cyclical,KEQU
2023Q3,2023,Q3,2023-03-10,2023-01-31,1098000.0,60821000.0,1787000.0,0.38,10330000.0,0.169842653,121786000.0,35351000.0,91561000.0,44213000.0,85448000.0,21412000.0,27756000.0,46695000.0,49099000.0,12.491519434628975,2.0709067468844005,0.1268700835892467,0.4370739158722525,0.01574360908288534,12.491519434628975,0.031059941727249584,0.7677446934446984,10.631830601092895,1.320896155695737,0.0,2.358070240986363,0.0,0.49940879904094065,1.2900052020898831,0.009015814625654837,-12.956437291897892,0.16984265303102547,10.429280397022332,0.19603343884684804,0.5318124090353514,-0.25548684254302445,0.18721985978623146,10.631578947368421,14.14406779661017,1.5562883893337067,0.726856930466901,-0.1945490293974142,"Furnishings, Fixtures & Appliances",Consumer Cyclical,KEQU
2023Q2,2023,Q2,2022-12-09,2022-10-31,-114000.0,54564000.0,118000.0,-0.0403,8701000.0,0.1594641155,119118000.0,34402000.0,90614000.0,42858000.0,84109000.0,24502000.0,27033000.0,47826999.99999999,48445999.99999999,12.15618374558304,2.114284380979047,0.08426937994257795,0.29178536131620253,-0.0005415029920334814,12.15618374558304,-0.0033137608278588455,0.8765303130269041,-104.88377192982455,1.3902389395965349,0.0,1.8718063831523957,0.0,0.4580667909132121,1.1874329180083065,-0.0009570342013801441,-9.963958333333332,0.15946411553405176,0.845,-1.0634849515876463,0.2631789952755952,-0.2650076498932034,0.4042930923176243,0.8414464534075105,1.1732745961820852,0.9491380233429704,0.3348158393413731,-0.2482345664218458,"Furnishings, Fixtures & Appliances",Consumer Cyclical,KEQU
2023Q1,2023,Q1,2022-09-09,2022-07-31,-719000.0,50123000.0,-681000.0,-0.26,6196000.0,0.1236159049,125643000.0,34686000.0,97783000.0,49517000.0,90460000.0,25100000.0,27276000.0,51199679.99999999,45962679.99999999,12.356964731029569,1.9747359492699477,0.07261049163104988,0.26301677910396126,-0.02720688252630456,12.356964731029569,-0.02072882430951969,1.0214807573369509,-17.802392211404726,1.4760906417574813,0.0,1.7500796812749004,0.0,0.398931894335538,1.1122240846577942,-0.005722563135232364,15.538597875569042,0.12361590487400993,-1.1666666666666667,-1.6051099230520018,0.4293155195092964,-0.23434192349488922,-0.3356920767663772,-1.1920731707317074,-1.3038821954484605,-2.4955407961745624,0.2483522338289781,-0.2816325678519509,"Furnishings, Fixtures & Appliances",Consumer Cyclical,KEQU
2022Q4,2022,Q4,2022-07-01,2022-04-30,-328000.0,49715000.0,2241000.0,-0.12,9327000.0,0.1876093734,118773000.0,35694000.0,91565000.0,42293000.0,82593000.0,23796000.0,28023000.0,39785400.0,44792400.0,12.793548387096774,2.1650154871964626,0.07947934294831317,0.26447021908443996,-0.005915775957876631,12.793548387096774,-0.009189219476662744,0.8002695363572363,-30.32423780487805,1.1146243066061523,0.0,1.6972600437048244,0.0,0.4185715608766302,1.398434729151396,-0.002761570390576983,-5.316060929983966,0.1876093734285427,0.7391304347826088,-1.2297046884199434,0.3975279296558574,-0.19091240757861036,0.6590181430096052,0.744945567651633,3.940944881889764,0.7458053227217566,0.40816634504737226,-0.2541171152660777,"Furnishings, Fixtures & Appliances",Consumer Cyclical,KEQU
2022Q3,2022,Q3,2022-03-11,2022-01-31,-1286000.0,40633000.0,-762000.0,-0.46,5622000.0,0.1383604459,95686000.0,35847000.0,68920000.0,47508000.0,59506000.0,19947000.0,28385000.0,40873500.0,53427500.0,12.848387096774193,1.4507030394880862,0.1802876073824802,0.48123971322565345,-0.01799682569061321,12.848387096774193,-0.035874689653248526,1.0059188344449093,-7.945859253499223,1.1402209389907105,0.0,1.7552012834010127,0.0,0.42464937399410574,0.8501305043361118,-0.013439792655142863,8.711317135549873,0.13836044594295277,0.5855855855855856,-4.664476187473065,0.30000526346286993,-0.13606881741765867,0.5629691409507923,0.5851612903225807,0.7363321799307958,-56.49077875529488,0.23449478663582454,-0.2803434538977672,"Furnishings, Fixtures & Appliances",Consumer Cyclical,KEQU
2022Q2,2022,Q2,2021-12-17,2021-10-31,-3100000.0,39031000.0,-2890000.0,-1.11,3597000.0,0.09215751582075786,94293000.0,37005000.0,66820000.0,43771000.0,56990000.0,18120000.0,29704000.0,35838650.0,53307650.0,13.26819648619577,1.5265815265815266,0.23526666878771488,0.5994865558708282,-0.04558649239768425,13.26819648619577,-0.08377246318065126,0.9182098844508212,-2.890213709677419,0.9684812863126604,0.0,1.9555187637969096,0.0,0.4139331657705238,0.972287587672203,-0.03287624744148558,-7.559301835055895,0.09215751582075786,-1.3125000000000002,-3.0240543145128402,0.042402664443224616,-0.11039075072113398,-0.3660556926330631,-1.304832713754647,-1.6489459211732356,-3.1562026611922067,0.029756086713395892,-0.25603714305733855,"Furnishings, Fixtures & Appliances",Consumer Cyclical,KEQU
2022Q1,2022,Q1,2021-09-10,2021-07-31,-1345000.0,39493000.0,-1091000.0,-0.48,5674000.0,0.14367103030916872,90299000.0,40058000.0,61969000.0,36260000.0,49959000.0,17852000.0,32804000.0,36961870.0,49710870.0,14.424918977313649,1.7090182018753448,0.19639198662222174,0.4427080732937241,-0.020253166678483904,14.424918977313649,-0.03357631434420091,0.935909401666118,-6.870236059479554,0.9227088222077987,0.0,1.8944095899619091,0.0,0.4373581102780762,1.12719249862107,-0.014894960077077265,-16.354809734513275,0.14367103030916872,0.5555555555555556,-2.003319852635661,0.02734507876320554,-0.012047131080731077,-0.06415965693551047,0.5478991596638656,-0.6707503828483921,-1.9418210659752322,-0.07691402406490475,-0.17675055648873297,"Furnishings, Fixtures & Appliances",Consumer Cyclical,KEQU
2021Q4,2021,Q4,2021-07-15,2021-04-30,-2975000.0,38707000.0,-653000.0,-1.08,6063000.0,0.15663833415144549,89384000.0,41241000.0,60457000.0,34181000.0,47897000.0,16517000.0,34149000.0,33156000.0,44098000.0,14.926167209554832,1.7687311664374945,0.18065873086905934,0.39155209621493176,-0.03018036704587324,14.926167209554832,-0.07213695109235954,0.8565892474229467,-2.786218487394958,0.8039572270313523,0.0,1.9763879639159654,0.0,0.43304170768817685,1.1777303180129313,-0.033283361675467645,-12.521148036253777,0.15663833415144549,-37.00000000000001,-3.162315034307121,0.10338205471943242,0.0479775889769029,0.07233816766890697,-37.72839506172839,-0.7367021276595744,-3.049765885003684,-0.14135249134454345,-0.13473333161211284,"Furnishings, Fixtures & Appliances",Consumer Cyclical,KEQU
2021Q3,2021,Q3,2021-03-12,2021-01-31,81000.0,33339000.0,-376000.0,0.03,5654000.0,0.1695911695011848,89609000.0,38055000.0,60123000.0,31613000.0,51347000.0,15615000.0,37124000.0,36016480.0,44692480.0,13.778059377262853,1.9018441780280264,0.15890144963117545,0.37416896597030613,0.0008018907740356208,13.778059377262853,0.002128498226251478,1.0803107471729807,111.16197530864197,0.9464322690842202,0.0,1.7729747038104386,0.0,0.3720496825095693,1.2608420586467592,0.0009039270608979009,12.122679232581623,0.1695911695011848,1.4285714285714286,-0.9052362963803077,-0.0011307646127938552,0.012126958362612166,-0.11587177482408131,1.45,-33.18181818181818,-0.9095957678344594,-0.13966546322467469,-0.17880714637815878,"Furnishings, Fixtures & Appliances",Consumer Cyclical,KEQU
2021Q2,2021,Q2,2020-12-11,2020-10-31,-180000.0,39000000.0,-11000.0,-0.07,6395000.0,0.16397435897435897,91362000.0,37830000.0,62390000.0,33860000.0,53293000.0,16124000.0,37043000.0,22623799.999999996,33655800.0,13.711489670170351,1.842587123449498,0.18378538123070862,0.4438540840602696,-7.856176989495665e-05,13.711489670170351,-0.004758128469468675,0.5800974358974358,-31.421944444444442,0.5980385937086967,0.0,2.0221409079632844,0.0,0.4268733171340382,1.2620200826934436,-0.001970184540618638,9.497816960537362,0.16397435897435897,0.6818181818181818,-1.2507320711028134,0.2164858407781671,0.011751724101469902,0.0874001020234654,0.6989966555183946,0.9601449275362319,-1.102818954041151,-0.07389967367948717,-0.17097008180668838,"Furnishings, Fixtures & Appliances",Consumer Cyclical,KEQU
2021Q1,2021,Q1,2020-09-11,2020-07-31,-598000.0,36423000.0,-276000.0,-0.22,5881000.0,0.16146391016665293,87178000.0,37902000.0,58478000.0,30660000.0,48997000.0,16458000.0,37223000.0,26237120.0,39626120.0,13.752539912917271,1.9073059360730593,0.1993507536305031,0.4585246161152446,-0.004457308458027543,13.752539912917271,-0.015777531528679226,0.7203448370535102,-10.968695652173912,0.6922357659226426,0.0,1.8557540405881638,0.0,0.41780036247677166,1.137866927592955,-0.006859528780196839,-6.2618424821002385,0.16146391016665293,0.4358974358974359,-1.6070855078281814,0.1180095060200079,0.017703431935071044,0.20339676693267852,0.4369114877589454,0.7267326732673267,-1.5125895733350865,0.05786431113867369,-0.14786976527150167,"Furnishings, Fixtures & Appliances",Consumer Cyclical,KEQU
2020Q4,2020,Q4,2020-07-27,2020-04-30,-1062000.0,34257000.0,-1010000.0,-0.39,4887000.0,0.14265697521674403,83929000.0,38415000.0,54231000.0,27060000.0,45226000.0,15330000.0,37821000.0,28142730.0,37690730.0,13.96401308615049,2.00410199556541,0.07172729330743843,0.15670961863855265,-0.01775883555166713,13.96401308615049,-0.027645450995704802,0.8215176460285489,-6.624936440677966,0.7325974228816868,-0.0009416195856873823,1.9158512720156555,3.5533155454357124e-05,0.4081664263842057,1.1983370288248336,-0.012653552407391962,-18.227156735751294,0.14265697521674403,0.4428571428571428,-2.66714119182814,0.08150848400894915,0.05302656315448421,-0.07408109132247064,0.44629822732012514,0.5125482625482626,-1.7542826973057741,-0.023356659980750438,-0.11689006157124893,"Furnishings, Fixtures & Appliances",Consumer Cyclical,KEQU
2020Q3,2020,Q3,2020-03-13,2020-01-31,-1918000.0,34225000.0,-2072000.0,-0.7,5278000.0,0.15421475529583636,84361000.0,42649000.0,53221000.0,25496000.0,41412000.0,15246000.0,38882000.0,34531475.0,46106475.0,15.508727272727272,2.0874254785064323,0.07259278576593449,0.14359070552650707,-0.0292198726665024,15.508727272727272,-0.04497174611362517,1.008954711468225,-4.500974322210636,0.8096666979296115,0.0,1.8986619441164896,0.0,0.40569694527091904,1.2144257922811421,-0.022735624281362242,-63.8289741219963,0.15421475529583636,0.11392405063291149,-4.787005259203606,0.17844831539434114,0.13573358058093046,-0.1643445218492717,0.11937557392102846,-52.12820512820513,-6.54486590242602,0.11091591560130622,0.04281362260934661,"Furnishings, Fixtures & Appliances",Consumer Cyclical,KEQU
2020Q2,2020,Q2,2019-12-16,2019-10-31,-2178000.0,39722000.0,-39000.0,-0.79,6316000.0,0.1590050853431348,90322000.0,44468000.0,61067000.0,30226000.0,45332000.0,14778000.0,40800000.0,44247500.0,53415500.0,16.170181818181817,2.0203467213657116,0.09055379641726269,0.1839300170909418,-0.008507087372094404,16.170181818181817,-0.04897904110821265,1.1139293086954332,-5.078914141414141,0.9950413780696231,-0.2401285583103765,2.2605223981594262,0.01181987682919939,0.4397821128850114,1.312247733739165,-0.02411372644538429,8.238223794451685,0.1590050853431348,-5.647058823529412,-2.7302762063227957,0.25358248757653884,0.1855183833420473,-0.09069968327094731,-5.624203821656051,-1.050257731958763,-2.4422288021534317,0.0759021167662198,0.08418226417899348,"Furnishings, Fixtures & Appliances",Consumer Cyclical,KEQU
2020Q1,2020,Q1,2019-09-06,2019-07-31,471000.0,39336000.0,776000.0,0.17,6946000.0,0.17658124872889974,98541000.0,47304000.0,69002000.0,38032000.0,50604000.0,16351000.0,43501000.0,50187500.0,59595500.0,17.201454545454546,1.8143142616743795,0.1552247287930912,0.3233553187891087,0.0083387260833253,17.201454545454546,0.00995687468290208,1.2758668903803132,26.63880042462845,1.060956790123457,1.10828025477707,1.9809185982508715,0.010400996264009964,0.3991840959600572,1.2590450147244425,0.004779736353396048,-31.56446540880503,0.17658124872889974,1.3695652173913042,-0.6363577427434802,0.22736883474159947,0.28816700706256526,0.43453118546055347,1.3708661417322834,1.5817091454272865,-0.6452019580419581,0.03330754580326726,0.17811589753075,"Furnishings, Fixtures & Appliances",Consumer Cyclical,KEQU
2019Q4,2019,Q4,2019-07-11,2019-04-30,-1270000.0,34748000.0,-1334000.0,-0.46,4842000.0,0.13934614941867157,87223000.0,47100000.0,65357000.0,32733000.0,39520000.0,17206000.0,43552000.0,62142254.599999994,62289254.599999994,17.152221412964312,1.9966700271896862,0.12375176272313496,0.229171974522293,-0.017703091510441235,17.152221412964312,-0.026963906581740978,1.788369247150915,-12.232727283464566,1.3193684628450104,-0.41181102362204725,1.7381146111821457,0.008416173558015709,0.3983811609323229,1.3413374881617939,-0.014560379716359217,-15.6647982354424,0.13934614941867157,-45.0,-2.2363009953376327,0.2241471444114698,0.32181051967748187,-0.07418738049713193,-56.72727272727273,-16.786666666666665,-1.9287868776015267,-0.003341055348754407,0.20427055315645562,"Furnishings, Fixtures & Appliances",Consumer Cyclical,KEQU
2019Q3,2019,Q3,2019-03-15,2019-01-31,-22000.0,32372000.0,-75000.0,-0.01,5230000.0,0.16155937229704684,79562000.0,48990000.0,59756000.0,23706000.0,30051000.0,16672000.0,45345000.0,88247039.99999999,84304039.99999999,17.853498542274053,2.520712056019573,0.08581986375405344,0.13937538273116962,-0.0005758511079375317,17.853498542274053,-0.00044907123902837316,2.7260299023847767,-1002.8072727272727,1.8013276178811999,-23.681818181818183,1.6279990403071016,0.005903880742062284,0.406877655162012,1.6324981017463933,-0.0002765139136773837,70.37244019138755,0.16155937229704684,-1.0196078431372548,-1.0347114957619756,0.18595081243858894,0.4758922229332232,-0.3271581114112955,-1.0155586987270155,-1.0414364640883977,-1.025907127050476,-0.02374073797544758,0.31150597344231745,"Furnishings, Fixtures & Appliances",Consumer Cyclical,KEQU
2019Q2,2019,Q2,2018-12-13,2018-10-31,1414000.0,37278000.0,1810000.0,0.51,7773000.0,0.2085144052792532,80596000.0,48920000.0,60289000.0,24036000.0,31213000.0,17097000.0,45888000.0,80122207.10000001,77309207.10000001,17.83448778709442,2.5082792477949742,0.08268400416894138,0.13622240392477514,0.02533284017972846,17.83448778709442,0.028904333605887164,2.149316140887387,14.165878200141444,1.637821077269011,0.36845827439886847,1.7257413581330059,0.00650256675218324,0.46252915777457937,1.6334664669662173,0.01754429500223336,18.090360600587044,0.2085144052792532,0.020000000000000018,0.8529342401347628,0.3570441617921423,0.48203683587908364,0.04000535188654,0.004975124378109453,0.05786090005844535,0.9811286807229388,0.16955580318205005,0.3159820122473395,"Furnishings, Fixtures & Appliances",Consumer Cyclical,KEQU
2019Q1,2019,Q1,2018-09-10,2018-07-31,1407000.0,42152000.0,1711000.0,0.5,7474000.0,0.17731068513949516,84926000.0,47940000.0,64528000.0,28896000.0,36529000.0,15006000.0,44324000.0,86457600.0,87060600.0,17.521929824561404,2.233111849390919,0.11382850952594023,0.20164789319983312,0.02357453601062589,17.521929824561404,0.02934918648310388,2.0510912886695767,15.362046908315566,1.8034543178973717,0.3304904051172708,2.3109422897507663,0.005378358871863202,0.49633798836634246,1.561184939091916,0.016567364529119468,-25.140331491712708,0.17731068513949516,-0.03846153846153849,-0.15878740644933065,0.24972969456628055,0.4775199709140976,-0.16342064025072756,-0.018143754361479414,-0.275,0.4388181224337438,0.30332008519588827,0.2966425278164461,"Furnishings, Fixtures & Appliances",Consumer Cyclical,KEQU
2018Q4,2018,Q4,2018-07-20,2018-04-30,1433000.0,44508000.0,2360000.0,0.52,8934000.0,0.2007279590186034,84358000.0,47059000.0,63504000.0,27562000.0,36837000.0,17662000.0,43165000.0,95343600.00000001,91943600.00000001,17.250366568914956,2.3040417966765836,0.0748713814931601,0.1342144966956374,0.026824523796809798,17.250366568914956,0.030451135808240718,2.1421677001887303,16.63356594556874,2.0260439023353665,0.32309839497557574,2.0141546823689276,0.004856120389832143,0.5276085255695963,1.5374791379435455,0.01698712629507575,40.74512820512821,0.2007279590186034,0.6774193548387097,0.11835236158333673,0.3292082775348201,0.41102726922776395,0.06942781900885803,0.622876557191393,-0.009651699538396978,1.2685078177291746,0.4169838706772178,0.30085055844266356,"Furnishings, Fixtures & Appliances",Consumer Cyclical,KEQU
2018Q3,2018,Q3,2018-03-09,2018-01-31,883000.0,38190000.0,2383000.0,0.31,8354000.0,0.21874836344592824,82694000.0,45670000.0,62277000.0,26050000.0,36601000.0,17680000.0,42195000.0,78393600.0,76716600.0,16.778104335047757,2.3906717850287906,0.09070791109391249,0.1642434858769433,0.01656304965194332,16.778104335047757,0.019334355156557917,2.052725844461901,22.19524348810872,1.7165228815414935,0.5243488108720272,1.6875565610859729,0.005906094375051025,0.4618231068759523,1.5363147792706333,0.010677921009988633,78.55070140280561,0.21874836344592824,-0.5,0.5444485564247742,0.3237895632831853,0.40841674427217517,0.055997977499683986,-0.48781902552204176,-0.10244821092278719,0.7613780581852189,0.3284992526710873,0.22869247596571102,"Furnishings, Fixtures & Appliances",Consumer Cyclical,KEQU
2018Q2,2018,Q2,2017-12-15,2017-10-31,1724000.0,41471000.0,2655000.0,0.62,7911000.0,0.1907598080586434,85868000.0,44937000.0,64756000.0,30510000.0,40550000.0,16439000.0,41775000.0,77434500.0,76368500.0,16.539197644460803,2.122451655195018,0.12491265663576652,0.23868972116518683,0.030691408401277702,16.539197644460803,0.03836482186171752,1.8671963540787537,11.228900812064964,1.7231791174310702,0.2679814385150812,2.0414867084372528,0.00596633283613893,0.48296222108352355,1.4761389708292363,0.02007732799180137,-21.2440329218107,0.1907598080586434,0.4761904761904762,1.5292942399422005,0.2662094477086502,0.40760286561897874,0.15980061574549187,0.5017421602787456,0.5728672985781991,0.3862382472593524,0.32467509877572814,0.21257281295309807,"Furnishings, Fixtures & Appliances",Consumer Cyclical,KEQU
2018Q1,2018,Q1,2017-09-08,2017-07-31,1148000.0,33881000.0,1688000.0,0.42,6821000.0,0.20132227502139843,76564000.0,43769000.0,55684000.0,21613000.0,32377000.0,17001000.0,40513000.0,68816186.4,63578186.400000006,16.139011799410028,2.5764123444223386,0.08859255002350974,0.15497269757134044,0.022149415912983986,16.139011799410028,0.026228609289679912,2.0311143826923646,14.98610331010453,1.5722585939820424,0.35365853658536583,1.5916710781718721,0.005899774765780976,0.4425186771851001,1.6497478369499838,0.014993991954443342,724.3809094736843,0.20132227502139843,-0.17647058823529416,0.7232605641011324,0.20842550585996164,0.39617192740999785,-0.06969448990725587,-0.1729106628242075,-0.03597944031981725,-0.10125117731147487,0.07197368647320565,0.20860375334288778,"Furnishings, Fixtures & Appliances",Consumer Cyclical,KEQU
2017Q4,2017,Q4,2017-07-21,2017-04-30,1388000.0,34579000.0,1751000.0,0.51,7332000.0,0.21203620694641256,80916000.0,42883000.0,59812000.0,26927000.0,37659000.0,14935000.0,39771000.0,62918400.0,57352400.0,15.812315634218288,2.221264901400082,0.08576795689356864,0.1618356924655458,0.026849098382205092,15.812315634218288,0.032367138493109154,1.8195552213771364,11.332564841498558,1.467210782827694,0.29322766570605185,1.8243722798794777,0.006468695961753636,0.42734440654505906,1.5744420098785605,0.017153591378713726,11.67317254174397,0.21203620694641256,2.923076923076923,0.05090022170865985,0.13429461740952273,0.38185632545996284,0.45707472178060415,3.070381231671554,2.9615384615384617,0.3681093524486187,0.23346573157258135,0.21855266688504557,"Furnishings, Fixtures & Appliances",Consumer Cyclical,KEQU
2017Q3,2017,Q3,2017-03-13,2017-01-31,341000.0,30371000.0,442000.0,0.13,5032000.0,0.16568436995818378,73645000.0,40318000.0,52214000.0,20385000.0,32928000.0,15731000.0,38790000.0,68317202.711,68196202.711,14.872002950940612,2.561393181260731,0.11043519587208908,0.2017213155414455,0.006651522412821722,14.872002950940612,0.008457760801627065,2.249422235389022,50.085925741202345,1.6944591177885808,1.1906158357771262,1.6107685461826966,0.005942866275094552,0.41239731142643765,1.6699043414275203,0.004630321135175504,21.236307961143922,0.16568436995818378,-0.7592592592592593,3.6589879724982013,0.3392148055039952,0.2679304334041599,-0.2916666666666667,-0.7705248990578735,-0.8068181818181818,-0.4554225976583016,0.1261878211647518,0.2294214180352701,"Furnishings, Fixtures & Appliances",Consumer Cyclical,KEQU
2017Q2,2017,Q2,2016-12-09,2016-10-31,1486000.0,36329000.0,2288000.0,0.54,7104000.0,0.19554625781056456,77554000.0,40359000.0,56080000.0,24640000.0,36805000.0,16789000.0,38855000.0,60506162.706,63209162.706,14.914634146341463,2.2759740259740258,0.13257859040152667,0.2547634976089596,0.02981660047347153,14.914634146341463,0.03681954458732872,1.665505868754989,10.179367884589501,1.499198758789861,0.27388963660834453,1.7407230925010424,0.006726587537497904,0.46843489697501095,1.4861607142857143,0.019160842767619982,36.01557303928571,0.19554625781056456,0.1250000000000001,12.330063562453807,0.3336407215890551,0.25390668481596784,-0.0049026474296119905,0.14307692307692307,0.1101407083939835,0.9739103397303567,0.340580308561221,0.2393984880537581,"Furnishings, Fixtures & Appliances",Consumer Cyclical,KEQU
2017Q1,2017,Q1,2016-09-13,2016-07-31,1300000.0,37279000.0,2061000.0,0.48,7139000.0,0.19150191796990262,78408000.0,39320000.0,56926000.0,26111000.0,38749000.0,16785000.0,37776000.0,55964848.800000004,59876848.800000004,14.600816932788712,2.1801539581019496,0.13548362411998777,0.27016785350966427,0.02613579480607893,14.600816932788712,0.03306205493387589,1.501243295152767,10.762470923076924,1.4233176195320447,0.2692307692307692,1.7956508787607983,0.006253925589092273,0.4754489337822671,1.4257592585500365,0.016579940822365066,-45.27900388349515,0.19150191796990262,-0.040000000000000036,55.58947439489585,0.35636588366940397,0.20262868862898298,0.04295105916727538,-0.027673896783844427,0.03153153153153153,-0.21034978079180752,0.12290210817243871,0.2311999206626226,"Furnishings, Fixtures & Appliances",Consumer Cyclical,KEQU
2016Q4,2016,Q4,2016-07-21,2016-04-30,1337000.0,34090000.0,1998000.0,0.5,6845000.0,0.2007920211205632,72405000.0,38242000.0,50957000.0,20950000.0,33853000.0,15626000.0,36826000.0,44893197.315000005,47259197.315000005,14.242830540037245,2.4323150357995225,0.10479939230716111,0.19842058469745305,0.029937759082189305,14.242830540037245,0.034961560587835366,1.3169022386330305,8.394389924270756,1.173923887741227,0.2610321615557218,1.7435684116216563,0.007774006327755806,0.47082383813272566,1.5778997613365155,0.018465575581796838,12.279320928610504,0.2007920211205632,0.6129032258064516,4.096099731015932,0.21490705871753246,0.16643675852643788,0.2472667638483965,0.6108433734939759,0.9083094555873925,0.06014178406773071,0.03438457341931188,0.16502001291945012,"Furnishings, Fixtures & Appliances",Consumer Cyclical,KEQU
2016Q3,2016,Q3,2016-03-10,2016-01-31,830000.0,32410000.0,1047000.0,0.31,5488000.0,0.1693304535637149,72839000.0,36510000.0,52421000.0,22880000.0,36047000.0,16154000.0,35838000.0,45164880.0,50869880.0,13.612975391498882,2.2911276223776222,0.1292439489833743,0.2578471651602301,0.018017855668667055,13.612975391498882,0.02273349767187072,1.3935476704720766,13.60387951807229,1.2370550534100246,0.41927710843373495,1.6665841277702118,0.007705101840190873,0.4449539395104271,1.4474650349650349,0.01139499443979187,54.54695652173913,0.1693304535637149,0.19230769230769226,8.269722352288294,0.37934543866563786,0.12419531973523287,-0.007953723788864787,0.19424460431654678,-0.07263064658990256,0.47339836381980066,0.14019116854045507,0.14272399896227733,"Furnishings, Fixtures & Appliances",Consumer Cyclical,KEQU
2016Q2,2016,Q2,2015-12-15,2015-10-31,695000.0,31037000.0,1129000.0,0.26,5532000.0,0.17823887618004317,70198000.0,36198000.0,49407000.0,20401000.0,33726000.0,13740000.0,35356000.0,44498860.0,50734860.0,13.552227630101086,2.4217930493603257,0.1354739451266418,0.26272169733134426,0.015145786470184316,13.552227630101086,0.019199955798662908,1.4337358636466153,16.00678417266187,1.22931819437538,0.5007194244604316,1.8562590975254731,0.007820425062574637,0.4421351035642041,1.5610019116709966,0.009900566967719878,-99.10659242761693,0.17823887618004317,-0.25714285714285706,-0.2169588453850213,0.1667606140022462,0.11423172047451981,-0.053226082491870615,-0.26063829787234044,-0.25918635170603677,0.037200335279515995,-0.03604551454295628,0.15339056088007075,"Furnishings, Fixtures & Appliances",Consumer Cyclical,KEQU
2016Q1,2016,Q1,2015-09-11,2015-07-31,940000.0,31089000.0,1524000.0,0.35,5843000.0,0.1879442889768085,70076000.0,35540000.0,49471000.0,20948000.0,34268000.0,13970000.0,35009000.0,43710602.629999995,49798602.629999995,13.513307984790874,2.361609700210044,0.12824647525543695,0.25287000562746204,0.021486340751779777,13.513307984790874,0.026449071468767585,1.4059829081025441,11.625160273936169,1.2298987796848622,0.33617021276595743,1.8071581961345742,0.007229367269878796,0.4436468976539757,1.4806186748138248,0.013414007648838404,41.66882996186844,0.1879442889768085,0.5217391304347825,0.3997372548338745,0.2235581295675789,0.13109113353503307,0.09419475655430712,0.5435139573070608,0.5711340206185567,0.455026328099699,0.14341623075258025,0.16902456540121494,"Furnishings, Fixtures & Appliances",Consumer Cyclical,KEQU
2015Q4,2015,Q4,2015-07-20,2015-04-30,609000.0,30282000.0,970000.0,0.23,5340000.0,0.1763423816128393,69490000.0,34876000.0,48762000.0,21055000.0,34291000.0,12745000.0,34385000.0,41559260.0,47662260.0,13.26083650190114,2.3159344573735456,0.1316304504245215,0.26227204954696637,0.013722510741505144,13.26083650190114,0.01746186489276293,1.3724080311736344,17.060451559934318,1.1916292005963987,0.5172413793103449,1.9570027461749706,0.007579538230468974,0.435774931644841,1.5269532177630016,0.008763850913800547,-9.274550323588485,0.1763423816128393,0.2777777777777779,0.12841125129623215,0.23739445739116685,0.12115572961560264,0.19838420107719928,0.25826446280991733,0.660958904109589,-0.5245298612288392,0.02431122833755447,0.1588796495680607,"Furnishings, Fixtures & Appliances",Consumer Cyclical,KEQU
2015Q3,2015,Q3,2015-03-13,2015-01-31,484000.0,27754000.0,584000.0,0.18,4456000.0,0.16055343373928083,65450000.0,35886000.0,45582000.0,18230000.0,29258000.0,12430000.0,34091000.0,46305360.0,47775360.0,13.655251141552512,2.500383982446517,0.0814820473644003,0.14860948559326756,0.011705167012951746,13.655251141552512,0.013487153764699326,1.668421128485984,23.918057851239674,1.2903460959705735,0.6528925619834711,1.8743362831858408,0.006824263972896441,0.4240488922841864,1.5866703236423478,0.007394957983193277,-49.68386266094421,0.16055343373928083,-0.6,-0.2381095939430928,0.24373832927313108,0.18219114991738222,-0.2346272758502233,-0.5973377703826955,-0.688034188034188,4.893243007211119,0.2624694884013241,0.1641947998037662,"Furnishings, Fixtures & Appliances",Consumer Cyclical,KEQU
2015Q2,2015,Q2,2014-12-12,2014-10-31,1202000.0,30258000.0,1872000.0,0.45,5822000.0,0.19241192411924118,65829000.0,35818000.0,45873000.0,17986000.0,29737000.0,12199000.0,33923000.0,45692399.99999999,46173399.99999999,13.63975628332064,2.5504837095518735,0.08118002703975452,0.14919872689709085,0.029471248105336804,13.63975628332064,0.033558545982466916,1.5100931984929602,9.50341098169717,1.2756826176782623,0.26206322795341097,2.003115009427002,0.006893925466817239,0.459645445016634,1.608862448571111,0.018259429734615442,7.781403269754767,0.19241192411924118,-0.042553191489361625,-0.1332915722159379,0.08895145955142549,0.1939333955173644,-0.05302537410540013,-0.02593192868719611,0.04,10.443893373952783,0.14461305066347768,0.14672484856838988,"Furnishings, Fixtures & Appliances",Consumer Cyclical,KEQU
2015Q1,2015,Q1,2014-09-10,2014-07-31,1234000.0,30534000.0,1800000.0,0.47,6148000.0,0.20134931551712845,66146000.0,34986000.0,46703000.0,19250000.0,30868000.0,12213000.0,33036000.0,47212400.0,52566400.0,13.353435114503817,2.42612987012987,0.1469778973785263,0.2778825816040702,0.02749548833951254,13.353435114503817,0.03527125135768593,1.546223881574638,9.564910858995137,1.3494655004859086,0.233387358184765,1.9967248014410874,0.006100092348620277,0.46161521482780515,1.5624415584415585,0.01865570102500529,-64.14728260869565,0.20134931551712845,0.27027027027027023,0.12404900891654377,0.13482918578650338,0.22142070400342673,0.050580997949419004,0.2604698672114402,0.2328767123287671,54.21315058986815,0.14190866086377493,0.09988531699100452,"Furnishings, Fixtures & Appliances",Consumer Cyclical,KEQU
2014Q4,2014,Q4,2014-07-18,2014-04-30,979000.0,27052000.0,1460000.0,0.37,5852000.0,0.2163241165163389,62717000.0,33959000.0,43353000.0,16163000.0,28493000.0,11938000.0,32090000.0,44017940.0,45532940.0,12.976308750477646,2.6822372084390276,0.12377824194397054,0.22859919314467447,0.023789974228357356,12.976308750477646,0.02882888188698136,1.6271602838976786,11.240536261491318,1.2962083689154569,0.2941777323799796,1.7758418495560395,0.00654278687280686,0.4313344069391074,1.8388294252304647,0.015609802764800612,102.36730232558139,0.2163241165163389,0.6818181818181818,0.039326477380339384,0.06417920674446548,0.2305659914006182,0.24219910846953938,0.6208609271523179,0.5565031982942431,2.82850986528862,-0.010864018661007332,0.0627131646337636,"Furnishings, Fixtures & Appliances",Consumer Cyclical,KEQU
2014Q3,2014,Q3,2014-03-14,2014-01-31,604000.0,26013000.0,938000.0,0.22,4711000.0,0.18110175681390075,64963000.0,31633000.0,43423000.0,17951000.0,33110000.0,12507000.0,31399000.0,43252100.0,45482100.0,12.096749521988528,2.4189738733218205,0.13681634160983944,0.280972402238169,0.01577732477232143,12.096749521988528,0.019093984130496632,1.6627109522161996,17.902359271523178,1.3673094553156513,0.47516556291390727,1.7032062045254657,0.0066355159633867495,0.40042793590197495,1.5947858058046906,0.00929760017240583,70.90508196721312,0.18110175681390075,-0.21428571428571436,-0.33064346197369954,-0.022937746862993474,0.06182532979163707,-0.03719599427753934,-0.16689655172413792,-0.1728395061728395,5.9185112721775095,0.13545919940788262,-0.001018601332271741,"Furnishings, Fixtures & Appliances",Consumer Cyclical,KEQU
2014Q2,2014,Q2,2013-12-13,2013-10-31,725000.0,26098000.0,1134000.0,0.28,4893000.0,0.1874856310828416,63243000.0,31360000.0,41374000.0,16327000.0,31678000.0,13174000.0,31082000.0,45240160.0,47499160.0,12.033768227168073,2.5340846450664545,0.11927011685087678,0.24052933673469387,0.01887627560856489,12.033768227168073,0.02311862244897959,1.7334722967277185,15.600055172413793,1.442607142857143,0.39586206896551723,1.609609837558828,0.006343920976406803,0.41266227092326424,1.5761621853371715,0.01146371930490331,12.125478424015009,0.1874856310828416,-0.540983606557377,-0.5144729585781446,-0.07733822546002468,0.08498404334866352,-0.25593065693430656,-0.5431632010081916,-0.5337171052631579,-0.1627844874401404,0.005561709376111386,-0.010612377424398337,"Furnishings, Fixtures & Appliances",Consumer Cyclical,KEQU
2014Q1,2014,Q1,2013-09-13,2013-07-31,1587000.0,32003000.0,2432000.0,0.61,6576000.0,0.20548073618098303,65859000.0,30786000.0,44189000.0,19416000.0,34849000.0,12334000.0,30644000.0,34786400.0,40442400.0,11.859013867488443,2.2759064688916357,0.15281130900863968,0.32690183849801857,0.0397144830762146,11.859013867488443,0.05154940557396219,1.0869730962722244,5.479899180844361,1.1299421815110766,0.1638311279143037,2.0615372142046375,0.007474185313800796,0.4859320669916033,1.5018541409147095,0.024096934359768597,27.2407204385278,0.20548073618098303,0.326086956521739,0.5896945665644155,0.23836379047717857,0.09637750066911958,-0.029945419678418645,0.3040262941659819,0.21417873190214679,1.3941240827124273,0.2760262419975353,-0.007376620655570527,"Furnishings, Fixtures & Appliances",Consumer Cyclical,KEQU
2013Q4,2013,Q4,2013-07-22,2013-04-30,1217000.0,31803000.0,2003000.0,0.46,6779000.0,0.21315599157312204,68742000.0,31676000.0,47230000.0,22115000.0,35049000.0,13203000.0,31191000.0,33812550.0,38465550.0,12.22539560015438,2.1356545331223153,0.15222134939338397,0.3303447404975376,0.03367052403764875,12.22539560015438,0.03842025508271246,1.0631874351476276,6.945881265406738,1.067450119964642,0.20624486442070666,1.895326819662198,0.007423279226204471,0.46264292572226584,1.4331901424372597,0.017703878269471358,-14.27894847972973,0.21315599157312204,1.1904761904761905,1.6865737383457398,0.41580862466239743,0.15734531398648538,0.3533639448991815,1.2371323529411764,1.0973821989528796,1.288911646374981,0.3191070334293339,0.03361294907492594,"Furnishings, Fixtures & Appliances",Consumer Cyclical,KEQU
2013Q3,2013,Q3,2013-03-11,2013-01-31,544000.0,27450000.0,955000.0,0.21,5009000.0,0.18247723132969035,60623000.0,30854000.0,40115000.0,15829000.0,27924000.0,12888000.0,30225000.0,32038299.999999996,34060300.0,11.912741312741312,2.534272537747173,0.10266730448839549,0.20172424969209826,0.02100270427289066,11.912741312741312,0.017631425422959746,1.167151183970856,14.723483455882352,1.0383840020742854,0.49080882352941174,1.741232153941651,0.008333775512433556,0.4527984428352276,1.5330090340514246,0.00897349190901143,14.144944812362029,0.18247723132969035,-0.16000000000000003,-0.33400475644864663,0.23163517739215775,0.12806185657423788,-0.04170652381863402,-0.1617873651771957,-0.21334431630971992,-0.13109631370500938,0.2481632177698925,0.03133492055106927,"Furnishings, Fixtures & Appliances",Consumer Cyclical,KEQU
2013Q2,2013,Q2,2012-12-13,2012-10-31,649000.0,31185000.0,1214000.0,0.25,5227000.0,0.16761263427930095,66497000.0,30397000.0,46319000.0,22133000.0,33889000.0,12424000.0,29948000.0,29103750.0,32486750.0,11.74990336296869,2.092757421045498,0.13926944072664932,0.3046682238378787,0.020232322970736405,11.74990336296869,0.021350791196499654,0.9332611832611832,11.210997688751927,0.9574546830279304,0.39907550077041604,2.089343206696716,0.008899196838895332,0.46896852489585994,1.38914742691908,0.009759838789719836,-37.74805447470817,0.16761263427930095,0.0,-0.4779756870159378,0.22948425957181054,0.13711651118215784,-0.0030516879649055886,0.02365930599369085,0.09864253393665158,-0.5249803866853613,0.1392324428266097,0.028508261273331264,"Furnishings, Fixtures & Appliances",Consumer Cyclical,KEQU
2013Q1,2013,Q1,2012-09-14,2012-07-31,634000.0,26683000.0,1105000.0,0.25,5243000.0,0.1964921485590076,65190000.0,29835000.0,44849000.0,20812000.0,33223000.0,11717000.0,29594000.0,30584850.0,32997850.0,11.559473072452537,2.1549586776859506,0.15543795060592117,0.3396346572817161,0.017954750693501772,11.559473072452537,0.0212502094855036,1.1462298092418395,12.060272082018928,1.0251332327802916,0.4069400630914827,1.8298199197746863,0.008435548972775738,0.4093112440558368,1.4540649625216222,0.00972541800889707,13.320927700348433,0.1964921485590076,-0.4897959183673469,-0.08813895656112869,0.24452843348935607,0.1666721108219543,-0.286860718171926,-0.49522292993630573,-0.6135012242042672,-0.41376380075470715,0.0066876442989604505,0.05732941501534083,"Furnishings, Fixtures & Appliances",Consumer Cyclical,KEQU
2012Q4,2012,Q4,2012-07-13,2012-04-30,1256000.0,28990000.0,2859000.0,0.49,7352000.0,0.25360469127285273,64136000.0,29511000.0,43598000.0,20240000.0,32478000.0,11760000.0,29218000.0,22153610.0,26484610.0,11.44280728964715,2.1540513833992097,0.16401085193962828,0.3564433601030124,0.04639500737761189,11.44280728964715,0.04256040120632984,0.7641810969299758,4.4095561305732485,0.7506899122361153,0.2054140127388535,1.8399659863945579,0.01164595747600504,0.4520082325059249,1.4541501976284585,0.019583385306224273,9.196185139061852,0.25360469127285273,10.8,1.3568669127148831,0.23781783780078242,0.19053159675221099,0.9496154866083267,11.295081967213115,14.054794520547945,0.35304212957499553,0.15722014688665623,0.0851413732177538,"Furnishings, Fixtures & Appliances",Consumer Cyclical,KEQU
2012Q3,2012,Q3,2012-03-09,2012-01-31,-122000.0,21574000.0,-219000.0,-0.05,3771000.0,0.1747937331973672,58421000.0,30250000.0,38720000.0,17233000.0,26549000.0,11762000.0,28220000.0,24113650.0,30360650.0,11.72935246219465,2.246851970057448,0.1741839407062529,0.33639669421487606,0.001352386127852979,11.72935246219465,-0.0040330578512396695,1.117718086585705,-49.413217213114756,0.7971454545454545,-2.1065573770491803,1.5136031287196055,0.010657863906957263,0.3692850173738895,1.3912261359020484,-0.0020882901696307834,12.664732142857142,0.1747937331973672,0.0,-1.3672412814259434,0.15549152302457697,0.12076481348884462,-0.019245773732119636,0.024,-0.36875,-1.1370884142722617,-0.17835764249291977,0.029576046339830544,"Furnishings, Fixtures & Appliances",Consumer Cyclical,KEQU
2012Q2,2012,Q2,2011-12-13,2011-10-31,-125000.0,25962000.0,-160000.0,-0.05,3845000.0,0.14810107079577844,60110000.0,30676000.0,40015000.0,18476000.0,27935000.0,10370000.0,28599000.0,24809979.999999996,32769979.999999996,11.894532764637457,2.1657826369344013,0.18585925802695058,0.3641935063241622,-0.002362382690095143,11.894532764637457,-0.004074846785760856,0.9556266851552268,-49.61996,0.8087749380623287,-2.064,2.1327868852459018,0.010399041031068949,0.4319081683580103,1.4446308724832215,-0.002079520878389619,10.486043956043954,0.14810107079577844,-6.0,-1.2122728459076317,0.1730744798254058,0.1438286505161898,-0.08190066857688634,-6.681818181818182,-1.6866952789699572,-1.0845879497496593,-0.0725371635798176,0.07243034842433141,"Furnishings, Fixtures & Appliances",Consumer Cyclical,KEQU
2012Q1,2012,Q1,2011-09-14,2011-07-31,22000.0,26321000.0,233000.0,0.01,4188000.0,0.1591124957258463,63762000.0,31311000.0,43448000.0,21377000.0,30817000.0,10261000.0,28982000.0,25867370.0,35788370.0,12.140752229546337,2.0324647986153344,0.19718641196951162,0.4015521701638402,0.004176132417451932,12.140752229546337,0.0007026284692280668,0.9827654724364576,293.9473863636363,0.8261432084570917,11.727272727272727,2.1570022414969303,0.00997395560507311,0.4128007277061573,1.4002900313420967,0.0003450330918101691,-21.719034424853064,0.1591124957258463,-0.8976587301587302,-0.8401665272137303,0.31818633995633294,0.1878584435033165,-0.10988310308182785,-0.9126984126984127,-0.5612052730696798,-0.9778173825365148,0.025211064177847357,0.12242448945648185,"Furnishings, Fixtures & Appliances",Consumer Cyclical,KEQU
2011Q4,2011,Q4,2011-07-15,2011-04-30,252000.0,26952000.0,531000.0,0.097712291585886,4705000.0,0.17456960522410211,63058000.0,31491000.0,42379000.0,20264000.0,30042000.0,10466000.0,29218000.0,28626900.0,36762900.0,12.210546723536254,2.0913442558231345,0.1671159884550731,0.33463529262328917,0.010541570713888669,12.210546723536254,0.00800228636753358,1.0621438112199466,28.39970238095238,0.9090502048204249,1.0238095238095237,2.1256449455379323,0.009012502226926422,0.42741602968695486,1.4680221081721279,0.003996320847473755,-5.2885460927397006,0.17456960522410211,2.2570763861962,1.9586576009134957,0.09792584678297336,0.19113295369342928,0.13019457122267594,1.930232558139535,2.4038461538461537,-0.44111198243140093,0.20543426738398157,0.15593961078194163,"Furnishings, Fixtures & Appliances",Consumer Cyclical,KEQU
2011Q3,2011,Q3,2011-03-15,2011-01-31,86000.0,22568000.0,156000.0,0.03,4163000.0,0.18446472881956752,57192000.0,31193000.0,36112000.0,14771000.0,24650000.0,10521000.0,29224000.0,35342720.0,37876720.0,12.109083850931677,2.4447904678085437,0.08207441600223808,0.15048248004359951,0.003110780145373935,12.109083850931677,0.0027570288205687175,1.5660545905707195,102.74046511627907,1.1330336934568654,3.0,1.7493584260051327,0.007299947485649095,0.39460064344663587,1.5717283867036762,0.0015037068121415583,7.56803426124197,0.18446472881956752,-0.9090909090909092,1.1499020759890324,0.23178102891682115,0.16365251259146,-0.23149344655713494,-0.8994152046783626,-0.8862973760932945,-0.8941417806415637,0.018091271962154345,0.14665426300202034,"Furnishings, Fixtures & Appliances",Consumer Cyclical,KEQU
2011Q2,2011,Q2,2010-12-13,2010-10-31,855000.0,25625000.0,1372000.0,0.33,5417000.0,0.2113951219512195,60782000.0,31295000.0,40046000.0,18265000.0,28134000.0,9058000.0,29396000.0,28251540.0,35197540.0,12.162844928099494,2.192499315630988,0.1348096475930374,0.26183096341268575,0.02353321282931217,12.162844928099494,0.02732065825211695,1.1024991219512195,8.260684210526316,0.902749320977792,0.30058479532163745,2.230956060940605,0.00909684923370549,0.4215886282122997,1.546181220914317,0.01406666447303478,-29.24590062111801,0.2113951219512195,0.32000000000000006,2.4647863962260166,0.11198106904361567,0.13998080189649237,0.08361672334466894,0.3013698630136986,0.2495446265938069,-0.3085372470399002,0.0157755177796886,0.17707962044002,"Furnishings, Fixtures & Appliances",Consumer Cyclical,KEQU
2011Q1,2011,Q1,2010-09-14,2010-07-31,657000.0,24858000.0,1098000.0,0.25,4999000.0,0.20110226084158017,59380000.0,30740000.0,39745000.0,20804000.0,27367000.0,8226000.0,28798000.0,29100630.0,34961630.0,11.947143412359114,1.9104499134781772,0.1275513640956551,0.24638906961613533,0.019613420564292196,11.947143412359114,0.021372804163955757,1.1706746319092445,11.073299086757991,0.9466698113207547,0.3911719939117199,2.414174568441527,0.008831423924499229,0.41862579993263727,1.4053547394731782,0.01106433142472213,-12.836625496250551,0.20110226084158017,0.21827651515151508,-0.16603258253493416,0.18551562065451271,0.12031162308932884,0.05375210792580101,0.24431818181818182,0.4204398447606727,-0.05212080253626747,0.16301299962570978,0.2057988228205931,"Furnishings, Fixtures & Appliances",Consumer Cyclical,KEQU
2010Q4,2010,Q4,2010-07-16,2010-04-30,528000.0,23942000.0,773000.0,0.20520792848814615,4744000.0,0.19814551833597863,56621000.0,30433000.0,38582000.0,18497000.0,24949000.0,8350000.0,28398000.0,33937870.0,37288870.0,11.827827438787407,2.0858517597448234,0.08749403931403543,0.16278382019518287,0.014361843588217557,11.827827438787407,0.01734958761870338,1.4175035502464288,16.069067234848482,1.1151667597673578,0.48674242424242425,2.2991616766467065,0.0075726614545933504,0.42284664700376184,1.507866140455209,0.009325162042351778,-20.53107683000605,0.19814551833597863,-0.14496696463272435,0.7393814890900007,0.20740888320859074,0.13413159326862212,0.012593383137673426,-0.1497584541062802,-0.2436399217221135,-0.006904763873613821,0.024661701305036237,0.2305898308319233,"Furnishings, Fixtures & Appliances",Consumer Cyclical,KEQU
2010Q3,2010,Q3,2010-03-12,2010-01-31,621000.0,21814000.0,1022000.0,0.24,4685000.0,0.2147703309801045,51603000.0,29674000.0,34959000.0,13632000.0,20304000.0,7924000.0,28127000.0,37211965.0,38418965.0,11.550797975866097,2.564480633802817,0.05823304846617445,0.10126710251398531,0.020574572806760106,11.550797975866097,0.020927411201725418,1.705875355276428,14.98066223832528,1.2540259149423736,0.41545893719806765,2.161660777385159,0.006933253860687013,0.42272736081235585,1.82981220657277,0.012034184059066333,17.29180529739777,0.2147703309801045,-0.5471698113207547,1.811842211564591,0.3544245271024118,0.11550877987359759,-0.24557165861513688,-0.540680473372781,-0.5425246195165622,0.8765947694109857,0.1728936526201974,0.10370354892094763,"Furnishings, Fixtures & Appliances",Consumer Cyclical,KEQU
2010Q2,2010,Q2,2009-12-11,2009-10-31,1352000.0,27088000.0,2234000.0,0.53,6210000.0,0.22925280567040757,56024000.0,29246000.0,39534000.0,18654000.0,25202000.0,8117000.0,27764000.0,33920000.0,36971000.0,11.42421875,2.1193309745899005,0.09763672711694987,0.18703412432469396,0.04199858520353599,11.42421875,0.046228544074403334,1.2522150029533372,6.272189349112427,1.1598167270737878,0.1893491124260355,2.5721325612911174,0.007547169811320755,0.48350706839925744,1.5683499517529753,0.02413251463658432,60.57142857142857,0.22925280567040757,0.26190476190476203,11.18599537037037,0.43580043561121706,0.06279736905961851,0.07737682165163082,0.2623716153127918,0.2424916573971079,1.3129833040421792,0.23303600654664483,0.09860126283090213,"Furnishings, Fixtures & Appliances",Consumer Cyclical,KEQU
2010Q1,2010,Q1,2009-09-11,2009-07-31,1071000.0,26249000.0,1798000.0,0.42,5764000.0,0.2195893176882929,54964000.0,27944000.0,38230000.0,19427000.0,25578000.0,9348000.0,26668000.0,30416400.0,33941400.0,10.932707355242567,1.9678797549801823,0.1162943017247653,0.22874320068708845,0.034469245277184354,10.932707355242567,0.03832665330661322,1.1587641433959388,7.1000000000000005,1.0884769539078156,0.19140989729225025,2.19137783483098,0.006739785115924304,0.47756713485190305,1.3855973644927164,0.019485481406011206,-39.76,0.2195893176882929,0.16686956521739132,4.405933007370649,0.26041053431524996,0.01549749373499431,0.13710791083053855,0.1641304347826087,0.08052884615384616,6.851000741289844,0.3264096633056113,0.06966261206378002,"Furnishings, Fixtures & Appliances",Consumer Cyclical,KEQU
2009Q4,2009,Q4,2009-07-20,2009-04-30,920000.0,24828000.0,1664000.0,0.3599374021909233,5069000.0,0.20416465281134202,52529000.0,26953000.0,37545000.0,18663000.0,24270000.0,7839000.0,25802000.0,23975280.000000004,26557280.000000004,10.544992175273865,2.011734447837968,0.11308039368729654,0.2203836307646644,0.029360023268209058,10.544992175273865,0.03413349163358439,0.965654905751571,6.515021739130436,0.8895217601009164,0.22934782608695653,2.520602117617043,0.008800731420029295,0.47265320108892234,1.5048491668006216,0.017514135049210913,16.93169491525424,0.20416465281134202,0.028392577688352336,2.0693292173130104,-0.018747153699918796,-0.01993092768347864,0.027361167409809484,0.04308390022675737,0.11378848728246319,4.531354355353468,0.020502893697202804,0.028658909448934157,"Furnishings, Fixtures & Appliances",Consumer Cyclical,KEQU
2009Q3,2009,Q3,2009-03-11,2009-01-31,882000.0,26023000.0,1494000.0,0.35,4934000.0,0.18960150635975867,53514000.0,29119000.0,36849000.0,19100000.0,23115000.0,7678000.0,25087000.0,23464080.0,27091080.0,11.392410015649451,1.9292670157068064,0.11367118884777815,0.20890140458120127,0.027741135347123955,11.392410015649451,0.030289501699921013,0.9016669868962072,6.650816326530612,0.8057996497132457,0.7970521541950113,2.746678822610055,0.02996068884865718,0.48628396307508315,1.4352879581151832,0.01648166834846956,64.10950819672131,0.18960150635975867,-0.38596491228070173,1.9479212042011516,0.1797483001444441,0.06268174923659663,-0.18026250207675693,-0.3975409836065574,-0.3086534012031467,2.5493972846085518,0.4314718396388512,0.09478195893099003,"Furnishings, Fixtures & Appliances",Consumer Cyclical,KEQU
2009Q2,2009,Q2,2008-12-12,2008-10-31,1464000.0,27732000.0,2161000.0,0.57,6019000.0,0.21704168469637963,53268000.0,28338000.0,36483000.0,19073000.0,23222000.0,6866000.0,24410000.0,23123005.5,26398005.5,11.09119373776908,1.9128086824306612,0.0991214237440865,0.18632225280542028,0.04629769230269666,11.09119373776908,0.05166207918695744,0.8338023041973172,3.9486006659836073,0.815971681134872,0.13866120218579234,3.1623944072240024,0.008779135566957332,0.5206127506195088,1.4570335028574424,0.02748366749267853,70.2826914893617,0.21704168469637963,0.49999999999999983,2.4078071892058905,0.10658928764041488,0.03918545328812928,0.12483647916277331,0.4923547400611621,0.22436260623229462,4.974482719092108,0.21189109101097606,0.0395386939416484,"Furnishings, Fixtures & Appliances",Consumer Cyclical,KEQU
2009Q1,2009,Q1,2008-09-12,2008-07-31,981000.0,25395000.0,1765000.0,0.38,5351000.0,0.21071076983658202,52710000.0,27593000.0,35095000.0,18771000.0,23270000.0,7310000.0,23149000.0,28469160.0,31426160.0,10.816542532340259,1.8696393372755846,0.11379244925061659,0.21737397165947886,0.03509558310484649,10.816542532340259,0.03555249519805748,1.1210537507383342,7.255137614678898,1.031752980828471,0.2089704383282365,2.741997264021888,0.007200774452073753,0.4817871371656232,1.390442704171328,0.01861126920887877,-18.84127068166777,0.21071076983658202,1.1734977578475336,1.072927038947765,0.021681547259836825,0.02334227491302611,0.1794137094996694,1.1995515695067265,1.2370088719898606,0.25597804782438255,0.22157079679328004,0.014292530219827888,"Furnishings, Fixtures & Appliances",Consumer Cyclical,KEQU
2008Q4,2008,Q4,2008-07-18,2008-04-30,446000.0,22116000.0,789000.0,0.17483339866718933,4537000.0,0.20514559594863446,50606000.0,26947000.0,33182000.0,17262000.0,21891000.0,6984000.0,22373000.0,39795600.0,41038600.0,10.563308506468053,1.9222569806511411,0.09631269019483855,0.1808735666307938,0.014700774166244115,10.563308506468053,0.01655100753330612,1.7994031470428649,22.30695067264574,1.4768100345121904,0.3991031390134529,2.5170389461626574,0.004472856295670878,0.4370232778721891,1.3828640945429267,0.008813184207406236,79.27410358565737,0.20514559594863446,-0.43602129462196987,1.74394006110953,0.3924386162410912,0.012021807331834042,-0.058518364805976344,-0.44389027431421446,-0.4829619921363041,0.48192118870284295,0.12494126841845753,0.012881018820208073,"Furnishings, Fixtures & Appliances",Consumer Cyclical,KEQU
2008Q3,2008,Q3,2008-03-14,2008-01-31,802000.0,21883000.0,1526000.0,0.31,4819000.0,0.22021660649819494,47558000.0,26855000.0,30025000.0,15354000.0,19018000.0,6130000.0,22105000.0,44248200.0,46064200.0,10.560361777428234,1.9555164777908036,0.0846124731906304,0.14984174269223607,0.034664294716670645,10.560361777428234,0.02986408490039099,2.022035369921857,13.793079800498752,1.647670824799851,0.2231920199501247,2.7836867862969004,0.00404536229722339,0.4601328903654485,1.4470496287612349,0.016863619159762817,-199.31621621621622,0.22021660649819494,-0.3404255319148936,17.62217478418815,0.30278206365080174,-0.018340372276996128,-0.13218080316945796,-0.33828382838283827,-0.30096197892808063,2.059185778199868,0.3726003503359952,0.019858221568406415,"Furnishings, Fixtures & Appliances",Consumer Cyclical,KEQU
2008Q2,2008,Q2,2007-12-11,2007-10-31,1212000.0,24727000.0,2183000.0,0.47,5553000.0,0.22457232984187325,47022000.0,26060000.0,29595000.0,15579000.0,19500000.0,6421000.0,21482000.0,39267540.0,40913540.0,10.333068992862808,1.8996726362410938,0.05714346476117562,0.10310821181887951,0.051338805943897795,10.333068992862808,0.046508058326937836,1.588043029886359,8.099740099009901,1.5068127398311588,0.14521452145214522,2.9861392306494317,0.004482073488688112,0.5258602356343839,1.381346684639579,0.025775169069797117,19.86218512898331,0.22457232984187325,0.7407407407407405,10.607543935944335,0.2210703657599609,-0.04387002973734079,0.30260380014074595,0.798219584569733,-0.3065438373570521,10.088730284606575,0.33040372411318386,-0.03871251240474413,"Furnishings, Fixtures & Appliances",Consumer Cyclical,KEQU
2008Q1,2008,Q1,2007-09-12,2007-07-31,674000.0,20784000.0,3148000.0,0.27,4263000.0,0.2051096997690531,44899000.0,24790000.0,28117000.0,15166000.0,18898000.0,5694000.0,20446000.0,36279000.0,39425000.0,9.908073541167067,1.8539496241593036,0.10147219314461346,0.1837837837837838,0.07311935437881548,9.908073541167067,0.02718838241226301,1.7455254041570438,13.45660237388724,1.46345300524405,0.2596439169139466,2.9014752370916757,0.004823727225116459,0.4629056326421524,1.3621917446920744,0.015011470188645628,-25.693342776203966,0.2051096997690531,0.3066537717601548,1.0536410377870544,0.05736549642017899,-0.09653936626245369,0.0021156558533145277,0.3036750483558994,2.5331088664421997,2.4754786844099854,0.019534530104622857,-0.07967683375588476,"Furnishings, Fixtures & Appliances",Consumer Cyclical,KEQU
2007Q4,2007,Q4,2007-07-18,2007-04-30,517000.0,22721000.0,891000.0,0.20663469224620304,4254000.0,0.18722767483825536,45240000.0,24048000.0,28514000.0,16183000.0,20010000.0,5869000.0,19947000.0,27446940.0,29540940.0,9.611510791366907,1.7619724402150405,0.08507957559681698,0.16005489021956087,0.01953970323899482,9.611510791366907,0.021498669328010644,1.207998767659874,13.272214700193425,1.1413398203592815,0.3365570599613153,3.1465326290679845,0.006339504513071402,0.5022325375773652,1.3157016622381512,0.011427939876215739,7.808517780938834,0.18722767483825536,0.5894976326631003,-0.07705661871949093,0.02957879725779656,-0.11784959666036482,0.173841059602649,0.6105919003115264,0.12075471698113208,0.7620561085378272,-0.08263919920090546,-0.10669023662783779,"Furnishings, Fixtures & Appliances",Consumer Cyclical,KEQU
2007Q3,2007,Q3,2007-03-16,2007-01-31,321000.0,18041000.0,795000.0,0.13,3624000.0,0.2008757829388615,47108000.0,26080000.0,27379000.0,16036000.0,19850000.0,5997000.0,20025000.0,24371760.0,29874760.0,10.465489566613162,1.707345971563981,0.1358368005434321,0.24536042944785277,0.016299077863144586,10.465489566613162,0.012308282208588957,1.3509095948118175,18.9811214953271,0.9345,0.5451713395638629,2.404035351008838,0.007180441625881759,0.3829710452577057,1.2434522324769268,0.006814129234949478,7.902645914396887,0.2008757829388615,-0.43478260869565216,-0.23703543647363864,-0.14230733076106064,-0.0266130797170908,-0.11176470588235295,-0.4358523725834798,-0.3268416596104996,0.10043686187552756,-0.16110922903323271,-0.023781206611372188,"Furnishings, Fixtures & Appliances",Consumer Cyclical,KEQU
2007Q2,2007,Q2,2006-12-14,2006-10-31,569000.0,21385000.0,1181000.0,0.23,4080000.0,0.19078793546878653,49232000.0,25914000.0,29982000.0,18363000.0,22268000.0,5346000.0,19879000.0,,,,,,,,,,,,,,,,,,,,,,,,,,,,,,,"Furnishings, Fixtures & Appliances",Consumer Cyclical,KEQU
2007Q1,2007,Q1,2006-09-14,2006-07-31,133000.0,19294000.0,491000.0,0.05,3128000.0,0.162122939774023,48196000.0,25470000.0,29055000.0,18044000.0,21807000.0,6156000.0,19484000.0,,,,,,,,,,,,,,,,,,,,,,,,,,,,,,,"Furnishings, Fixtures & Appliances",Consumer Cyclical,KEQU
