Quarters,Year,Quarter,FillingDate,Date,NetIncome,Revenue,OperatingIncome,EPSDiluted,GrossProfit,GrossProfitRatio,TotalAssets,CommonStockEquity,CurrentAssets,CurrentLiability,TotalLiability,Inventory,RetainedEarnings,MarketCap,EnterpriseValue,bookValuePerShare,currentRatio,debtToAssets,debtToEquity,roic,shareholdersEquityPerShare,roe,priceToSalesRatio,peRatio,pbRatio,payoutRatio,inventoryTurnover,dividendYield,assetTurnover,quickRatio,returnOnAssets,priceToFreeCashFlowsRatio,grossProfitMargin,epsdilutedGrowth,fiveYNetIncomeGrowthPerShare,fiveYRevenueGrowthPerShare,fiveYShareholdersEquityGrowthPerShare,grossProfitGrowth,netIncomeGrowth,operatingIncomeGrowth,threeYNetIncomeGrowthPerShare,threeYRevenueGrowthPerShare,threeYShareholdersEquityGrowthPerShare,Industry,Sector,Symbol
2023Q1,2023,Q1,2023-03-31,2023-03-31,51441000.0,555336000.0,80978000.0,0.09,106990000.0,0.1926581385,5180059000.0,3084731000.0,259171000.0,286760000.0,2095328000.0,0.0,-3263880000.0,2763852696.675,3720873696.675,5.659413057597117,0.9037906263077138,0.18599517881939182,0.31233387935609297,0.015082757969087425,5.659413057597117,0.016676008378040095,4.9769017255769485,13.432148950618185,0.8959785137423653,0.0,0.0,0.0,0.10720650092981567,0.8364346491839866,0.009930581871750882,-55.68354380326383,0.19265813849633376,-0.8571428571428572,1.3555780043540748,-0.1583462747537244,-0.30646951010886603,-0.4601181795703754,-0.854195069825712,-0.44859660352176933,1.02114800162564,0.6943914257150484,4.067494465381245,Oil & Gas E&P,Energy,BTE
2022Q4,2022,Q4,2022-12-31,2022-12-31,352807000.0,648986000.0,146858000.0,0.63,198173000.0,0.3053578968,5103769000.0,3030417000.0,244054000.0,288529000.0,2073352000.0,0.0,-3315321000.0,3378915019.9419994,4310618019.941999,5.47590841493362,0.8458560491319763,0.1836225346405764,0.30925347897665567,0.03306478697518599,5.47590841493362,0.11642193137116114,5.206452866382325,2.3943083753596155,1.115000021430054,0.0,0.0,0.0,0.1271581844711232,0.8108335730550482,0.06912675710832523,17.034599507662985,0.30535789678051606,0.3404255319148937,0.9813061132020268,-0.08292245501407668,-0.3242208816325584,-0.22901583028256411,0.3315079556776667,-0.3459052828020541,4.030295093539821,0.4722870950274885,0.04011470998951902,Oil & Gas E&P,Energy,BTE
2022Q3,2022,Q3,2022-09-30,2022-09-30,264968000.0,712065000.0,224521000.0,0.47,257039000.0,0.3609768771,4923617000.0,2723449000.0,268201000.0,331597000.0,2200168000.0,0.0,-3668128000.0,3193523558.351,4283505558.351,4.921222820734755,0.8088161231856742,0.2222739908485977,0.401840460386811,0.0547354180784459,4.921222820734755,0.09729133903370323,4.4848764626136655,3.013121922601031,1.1726026660866424,0.0,0.0,0.0,0.1446223376026202,0.7723200149579158,0.05381572124720505,22.360165509172255,0.3609768771109379,0.4687499999999999,13.216313335810208,0.19070901888246755,-0.36920492941374633,-0.2943238754135266,0.4641380987114029,-0.3303517635900525,16.630025144946874,0.690598393365739,-0.11639198496427067,Oil & Gas E&P,Energy,BTE
2022Q2,2022,Q2,2022-06-30,2022-06-30,180972000.0,854169000.0,335282000.0,0.32,364245000.0,0.4264320058,4810150000.0,2419611000.0,344362000.0,551558000.0,2390539000.0,7245000.0,-3933096000.0,3530345811.6228004,4674003811.622801,4.267414113302187,0.6243441306263349,0.2362531313992287,0.4696676449230889,0.07669330330684403,4.267414113302187,0.07479384082813312,4.1330764891055525,4.876922689176779,1.4590551173815958,0.0,67.62236024844721,0.0,0.17757637495712192,0.5786118594961908,0.037622943151460975,13.426788617719344,0.4264320058442767,2.2064128256513027,7.065641376463063,0.28594475808141134,-0.4819220290316647,0.40693259377426194,2.1828766400506523,0.41522343833760356,1.2537386765334806,0.7396361674420152,-0.22459955711944182,Oil & Gas E&P,Energy,BTE
2022Q1,2022,Q1,2022-03-31,2022-03-31,56858000.0,673825000.0,236911000.0,0.0998,258893000.0,0.3842140022,4836189000.0,2241814000.0,288922000.0,548406000.0,2594375000.0,7330000.0,-4114068000.0,3082097756.5848002,4385612756.584801,3.9641779748832042,0.5268396042348187,0.26801785455448496,0.5781857906142079,-0.3972653568744727,3.9641779748832042,0.025362496621039926,4.574032956012021,13.551733074434559,1.374823137238326,0.0,56.60736698499318,0.0,0.13932974910616602,0.5022027475994063,0.01175677790921736,68.92143734396566,0.38421400215189405,-0.8991919191919192,1.1204677581482594,0.0701982872282023,-0.5306229779041604,0.3826578296651944,-0.8990517346987691,0.445981164665743,3.9263004745085377,0.4595929998314023,-0.27206805916896665,Oil & Gas E&P,Energy,BTE
2021Q4,2021,Q4,2021-12-31,2021-12-31,563239000.0,552403000.0,163841000.0,0.99,187243000.0,0.3389608673,4834643000.0,2211329000.0,182063000.0,338730000.0,2623314000.0,7765000.0,-4170926000.0,2227020968.1528,3622248968.1528,3.91027164475755,0.5374870841082868,0.28698354769938544,0.6274340000967744,0.044762421586326866,3.91027164475755,0.25470610659924414,4.03151497756674,0.98848844280705,1.0070961707429333,0.0,47.026400515132,0.0,0.1142593155275374,0.48901484958521535,0.11650063924058095,13.514214782074264,0.33896086733779507,15.5,1.6484734323101025,-0.01940316254722138,-0.5375948438063398,0.17345173783888798,16.217589337572218,0.207652448237991,3.392338723440236,0.5136739972839286,-0.28916135311470875,Oil & Gas E&P,Energy,BTE
2021Q3,2021,Q3,2021-09-30,2021-09-30,32713000.0,488736000.0,135669000.0,0.06,159566000.0,0.3264871014,4453971000.0,1652146000.0,184586000.0,405241000.0,2801825000.0,0.0,-4734165000.0,1941188877.7280998,3491233877.7281,2.9282413848719715,0.4554968524902465,0.3460476056085682,0.9328993926686867,0.03190024150965416,2.9282413848719715,0.019800308205207045,3.9718557211420884,14.834995855837892,1.1749499606742382,0.0,0.0,0.0,0.1097303956402051,0.4165101754264746,0.007344681858054307,22.978360038922098,0.32648710142080795,-0.9675675675675676,1.3109705742910926,-0.07315394636419595,-0.7146073338295226,0.0824345041854912,-0.9689334937640017,0.06508973292091257,-0.2059042734741965,-0.2553988772306846,-0.6515153095970776,Oil & Gas E&P,Energy,BTE
2021Q2,2021,Q2,2021-06-30,2021-06-30,1052999000.0,442354000.0,127378000.0,1.85,147414000.0,0.3332489364,4438162000.0,1591804000.0,173029000.0,403133000.0,2846358000.0,0.0,-4766879000.0,1361292631.632,2949819631.632,2.8215670842816527,0.4292107071363545,0.3582343321401968,0.9988051292747097,0.03788309881452952,2.8215670842816527,0.6615129752155416,3.077382891602653,0.3231941890809013,0.8551885983651253,0.0,0.0,0.0,0.09967053929081453,0.4131638938017974,0.23726015409081508,12.36740496254236,0.33324893637222675,30.411764705882355,5.524698236998018,-0.15574776822230002,-0.7277116122089347,0.3489074338420995,30.78612242588821,0.34370648550571753,8.516327630440005,-0.46623405022077513,-0.6518402492900832,Oil & Gas E&P,Energy,BTE
2021Q1,2021,Q1,2021-03-31,2021-03-31,-35352000.0,384702000.0,94796000.0,-0.0629,109284000.0,0.2840744264,3338408000.0,537266000.0,157669000.0,299814000.0,2801142000.0,0.0,-5819878000.0,726347596.23,2468517596.23,0.9558447565759627,0.5258893847518795,0.518844610964268,3.2239430747525435,0.04925625192705382,0.9558447565759627,-0.06579980866088679,1.8880785549074348,-5.136538217286151,1.3519329275070449,0.0,0.0,0.0,0.11523516598330702,0.4915547639536513,-0.010589478577813137,19.485663596684194,0.2840744264391659,-1.1612820512820512,-22.827776826275446,-0.06130805610423309,-0.910934580978071,23.29613161405069,-1.1598480737927293,12.282551773387288,0.7630354480019663,-0.43461279485516097,-0.8828663899345319,Oil & Gas E&P,Energy,BTE
2020Q4,2020,Q4,2020-12-31,2020-12-31,221160000.0,233636000.0,-8402000.0,0.39,4498000.0,0.01925217,3408096000.0,578213000.0,112534000.0,198856000.0,2829883000.0,0.0,-5784526000.0,387016769.31299996,2191257769.3129997,1.028693169182597,0.5659069879711952,0.5261486178793086,3.1012187550262618,-0.0024269571265061957,1.028693169182597,0.3824888060282284,1.6564945869343763,0.4374850439873847,0.669332528519767,0.0,0.0,0.0,0.06855323324225608,0.484777929758217,0.06489253823835948,-14.310104245257902,0.019252170042288002,10.330143540669857,1.2007338724518477,-0.7926485857998852,-0.9102468859029568,-0.7105534105534106,10.433543763862822,-0.33153724247226624,0.22282747895468805,-0.6749465980187779,-0.8730494905566729,Oil & Gas E&P,Energy,BTE
2020Q3,2020,Q3,2020-09-30,2020-09-30,-23444000.0,252538000.0,-6310000.0,-0.0418,15540000.0,0.0615352937,3156414000.0,384277000.0,139135000.0,206107000.0,2772137000.0,0.0,-6005686000.0,263121722.17606398,2089563722.176064,0.6848294863204117,0.6750619823683814,0.5753199675327761,4.725622402589798,-0.002983841227978166,0.6848294863204117,-0.0610080749043008,1.0419094242294782,-2.805853546494455,0.684718893340127,0.0,0.0,0.0,0.08000788236270653,0.4216014012139326,-0.007427416048718578,3.384376330307205,0.061535293698374106,0.8328,0.983219726358556,-0.5566266515095051,-0.9480550726748865,1.238424008100893,0.830684009446567,0.9214265257075971,-0.0660135520755836,-0.5835172505929983,-0.912219568205096,Oil & Gas E&P,Energy,BTE
2020Q2,2020,Q2,2020-06-30,2020-06-30,-138463000.0,152689000.0,-80307000.0,-0.25,-65178000.0,-0.4268676853,3267820000.0,435653000.0,143676000.0,203885000.0,2832167000.0,0.0,-5982242000.0,384587080.48384,2318335080.48384,0.7772411652203699,0.7046913701351252,0.5880960395615425,4.411290637273242,-0.039983800056575015,0.7772411652203699,-0.3178286388478904,2.5187608831274026,-0.6943860101323819,0.8827830417415696,0.0,0.0,0.0,0.04672503381459199,0.4405130343085563,-0.04237167285835817,26.346994621075563,-0.42686768529494595,0.9439461883408071,-0.8869369787101716,-0.7903609016522242,-0.9474554986401106,-0.7306497437667614,0.9445752710833366,-0.4386521201698286,-7.2424792179956965,-0.7674683336918119,-0.9056403913144392,Oil & Gas E&P,Energy,BTE
2020Q1,2020,Q1,2020-03-31,2020-03-31,-2498217000.0,336614000.0,-55821000.0,-4.46,-37661000.0,-0.1118818587,3441040000.0,625193000.0,204351000.0,230528000.0,2815847000.0,0.0,-5843779000.0,185282198.12564,2138975198.12564,1.1168069538624232,0.8864476332593004,0.5640597028805245,3.104564510479164,-0.019444914527599576,1.1168069538624232,-3.995913261984699,0.5504292695064377,-0.01854144357011821,0.2963600010327051,0.0,0.0,0.0,0.09782333248087788,0.4119152554136591,-0.7260063817915514,35.7825797847895,-0.11188185874621971,-20.238095238095237,-3.2772478995853405,-0.5570947711539723,-0.9258561928220529,-1.6084659503998708,-20.212317019325475,-2.231952506013992,-95.11973353370661,-0.4599179522569812,-0.8677648870506843,Oil & Gas E&P,Energy,BTE
2019Q4,2019,Q4,2019-12-31,2019-12-31,-117772000.0,445895000.0,45311000.0,-0.21,61895000.0,0.1388107066,5914083000.0,2947209000.0,184767000.0,233499000.0,2966874000.0,0.0,-3345562000.0,1060149537.7479999,2902047537.748,5.264715864838408,0.7912967507355492,0.31238486169368945,0.6268540846611149,0.006494897220289526,5.264715864838408,-0.03996051857876384,2.3775766441606208,-2.2504278133766937,0.35971304978642504,0.0,0.0,0.0,0.07539545860279608,0.76802898513484,-0.019913822650104843,13.120987372806256,0.1388107065564763,-8.0,0.9019621257192978,-0.6383526646657531,-0.6458927348452577,0.2649445137029695,-8.773216289353838,0.5527037214721403,0.8630216423231087,-0.20039132411612737,-0.37742643402801557,Oil & Gas E&P,Energy,BTE
2019Q3,2019,Q3,2019-09-30,2019-09-30,15151000.0,424600000.0,29182000.0,0.03,48931000.0,0.1152402261,6233875000.0,3107137000.0,216655000.0,218063000.0,3126738000.0,0.0,-3227790000.0,1090922089.6000001,3038134089.6000004,5.56946376333601,0.9935431503739744,0.3100998977361593,0.6221560233745728,0.005227467726712334,5.56946376333601,0.004876193099950211,2.5692936636834673,18.000826506501223,0.3511020240176085,0.0,0.0,0.0,0.06811172825890799,0.7211172917918216,0.0024304305107176517,19.56951332113515,0.11524022609514838,-0.7857142857142857,-0.9687375791969355,-0.7383955943130938,-0.6720320471164466,-0.3593574065830475,-0.807791845330221,-0.4436861369528748,1.1456581364477794,-0.18565620058005808,-0.4571881536918378,Oil & Gas E&P,Energy,BTE
2019Q2,2019,Q2,2019-06-30,2019-06-30,78826000.0,482000000.0,52456000.0,0.14,76378000.0,0.1584605809,6222190000.0,3063241000.0,195283000.0,233611000.0,3158949000.0,0.0,-3242941000.0,1147597209.6975002,3123367209.6975,5.503497131687265,0.8359323833209908,0.31511188182938804,0.6400691293959567,0.010551873892632973,5.503497131687265,0.025732875735209864,2.380907074061204,3.639653190880865,0.3746349731207894,0.0,0.0,0.0,0.07746468687069986,0.6090595049034506,0.012668529890601219,8.290210143161067,0.15846058091286308,6.0,-0.47806695960020085,-0.6774615927142249,-0.7148626827083623,0.355782373302565,5.953599153140438,0.6119971727973941,1.3433111750208504,-0.06759179514034364,-0.468898553024695,Oil & Gas E&P,Energy,BTE
2019Q1,2019,Q1,2019-03-31,2019-03-31,11336000.0,453424000.0,32541000.0,0.02,56335000.0,0.1242435336,6359157000.0,3024809000.0,208935000.0,242614000.0,3334348000.0,0.0,-3321767000.0,1272253623.0456,3411954623.0456,5.445808533085601,0.8611827841756865,0.3338698824388201,0.701905806283967,-0.027966667336206254,5.445808533085601,0.0037476746465644607,2.805880639413882,28.057816316284402,0.4206062673860068,0.0,0.0,0.0,0.07130253270991736,0.6792518156413068,0.0017826262191671003,368.0224538749204,0.12424353364621193,1.0476190476190477,-0.946274033077843,-0.6693504577248448,-0.4683841916246539,2.483905805499947,1.0490230844411386,1.4147992351816443,6.083073700306023,0.11961718963637173,-0.4925606741308526,Oil & Gas E&P,Energy,BTE
2018Q4,2018,Q4,2018-12-31,2018-12-31,-231238000.0,358437000.0,-78450000.0,-0.42,-37964000.0,-0.1059154049,6377198000.0,3055424000.0,191146000.0,260100000.0,3321774000.0,0.0,-3333103000.0,1331647052.736,3435587052.736,5.500927196194715,0.7348942714340638,0.329916054041289,0.6885918288263757,-0.012511369355937468,5.500927196194715,-0.07568114932657465,3.715149531817307,-1.4396931437912455,0.4358305271988438,0.0,0.0,0.0,0.05620603280625754,0.4289273356401384,-0.036260125528484455,-85.92934456578693,-0.10591540493866426,-6.999999999999999,-2.669766616928528,-0.7004454916197749,-0.4637165920747385,-1.405819410148692,-9.43564862104188,-2.084807168438956,0.7876072474408243,-0.6780810959491427,-0.5200460535069871,Oil & Gas E&P,Energy,BTE
2018Q3,2018,Q3,2018-09-30,2018-09-30,27412000.0,436761000.0,72317000.0,0.07,93549000.0,0.21418808,6491303000.0,3154699000.0,229051000.0,417775000.0,3336604000.0,0.0,-3101865000.0,1466041763.0249999,3424145763.0249996,8.402783437878727,0.5482640177128837,0.3086072241582314,0.635009235429434,0.016720854907028827,8.402783437878727,0.00868926005301932,3.3566224159780744,13.370437792070991,0.4647168439920893,0.0,0.0,0.0,0.06728402602682389,0.5345604691520556,0.004222880983987344,108.58764262091695,0.21418807997966852,1.28,-0.8961847369195951,-0.5743748026990734,-0.19495517196415513,0.50129991012967,1.4664998893824135,0.6621540866047624,1.029324811700991,0.14607722356699482,-0.3626413819380144,Oil & Gas E&P,Energy,BTE
2018Q2,2018,Q2,2018-06-30,2018-06-30,-58761000.0,347605000.0,43508000.0,-0.25,62312000.0,0.1792609427,4476906000.0,1917688000.0,152643000.0,268324000.0,2559218000.0,0.0,-3129277000.0,1039972322.2644,2786668322.2644,8.104231113815779,0.5688756876015564,0.3901569521450752,0.9108342962984594,0.008373519932079729,8.104231113815779,-0.03064158507536158,2.9918221034346457,-4.424585704227294,0.542305277117237,0.0,0.0,0.0,0.077644024690266,0.5301612975358149,-0.0131253593441542,-216.7060475649927,0.17926094273672702,0.07407407407407414,-1.8458072059232618,-0.35095465282594424,-0.21043639169036915,1.9334337632991243,0.06315168521411944,39.285185185185185,-0.8968440139892025,0.13049677800491072,-0.4521227106389613,Oil & Gas E&P,Energy,BTE
2018Q1,2018,Q1,2018-03-31,2018-03-31,-62722000.0,286067000.0,1080000.0,-0.27,21242000.0,0.0742553318,4433074000.0,1928400000.0,127506000.0,223835000.0,2504674000.0,0.0,-3070516000.0,810476416.386,2533216416.386,8.160294522142056,0.5696428172537807,0.38861070218994764,0.8933520016594068,0.00021645794879243308,8.160294522142056,-0.03252540966604439,2.8331699090982183,-3.2304311740139027,0.4202843893310516,0.0,0.0,0.0,0.06453016574954534,0.49396207027497935,-0.014148647191542484,-132.66924478408905,0.07425533179290167,-1.8437500000000002,-4.203387942941124,-0.3487007655320384,-0.21216365451840358,-0.25667494838506494,-1.8248770351666272,-0.8758335249482639,0.7456106833772996,-0.10835679846663698,-0.4582454008971978,Oil & Gas E&P,Energy,BTE
2017Q4,2017,Q4,2017-12-31,2017-12-31,76038000.0,302186000.0,8698000.0,0.32,28577000.0,0.0945675842,4372111000.0,1914885000.0,131354000.0,197211000.0,2457226000.0,0.0,-3007794000.0,918299294.28,2604621294.2799997,8.103103907919515,0.6660581813387692,0.3856997226282681,0.8806387850967552,-0.007442945545419686,8.103103907919515,0.03970891202343744,3.0388545276088235,3.019211756884715,0.47955845613705256,0.0,0.0,0.0,0.06911672645090666,0.572199319510575,0.017391598703692564,143.34987422416484,0.0945675842031067,9.16326530612245,0.2353371013129687,-0.364653480247341,-0.24297104758944407,8.147823911955978,9.239921976592978,1.4084910533978303,1.14994335677578,-0.4194071072017545,-0.4549814201252901,Oil & Gas E&P,Energy,BTE
2017Q3,2017,Q3,2017-09-30,2017-09-30,-9228000.0,254430000.0,-21293000.0,-0.0392,-3998000.0,-0.0157135558,4353637000.0,1836899000.0,108176000.0,146652000.0,2516738000.0,0.0,-3083832000.0,888286905.9589,2585006905.9589,7.8016190205180695,0.7376374001036468,0.38985060077356015,0.9239854776991004,-0.002002657229228888,7.8016190205180695,-0.005023683936895823,3.491282104936132,-24.064989866680214,0.4835796121392085,0.0,0.0,0.0,0.05844079329535283,0.7228404658647682,-0.002119607123882859,54.269727881164464,-0.0157135557913768,-1.9799999999999998,-1.1763539996931114,-0.48347149793283456,-0.2807995988815519,0.5985137577826873,-1.9956840742339232,0.4264202785335237,-1.0451164970723457,-0.6285675333451571,-0.5405875452174412,Oil & Gas E&P,Energy,BTE
2017Q2,2017,Q2,2017-06-30,2017-06-30,9268000.0,274369000.0,-37123000.0,0.04,-9958000.0,-0.0362941878,4582049000.0,1929141000.0,136015000.0,139056000.0,2652908000.0,0.0,-3074604000.0,739429290.3672001,2524158290.3672,8.237011323461598,0.9781311126452652,0.39002158204768217,0.926369819520709,0.006284398894958413,8.237011323461598,0.004804210786044151,2.695017623591587,19.94576204054813,0.3832945805242852,0.0,0.0,0.0,0.05987910648707598,0.8253221723622138,0.002022675881467003,-53.55854631082139,-0.036294187754447475,-0.20000000000000004,-0.9699617065500783,-0.4129096165012564,-0.2622742818863322,-7.382154882154882,-0.1647440519105984,-0.5885574906927982,-0.8541590650010317,-0.5636675096832152,-0.5732387507300067,Oil & Gas E&P,Energy,BTE
2017Q1,2017,Q1,2017-03-31,2017-03-31,11096000.0,260549000.0,-23369000.0,0.05,-1188000.0,-0.004559603,4702423000.0,1976443000.0,134793000.0,155029000.0,2725980000.0,0.0,-3083872000.0,1067064504.3,2877973504.3,8.445615759336809,0.8694695831102568,0.38575006969811093,0.9177901917738078,0.03281067236998637,8.445615759336809,0.005614125982889464,4.095446554390921,24.041647988013697,0.5398913625639595,0.0,0.0,0.0,0.05540739316730971,0.8080036638306382,0.0023596345968876047,-13.01060177162714,-0.004559602992143513,1.0324675324675325,-0.8691364796286973,-0.5453812621174609,-0.16860948754766836,0.9432040923650619,1.0308716168091168,0.34316150430041037,-0.8751830791460934,-0.5490426745568464,-0.17554522494688923,Oil & Gas E&P,Energy,BTE
2016Q4,2016,Q4,2016-12-31,2016-12-31,-359424000.0,233116000.0,-35578000.0,-1.54,-20917000.0,-0.0897278608,4594085000.0,1978961000.0,117095000.0,151009000.0,2615124000.0,0.0,-3094968000.0,1531000214.736,3282365214.736,8.456375523459533,0.7754173592302446,0.3818105237495606,0.8863590540692818,-0.006657371631325875,8.456375523459533,-0.1816225787168115,6.567546692359169,-1.0648984310563567,0.773638396479769,0.0,0.0,0.0,0.05074263972042311,0.7607228708222689,-0.07823625379156024,-53.32637459895507,-0.08972786080749498,-7.105263157894737,-4.151561165392845,-0.7708612209440411,-0.16915140272178242,0.3525551738013434,-8.115495815369009,0.4407381790744467,-7.1600786366150775,-0.5376001096616299,-0.17559100081277984,Oil & Gas E&P,Energy,BTE
2016Q3,2016,Q3,2016-09-30,2016-09-30,-39430000.0,197648000.0,-63616000.0,-0.19,-32307000.0,-0.1634572573,4995876000.0,2169858000.0,125913000.0,145598000.0,2826018000.0,0.0,-2735544000.0,1182145933.4025,3003474933.4025,10.260394649114096,0.8647989670187777,0.36474584237078744,0.8397899770399722,-0.01078137197488761,10.260394649114096,-0.018171696028035013,5.981067015110195,-7.495218953858102,0.5448033619723042,0.0,0.0,0.0,0.03956223092806947,0.6905177268918529,-0.00789250974203523,24.02735636996951,-0.16345725734639358,0.5365853658536585,-1.4186690124494532,-0.5865518395288393,0.0072935454624617445,-0.06902485026968003,0.5464531787386269,-0.24395776300351976,-1.2651030791200586,-0.6580651138924603,-0.016983157195205826,Oil & Gas E&P,Energy,BTE
2016Q2,2016,Q2,2016-06-30,2016-06-30,-86937000.0,195733000.0,-51140000.0,-0.41,-30221000.0,-0.1543991049,5089280000.0,2183870000.0,126431000.0,151507000.0,2905410000.0,0.0,-2678644000.0,1574959521.597,3442688521.597,10.362421648501298,0.8344894955348597,0.3670751068913481,0.8554300393338431,-0.008067562262240816,10.362421648501298,-0.039808688246095236,8.046469024625383,-4.529025390791608,0.721178239362691,0.0,0.0,0.0,0.03845986072686117,0.583603397862805,-0.0170823770749497,81.10404869442299,-0.1543991049031078,-142.3793103448276,-1.446225691504549,-0.62427482453274,0.040131997218008905,0.702165193310272,-144.22405271828666,0.5874808421392272,-2.405036035314515,-0.5896507072836885,0.009570298861358816,Oil & Gas E&P,Energy,BTE
2016Q1,2016,Q1,2016-03-31,2016-03-31,607000.0,153598000.0,-123970000.0,0.0029,-101469000.0,-0.6606140705,5197913000.0,2260812000.0,158677000.0,230090000.0,2937101000.0,0.0,-2591707000.0,1088054546.8586001,2895205546.8586,10.73194026449953,0.6896301447259768,0.34775553188366176,0.7995370689822948,0.0003778028661186489,10.73194026449953,0.000268487605338259,7.08378069283845,448.1279023305602,0.4812671495279573,0.0,0.0,0.0,0.02954993667650844,0.3400538919553218,0.00011677763748642965,-61.632182330270766,-0.6606140704957095,1.0014795918367347,-0.6529923314423853,-0.6546026232896589,0.1344096502072586,0.6820479235929847,1.0014700041654154,-0.4913863625427073,-0.9652236966312949,-0.6077134183547405,0.03611610769297181,Oil & Gas E&P,Energy,BTE
2015Q4,2015,Q4,2015-12-31,2015-12-31,-412924000.0,422296000.0,-83124000.0,-1.96,-319133000.0,-0.7557092655,5488498000.0,2414474000.0,204913000.0,267838000.0,3074024000.0,0.0,-2592314000.0,946826257.536,2801508257.5360003,11.461364650482764,0.7650632098507306,0.3379665985120155,0.7682538722719731,-0.012806309930770272,11.461364650482764,-0.17102027191015517,2.24209146555023,-0.5732448692350166,0.39214597363069553,0.0,0.0,0.0,0.07694199761027516,0.3671622398614088,-0.07523442661361997,-7.015346627170008,-0.7557092655388638,0.21285140562249005,-4.894077360179965,-0.05201551634609594,0.27429556522097837,-10.747793151898348,0.20262775752332696,-0.2511137868753763,-8.525407320680745,-0.004002222607376828,0.07077299922938693,Oil & Gas E&P,Energy,BTE
2015Q3,2015,Q3,2015-09-30,2015-09-30,-517856000.0,211122000.0,-66440000.0,-2.49,32739000.0,0.1550714753,5893759000.0,2742064000.0,176189000.0,273203000.0,3151695000.0,105000.0,-2179390000.0,880910711.296,2645056711.296,13.183760601573168,0.6449014103066218,0.29936395431167107,0.6434492411555675,-0.012525797699900502,13.183760601573168,-0.18885627760694135,4.1725197340684534,-0.42526817845887666,0.3212582606737115,-0.051471837730952236,1698.8857142857144,0.030258458273012757,0.035821281460609436,0.3641870696881074,-0.08786514684431447,21.570330108376798,0.1550714752607497,-18.153846153846157,-8.933018858737748,-0.532782310377007,0.4533484285386056,-0.6040275761973876,-18.211871637915042,-1.467228638271009,-12.203378303156976,-0.5147989579878297,0.21535874642996525,Oil & Gas E&P,Energy,BTE
2015Q2,2015,Q2,2015-06-30,2015-06-30,-26955000.0,267546000.0,-26929000.0,-0.13,82680000.0,0.3090309704,6189417000.0,3045625000.0,200442000.0,308684000.0,3143792000.0,452000.0,-1619984000.0,4035776184.8111997,5696206184.811199,14.79205521234021,0.6493436653665237,0.26831347766679803,0.5452752719064231,-0.00387315713565225,14.79205521234021,-0.008850400164169915,15.084419818689868,-37.430682478308285,1.3251060734040467,-1.600296790947876,408.99557522123894,0.010688402434789128,0.04322636526186554,0.46748778686294074,-0.004355014373728576,67.9103484016154,0.30903097037518784,0.875,-1.4397824188521442,-0.4086374856252621,0.6072563992599089,1.835488185465894,0.8467734600604834,0.692675522687848,-1.0993745020214554,-0.348799407055242,0.3248105563262409,Oil & Gas E&P,Energy,BTE
2015Q1,2015,Q1,2015-03-31,2015-03-31,-175916000.0,228908000.0,-87624000.0,-1.04,29159000.0,0.1273830535,6419922000.0,2539679000.0,293142000.0,380414000.0,3880243000.0,289000.0,-1531255000.0,3358599509.044,5621388509.044001,15.062713884951396,0.7705867817693355,0.3532365346494864,0.8929282007686798,-0.015978946620694573,15.062713884951396,-0.06926702154091127,14.672267937529488,-4.773015969331954,1.32245039985132,-0.22746651811091656,691.1730103806228,0.011914192178093292,0.035655884915735736,0.41296587402146084,-0.027401579022299647,55.50394984455719,0.1273830534537893,0.5162790697674419,-3.2111278114237245,-0.45980633464269394,0.6210702021651431,-0.8318057277997289,0.5137970681230238,-3.6633434650455925,-3.8796179122149668,-0.4456344091089848,0.4827808619979131,Oil & Gas E&P,Energy,BTE
2014Q4,2014,Q4,2014-12-31,2014-12-31,-361816000.0,371353000.0,32900000.0,-2.15,173365000.0,0.4668469085,6230596000.0,2506777000.0,424809000.0,469911000.0,3723819000.0,262000.0,-1304690000.0,3262683050.1727,5323885050.1727,14.86757370690422,0.904020122959454,0.33100268417339207,0.8227074047671572,0.008436475657131489,14.86757370690422,-0.14433513631248412,8.78593427324594,-2.2543800233908255,1.301544991905024,-0.24790501249253763,755.6793893129772,0.027491484346066717,0.05960152126698633,0.4349781128766937,-0.058070849080890496,24.568396462143824,0.4668469084671458,-3.5,-9.451625251083291,-0.0048403372106074465,0.6175733084435846,-0.37152437919158965,-3.506189001794014,-0.7872078959453079,-5.403356108250058,-0.4933700934219711,0.4607561744441485,Oil & Gas E&P,Energy,BTE
2014Q3,2014,Q3,2014-09-30,2014-09-30,144369000.0,483493000.0,154611000.0,0.86,275850000.0,0.5705356644,6437642000.0,2822177000.0,315968000.0,534460000.0,3615465000.0,497000.0,-845783000.0,6972197448.184799,8954343448.1848,16.98173164288852,0.5911911087826965,0.30838915863914146,0.7034636736108331,0.025006243625192645,16.98173164288852,0.05115518977016679,14.420472371233501,12.073570933137999,2.4705032491529764,0.621809391212795,417.7927565392354,0.01287542423563628,0.07510405207372513,0.5031601990794446,0.022425757754159052,60.53253095723078,0.5705356644253381,2.185185185185185,1.2940939906756506,0.34751151804544517,0.8079469017844066,0.22712349973753748,2.9231772602516375,0.2759209744503862,0.9506662176283387,0.28701557979198294,0.6671472452703546,Oil & Gas E&P,Energy,BTE
2014Q2,2014,Q2,2014-06-30,2014-06-30,36799000.0,364122000.0,121176000.0,0.27,224794000.0,0.617359017,6487449000.0,2617631000.0,311459000.0,553660000.0,3869818000.0,766000.0,-870367000.0,6658366225.29,8902899225.29,19.301216634714645,0.5625456056063288,0.3487788497451001,0.8644018198134115,0.016167428689665166,19.301216634714645,0.014058131188085715,18.286086051625553,45.23469540809533,2.54366112920041,1.827522487024104,181.89033942558746,0.010100225449385061,0.05612714643305866,0.5544214861106094,0.005672337462691421,-613.5046738496268,0.6173590170327528,-0.28947368421052627,0.04324823019505677,0.47347770725429134,1.0291045291859213,0.2669232893542915,-0.23080621224472733,0.5841449544402756,-0.7064867432849778,0.08616285212696868,0.9373669290813635,Oil & Gas E&P,Energy,BTE
2014Q1,2014,Q1,2014-03-31,2014-03-31,47841000.0,310929000.0,76493000.0,0.38,177433000.0,0.5706543938,2876917000.0,1290104000.0,333064000.0,330799000.0,1586813000.0,1977000.0,-811699000.0,5715987725.745,6472598725.745,10.24387997363803,1.0068470581833682,0.26380705456570347,0.5882866807637214,0.026184972005018903,10.24387997363803,0.03708305686983375,18.383578648968093,29.869712828666835,4.43064103804422,1.2622227796241718,67.5245321193728,0.010564403371270277,0.10807715342500322,0.5594061650730504,0.016629259724906906,-109.40108187385162,0.5706543937683523,0.52,5.387839965262222,0.635649514175148,0.10842830684832742,0.2511670215916623,0.5346934847464152,0.4881038071707877,44.74847195446752,0.16955504477425815,0.08281969627621465,Oil & Gas E&P,Energy,BTE
2013Q4,2013,Q4,2013-12-31,2013-12-31,31173000.0,269347000.0,51403000.0,0.25,141814000.0,0.5265104122,2698334000.0,1282485000.0,245247000.0,269550000.0,1415849000.0,1507000.0,-776283000.0,5206403755.506799,5863436755.506799,10.257500259939693,0.9098386199220924,0.2503029647182298,0.5266346195082203,0.0188547115807552,10.257500259939693,0.02430671703762617,19.329726172954587,41.754112176457184,4.059621559321785,1.9488660058383858,84.62707365627074,0.011668707010235766,0.09981974062514129,0.5936523836023001,0.011552683989454233,57.39550611840679,0.5265104122191819,-0.6428571428571428,-0.5334003956806109,0.05688351752215014,0.08474290604274759,-0.38825813130877407,-0.6430477150152867,-0.6212011790714812,-0.5046770004730589,0.018759916801935044,0.14044771195231248,Oil & Gas E&P,Energy,BTE
2013Q3,2013,Q3,2013-09-30,2013-09-30,87331000.0,339395000.0,135700000.0,0.7,231820000.0,0.6830389369,2741169000.0,1296065000.0,205493000.0,272640000.0,1445104000.0,406000.0,-724847000.0,5300915184.1204,5991910184.1204,10.437659053570853,0.7537155223004695,0.2521953225065656,0.5333914579901471,0.05416424539276343,10.437659053570853,0.06738165138322538,15.618719144714566,15.174780960141302,4.090007201892189,0.7034958949284904,264.96305418719214,0.01158988549449777,0.12381396404234836,0.713431631455399,0.03185903532398039,64.1780595435718,0.6830389369318935,1.4137931034482758,-0.510056241251722,-0.28027569274563635,0.07596712630776788,0.5349065098787013,1.4129918213969939,1.4320303958994212,1.2408485741900832,0.25807296165766747,0.1506243052774201,Oil & Gas E&P,Energy,BTE
2013Q2,2013,Q2,2013-06-30,2013-06-30,36192000.0,279001000.0,55797000.0,0.29,151032000.0,0.5413313931,2706946000.0,1265277000.0,216636000.0,309576000.0,1441669000.0,703000.0,-730149000.0,4696649754.2,5369585754.2,10.2641902799523,0.6997829289092178,0.2494656339653617,0.5337092194041305,0.02074489729356088,10.2641902799523,0.028604013192368154,16.833809750502684,32.44259611378205,3.711953788933174,1.6146109637488948,182.03271692745378,0.012442060417160837,0.10306855031463502,0.6549797141897304,0.013370048756052024,-248.07995743714346,0.5413313930774442,2.6249999999999996,-0.2452791425269509,-0.3965972584785857,0.14017017266036372,0.46704225352112677,2.566065622228791,3.705034151277511,-0.013724826632574945,0.03002574480245367,0.1152733865482048,Oil & Gas E&P,Energy,BTE
2013Q1,2013,Q1,2013-03-31,2013-03-31,10149000.0,227667000.0,11859000.0,0.08,102950000.0,0.4521955312,2606413000.0,1268744000.0,184756000.0,268790000.0,1337669000.0,1643000.0,-684909000.0,5208730947.6088,5808761947.6088,10.357854862806247,0.6873618810223595,0.23030195137915596,0.4731151437957539,0.004604666224874701,10.357854862806247,0.007999249651623968,22.878726155344427,128.30650673979702,4.105423117357638,5.640358656025224,75.90809494826537,0.01099000900138244,0.08734878163974781,0.6487815766955616,0.003893857189938816,-69.71186257138574,0.4521955311924873,-0.6923076923076923,-0.8029543193972873,-0.3996883001653827,0.4596203804483944,-0.04483123341559815,-0.6790322580645162,-0.4891004652765811,-0.824408625201638,-0.2604628045959663,0.11472673548035824,Oil & Gas E&P,Energy,BTE
2012Q4,2012,Q4,2012-12-31,2012-12-31,31620000.0,244332000.0,23212000.0,0.26,107782000.0,0.4411292831,2538077000.0,1299412000.0,194339000.0,219195000.0,1238665000.0,1363000.0,-614099000.0,5183958645.9396,5739710645.9396,10.703822993978434,0.8866032528114236,0.21968955236582657,0.4291087045525207,0.014879951563495902,10.703822993978434,0.024334083416191324,21.21686330869309,40.98639030629032,3.989464962567377,1.7048387096774194,100.18341892883346,0.010398809805750153,0.09626658292872911,0.7883802094025867,0.01245825087260946,-137.84191251700702,0.44112928310659266,0.18181818181818185,-0.4630254220460545,-0.13093010993758666,0.5178210229605835,-0.2838833558126092,0.18104060060508723,-0.5901908511502268,0.025845543707439366,-0.09060235721453033,0.16456247096483634,Oil & Gas E&P,Energy,BTE
2012Q3,2012,Q3,2012-09-30,2012-09-30,26773000.0,252028000.0,56641000.0,0.22,150509000.0,0.5971915819,2653862000.0,1306803000.0,419082000.0,256894000.0,1347059000.0,1183000.0,-565504000.0,5628417150.6095,6051927150.6095,10.847628850575667,1.6313421099753205,0.23408903703357598,0.4753891749559804,0.01988880422103604,10.847628850575667,0.020487403227571407,22.332507303194486,52.55684038592518,4.307012725414236,1.9220109812124155,85.81487743026204,0.009142534858921683,0.09496650541738794,1.5337220799240154,0.010088316574109732,217.9023287111692,0.5971915818877268,-0.8307692307692308,-0.49617018575733374,0.05912006477029877,0.5289683924111328,0.12765319807298964,-0.8297749237029501,0.6210469076443147,-0.41310384230516145,-0.031012761173150032,0.15488440075063606,Oil & Gas E&P,Energy,BTE
2012Q2,2012,Q2,2012-06-30,2012-06-30,157280000.0,238228000.0,34941000.0,1.3,133471000.0,0.5602657958,2733002000.0,1333005000.0,537058000.0,250546000.0,1399997000.0,737000.0,-512655000.0,5104959144.775101,5487062144.775101,11.165411644483905,2.1435504857391456,0.254141416654653,0.5210550598084779,0.010861684097369475,11.165411644483905,0.11798905480474567,21.428879664754355,8.114444215372425,3.8296624129505146,0.3433621566632757,142.13975576662145,0.010578733045351169,0.08716715172546526,2.005472049044886,0.057548439408386824,637.3232390480775,0.5602657957922662,2.611111111111111,2.2480134036934385,0.19798061436314884,0.452738180691971,-0.2164297833119052,2.661250523767401,-0.5394743778996204,4.0651445156603065,0.09510599305176182,0.17380099746144667,Oil & Gas E&P,Energy,BTE
2012Q1,2012,Q1,2012-03-31,2012-03-31,42958000.0,290361000.0,75872000.0,0.36,170337000.0,0.5866387015,2490675000.0,1204413000.0,193171000.0,280398000.0,1286262000.0,569000.0,-591027000.0,6082824847.4022,6702142847.4022,10.158422104703828,0.6889171820055778,0.24978369317554477,0.516542083155861,0.029375008398289663,10.158422104703828,0.03566716732549383,20.94917997734613,35.39983732600563,5.0504476848076205,1.2884910843149122,210.9384885764499,0.009099555122590587,0.11657924056731608,0.6540738521672765,0.017247533299206037,754.412110554657,0.5866387014785044,-0.2653061224489796,0.15004640178336626,0.42487802518231427,0.7137188916172869,-0.08700266389378729,-0.2565247490481135,-0.2400108180661705,5.185098124441443,0.6224763055529747,0.0991814276176677,Oil & Gas E&P,Energy,BTE
2011Q4,2011,Q4,2011-12-31,2011-12-31,57780000.0,515430000.0,99833000.0,0.49,186569000.0,0.3619676775,2461810000.0,1206734000.0,226575000.0,276972000.0,1255076000.0,898000.0,-555620000.0,6725552036.7465,7327396036.7465,10.17799819505242,0.8180429790736969,0.2476596487949923,0.5052405915471015,0.04523669733789991,10.17799819505242,0.04788130607076622,13.048429537951808,29.099827088726634,5.573350909766775,0.8350986500519211,366.2149220489978,0.007174429658170039,0.20937034133422158,0.7755224354808429,0.023470535906507814,89.78775831715507,0.36196767747317776,0.1136363636363636,0.8405428758177224,1.4392768532853712,0.6734180821887059,0.2183222756242817,0.11460483419819055,0.5291171425070457,-0.08797890836345763,1.1327809488036282,0.07633546770818325,Oil & Gas E&P,Energy,BTE
2011Q3,2011,Q3,2011-09-30,2011-09-30,51839000.0,263131000.0,65288000.0,0.44,153136000.0,0.581976278,2428761000.0,1185703000.0,226790000.0,257233000.0,1243058000.0,763000.0,-540488000.0,5031480369.564001,5700479369.564001,10.186101852170028,0.8816520430893392,0.2754486752710538,0.5642213943964045,0.024129937380013983,10.186101852170028,0.043720054684857845,19.12157962978137,24.264937448465446,4.2434575686862575,1.0038195181234206,144.16120576671037,0.010342284214160459,0.10833960196165864,0.6972977806113524,0.021343804515965136,261.8244455203206,0.5819762779756091,-0.5111111111111111,-0.21906749582294946,0.14332395244163815,0.6027510883980424,-0.08865520463242339,-0.5149022580313111,-0.26204066869369624,-0.6897654348003485,-0.40476491962281946,0.0500353270696359,Oil & Gas E&P,Energy,BTE
2011Q2,2011,Q2,2011-06-30,2011-06-30,106863000.0,285740000.0,88471000.0,0.9,168033000.0,0.5880625744,2283549000.0,1151637000.0,210230000.0,283696000.0,1131912000.0,0.0,-522410000.0,6030626211.792,6633276211.792,9.962602512197654,0.741039704472393,0.2648110463143116,0.5250864638770724,0.043198861065233844,9.962602512197654,0.092792260061113,21.105292264968153,14.108312071980011,5.236568651226038,0.4862581061733247,0.0,0.008616518115215634,0.12512978701135818,0.6831326490327675,0.04679689378244128,162.52428749506817,0.5880625743683069,89.0,0.19343831920123777,0.27864879249248575,0.6097450948750329,0.2937856587386527,111.48736842105264,0.8237682951968667,1.376398359712763,-0.34099202189880523,0.10666910069517528,Oil & Gas E&P,Energy,BTE
2011Q1,2011,Q1,2011-03-31,2011-03-31,950000.0,241513000.0,48510000.0,0.01,129877000.0,0.5377640127,2432318000.0,1082352000.0,196550000.0,324176000.0,1349966000.0,0.0,-559846000.0,6440549696.1834,7027993696.1834,9.460374620877728,0.6063064508168402,0.2431491277045189,0.5464174316673319,-0.032015564825577235,9.460374620877728,0.0008777181545375257,26.66750732334657,1694.8814989956318,5.950513045832964,54.79684210526316,0.0,0.008082695182190491,0.09929334897821748,0.5626203050194956,0.00039057392988910166,-1390.1467075725016,0.5377640127032499,-0.98,-0.9796820886423728,0.09497309234392519,0.6155900292118511,0.19114963085247857,-0.9835037941273507,0.16386756238003838,-0.9802525391020425,-0.31819336066565296,0.3331482035816768,Oil & Gas E&P,Energy,BTE
2010Q4,2010,Q4,2010-12-31,2010-12-31,57589000.0,241930000.0,41680000.0,0.5,109035000.0,0.4506882156,2047212000.0,1029026000.0,172995000.0,226079000.0,1018186000.0,1802000.0,-366532000.0,5354486728.248,5808259728.248,8.99427492592366,0.7651971213602324,0.22165413254709332,0.4409733087404983,0.04462738990378091,8.99427492592366,0.05596457232373137,22.132380144041665,23.24439879251246,5.203451349380871,0.0,73.74861265260822,0.0,0.11817535262591271,0.6714113208214828,0.028130452537402085,107.99690859717629,0.4506882155995536,0.6666666666666667,-0.10339174884791202,-0.07963723296243927,0.6383565221948574,-0.10561803282722641,0.6425372921479707,-0.35767233275285487,0.03771755057463019,-0.08691366385588381,0.27540408474001354,Oil & Gas E&P,Energy,BTE
2010Q3,2010,Q3,2010-09-30,2010-09-30,35061000.0,242699000.0,64889000.0,0.3,121911000.0,0.5023135654,2052277000.0,1013355000.0,157392000.0,214649000.0,1038922000.0,472000.0,-360708000.0,4139917459.9440002,4608373459.944,9.071300689284755,0.7332528919305471,0.2288307085252137,0.4634348278737461,0.03902728889025341,9.071300689284755,0.034598931272851075,17.057826608037118,29.519390918285275,4.085357510392706,1.3142237814095434,255.90677966101694,0.011130173595447308,0.118258402739981,0.6313702835792386,0.017083951143047456,69.67681196889727,0.5023135653628569,0.03448275862068969,-0.44682288503641493,-0.055582040489291974,0.6537424780303285,0.04652719952614365,0.061585975111272596,0.9575540002413419,-0.2884680964608183,0.09988592139396714,0.2785957394954259,Oil & Gas E&P,Energy,BTE
2010Q2,2010,Q2,2010-06-30,2010-06-30,33027000.0,243788000.0,33148000.0,0.29,116491000.0,0.4778373013,2092738000.0,1021078000.0,185742000.0,227686000.0,1071660000.0,573000.0,-335338000.0,3519742262.0125,4014509262.0125,9.203295267109521,0.8157813831329112,0.2378620735132635,0.4875073206944034,0.028544986628771776,9.203295267109521,0.03234522729899185,14.43771745127939,26.642915357226663,3.447084612549188,1.4438489720531686,222.1588132635253,0.013548151100340609,0.11649236550394745,0.8101991338949255,0.01578171753941487,79.66642362129647,0.477837301261752,-0.36956521739130443,0.05864368844270109,0.2413123259696705,0.8149367795449731,-0.13733374803756035,-0.3643030373022289,-0.4415674118499301,-0.266069536400537,0.3192004353445603,0.19744608156179708,Oil & Gas E&P,Energy,BTE
2010Q1,2010,Q1,2010-03-31,2010-03-31,51954000.0,276719000.0,59359000.0,0.46,135036000.0,0.4879896212,1901162000.0,1023068000.0,200809000.0,492834000.0,878094000.0,918000.0,-308402000.0,3778878811.4592,4191967811.4592,9.291833175906415,0.40745768352021167,0.21761270212638376,0.4043885645919919,0.04030827088667789,9.291833175906415,0.050782548178615695,13.65601498798131,18.183772238226123,3.693673159026771,0.9377911229164261,154.338779956427,0.012893242263354348,0.14555256206467412,0.40165045431118795,0.027327497604096862,108.58847159365517,0.4879896212403196,0.8400000000000001,2.8197287991157203,0.5045471368090316,0.79730493358485,0.19911555504249065,0.8584203748748033,0.7223479572887651,0.497739841787519,0.46225955436804744,0.5675259294387565,Oil & Gas E&P,Energy,BTE
2009Q4,2009,Q4,2009-12-31,2009-12-31,27956000.0,243681000.0,34464000.0,0.25,112613000.0,0.4621328704,1884005000.0,1011997000.0,179539000.0,486324000.0,872008000.0,1384000.0,-300780000.0,3278595435.0400004,3691242435.0400004,9.191282787183027,0.3691756935705415,0.22442827911815522,0.41781151525152743,0.02425659495832581,9.191282787183027,0.027624587819924367,13.45445658479734,29.319246628988417,3.239728413266047,1.1656173987694949,94.70231213872832,0.009939012191543065,0.12934201342353124,0.302948240267805,0.014838601808381613,133.9952360241949,0.46213287043306617,-0.32432432432432434,-0.5956853428247846,-0.2703775038408097,0.600823980676586,-0.021828257735003388,-0.3123939297046019,-0.4184076411623747,-0.04106423629120467,0.24182143881715282,0.5111870251714729,Oil & Gas E&P,Energy,BTE
2009Q3,2009,Q3,2009-09-30,2009-09-30,40657000.0,231809000.0,59258000.0,0.37,115126000.0,0.4966416317,1862263000.0,1008489000.0,169226000.0,453197000.0,853774000.0,2294000.0,-283055000.0,2565853793.7888,2995727793.7888,9.392826540496237,0.37340494310421296,0.2318238616135315,0.4280830033842709,0.03675629959531919,9.392826540496237,0.04031476793499979,11.06882732675953,15.777441730752392,2.544255607933056,0.7920161349829058,50.86442894507411,0.012549818730104356,0.1244770475491378,0.36709201517220985,0.02183203983540456,-44.40422597585491,0.49664163168815706,0.423076923076923,2.9526842349322955,1.1620076382061115,0.8767346291933185,0.3468652386021971,0.48107537066044953,0.7806959552857744,-0.3359737393769886,0.09199492533919146,0.4779317131712374,Oil & Gas E&P,Energy,BTE
2009Q2,2009,Q2,2009-06-30,2009-06-30,27451000.0,192315000.0,33278000.0,0.26,85477000.0,0.4444635104,1780615000.0,1003954000.0,157849000.0,328504000.0,776661000.0,1188000.0,-285014000.0,2064244644.7919998,2433595644.792,9.512184491775942,0.48050860872318146,0.2085318836469422,0.3698526028084952,0.027970529845976436,9.512184491775942,0.02734288622785506,10.733664273676,18.799357444100394,2.056114767003269,1.1724163054169248,89.93097643097643,0.01559117524233324,0.10800481855987959,0.47397900786596203,0.015416583596117072,40.5429567866444,0.4444635103866053,4.002309468822172,2.4618860143000605,0.09454781504509162,0.6461364227535109,0.7340596027833567,4.233333333333333,2.6367302773952392,-0.664231428706317,-0.05745379622315418,0.5369671035691015,Oil & Gas E&P,Energy,BTE
2009Q1,2009,Q1,2009-03-31,2009-03-31,-8490000.0,148023000.0,-20332000.0,-0.0866,49293000.0,0.3330090594,1813476000.0,906307000.0,161802000.0,443412000.0,907169000.0,1301000.0,-274036000.0,1493774654.44,1999731654.44,9.241806538453694,0.36490216773564993,0.2793772842871921,0.5590202878274139,-0.004293256518312991,9.241806538453694,-0.009367686666879987,10.091503715233443,-43.98629724499411,1.648199400909405,-4.645229681978798,75.88777863182167,0.026401572608543745,0.08162390900127711,0.3619681019007154,-0.004681616961018508,-128.6849288800827,0.33300905940293063,-1.1633962264150943,-0.26355018914977685,-0.015655632468711808,0.4468735204724356,-0.8256039250845154,-1.1620189275892758,-1.0564480385990422,-1.2118384912112945,-0.2170502953447671,0.5782641907731763,Oil & Gas E&P,Energy,BTE
2008Q4,2008,Q4,2008-12-31,2008-12-31,52401285.0,199890761.0,360189663.0,0.53,282649710.0,1.4140208811,1812332443.0,927327586.0,173561195.0,415701797.0,885004857.0,331472.0,-224313987.0,1425137947.2287998,1861088651.2287998,9.456157954846736,0.41751369912889746,0.24054676374846531,0.4701151034236568,0.2456922445235535,9.456157954846736,0.05650784662411628,7.129583879210904,6.799155532296584,1.5368225519701082,1.1684227209313665,-249.67100991938986,0.04296205298515589,0.11029475401826154,0.21061009750698767,0.028913726729550136,27.94188703450969,1.4140208811351715,-0.618705035971223,2.7724991144062274,0.6412593130750353,0.3491675039170848,0.5136395584869801,-0.6181444156688177,5.3428379960635235,-0.048197460413485715,-0.11283629611989546,0.7224910498982704,Oil & Gas E&P,Energy,BTE
2008Q3,2008,Q3,2008-09-30,2008-09-30,137228018.0,363044496.0,56786830.0,1.39,186735150.0,0.5143588515,1783725782.0,927360017.0,134351714.0,393577816.0,856365765.0,1991697.0,-210493932.0,2511729248.371,2910168678.371,9.700723003859954,0.34135997644745303,0.22337482253199836,0.4296491359299136,0.03539181941826153,9.700723003859954,0.14797706983737688,6.918516259150228,4.575831679597311,2.7084726560634107,0.3994597371507617,88.52217280038079,0.02182443351947747,0.20353156279040654,0.3109213020278562,0.07693336015255287,106.44450909281151,0.5143588514835934,2.657894736842105,2.737555730885553,1.3994041911491408,0.35766159584678076,0.10815421570490666,2.9872331732363793,-0.6836537168638086,1.5300580468820804,0.6508358650507755,0.7684892441101604,Oil & Gas E&P,Energy,BTE
2008Q2,2008,Q2,2008-06-30,2008-06-30,34416853.0,331851211.0,179508447.0,0.38,168510075.0,0.507788037,1700048850.0,796454305.0,161147975.0,436819662.0,891140851.0,1169347.0,-275590271.0,3091353589.0880003,3462907629.0880003,9.002331867709557,0.3689119080908038,0.21855491976009983,0.46651017850923665,0.19561014418363817,9.002331867709557,0.04321258957850695,9.315480813743363,22.455231373769127,3.8813947889803933,1.2030149299240114,139.68576992116112,0.01339348178938497,0.19520098554815057,0.30177834577418816,0.020244625911778946,53.88741720530053,0.5077880369705807,-0.07317073170731701,-0.5023168042936397,1.5316614489162483,0.09985797429450022,0.4921809830982663,-0.039927037825423915,1.9545751253433914,0.3834439276649253,1.1189556578174744,0.7753057719191652,Oil & Gas E&P,Energy,BTE
2008Q1,2008,Q1,2008-03-31,2008-03-31,35848164.0,263957412.0,60756095.0,0.41,112928711.0,0.4278292856,1409782944.0,604985084.0,123853513.0,387685423.0,782494599.0,1911326.0,-251736447.0,1937026124.592,2331307577.592,7.096266263166537,0.31946909956426195,0.2796752895032897,0.6517209488754933,0.06074152326070449,7.096266263166537,0.059254624532197556,7.3384039868977045,13.50854484899143,3.2017750120133543,1.0399448909015256,79.01776096804,0.019246056894484265,0.18723266097337604,0.2796329770696589,0.02542814420657369,27.92666169133779,0.42782928558187255,-0.16326530612244902,-0.3183606372760289,0.5445794457158086,-0.04086015587745418,-0.049095355428265715,-0.1331340043969405,-0.2954393616270339,2.6215969851231677,0.8534847317076353,0.3726198182176018,Oil & Gas E&P,Energy,BTE
2007Q4,2007,Q4,2007-12-31,2007-12-31,41353755.0,197438779.0,86232599.0,0.49,118759238.0,0.60149905,1407149667.0,601219585.0,122698381.0,395521899.0,784694607.0,5996623.0,-239726884.0,1625293850.5440001,2057045762.5440001,7.0520982593192105,0.3102189317714618,0.30682728506092877,0.7181268254925528,0.20833518349672667,7.0520982593192105,0.06878311357737955,8.231887670577624,9.825551818353617,2.7033281867289807,0.9047671003515884,13.120641567762389,0.023020770667086878,0.14031114360488278,0.2659177260877785,0.029388313105431732,25.83695527989709,0.6014990499915925,0.13953488372093023,1.0251693307096321,0.22950001598318542,0.047030344000266386,0.30189467012566235,0.12760557533556377,3.7220471502704733,-0.2275902689859393,-0.23652057709332594,0.2282472717897673,Oil & Gas E&P,Energy,BTE
2007Q3,2007,Q3,2007-09-30,2007-09-30,36673954.0,164228361.0,18261698.0,0.43,91220312.0,0.5554479838,1386245652.0,589869820.0,93416476.0,371959654.0,776419557.0,11043426.0,-239473318.0,1685654826.35186,2140794446.35186,7.094737147227297,0.25114679776532967,0.3283253724499329,0.7715933322372723,0.01843158483179114,7.094737147227297,0.06217296216307524,10.264090904200524,11.490817341047137,2.85767260707093,1.0623022268065232,6.610996352037855,0.023111981403877175,0.11846988357587289,0.21840861536020248,0.026455595331959247,55.83692076260829,0.5554479837986084,0.1025641025641025,5.293014498060899,0.0979427228640913,0.0786718829307085,0.3400511159736235,0.18112774878488522,2.3438916753079124,3.274622982357046,0.9780173007318602,0.41756465232479795,Oil & Gas E&P,Energy,BTE
2007Q2,2007,Q2,2007-06-30,2007-06-30,31049947.0,127511158.0,5461211.0,0.39,68072263.0,0.5338533825,1381944740.0,588368757.0,84658874.0,355247609.0,774731137.0,10130712.0,-230916047.0,1628998463.3149998,2095359781.3149998,7.685770080859013,0.2383094828936625,0.3374674142180244,0.7926344022376429,0.007564583264905423,7.685770080859013,0.05277293641205357,12.77534051816077,13.115952044257918,2.7686692128606687,1.1082113280257773,5.867198179160557,0.021123348962512892,0.09226936092972864,0.2075216585060816,0.022468298551503587,59.711726005357264,0.5338533824624195,0.3000000000000001,-0.008715340302090353,-0.05002837598097286,0.17804879085653574,-0.08726163162374687,0.30552795114886866,-0.7686275679451791,3.2797516535591673,0.0005553158093430495,0.33006525240860823,Oil & Gas E&P,Energy,BTE
2007Q1,2007,Q1,2007-03-31,2007-03-31,23783441.0,129749769.0,23603551.0,0.3,74580258.0,0.5748006996,1082151753.0,447488469.0,79416513.0,240057657.0,616793127.0,9958487.0,-219528367.0,1540622139.7840002,1907111991.7840002,5.9277062033884835,0.3308226614908601,0.33866770624729564,0.8189928397909176,0.036489796218695615,5.9277062033884835,0.0531487237048783,11.873794856497973,16.194272937460983,3.4428197518180075,1.4222060634539804,5.539949090660057,0.021955386156363017,0.11989979098615386,0.28933893160508517,0.02197791662219855,106.40550702289738,0.5748006996451762,0.15384615384615377,1.2445157173447472,0.13024905937444117,-0.03159595376235215,4.6188036856452195,0.18986336061251588,1.256082998247788,5.598146230054876,0.1208506164025492,-0.07197352518288022,Oil & Gas E&P,Energy,BTE
