Year,Date,FillingDate,NetIncome,Revenue,OperatingIncome,EPSDiluted,GrossProfit,GrossProfitRatio,TotalAssets,CommonStockEquity,CurrentAssets,CurrentLiability,TotalLiability,Inventory,RetainedEarnings,EnterpriseValue,bookValuePerShare,currentRatio,debtToAssets,debtToEquity,roic,shareholdersEquityPerShare,roe,priceToSalesRatio,peRatio,pbRatio,payoutRatio,inventoryTurnover,dividendYield,assetTurnover,quickRatio,returnOnAssets,priceToFreeCashFlowsRatio,grossProfitMargin,epsdilutedGrowth,fiveYNetIncomeGrowthPerShare,fiveYRevenueGrowthPerShare,fiveYShareholdersEquityGrowthPerShare,grossProfitGrowth,netIncomeGrowth,operatingIncomeGrowth,threeYNetIncomeGrowthPerShare,threeYRevenueGrowthPerShare,threeYShareholdersEquityGrowthPerShare,Industry,Sector,Price,MarketCap,AvgVolume,Symbol
2022,2022-12-31,2023-03-24,7139548.0,81234194.0,-6678892.0,0.24,54544483.0,0.6714473341,683717859.0,503527290.0,113961243.0,52978740.0,157068480.0,-42289339.0,19579645.0,854508241.0,16.9545046569665,2.151074997253615,0.1359990568858316,0.18466721833487912,-0.019427127114448724,16.9545046569665,0.014179068626052026,9.688240373259566,110.23336463316726,1.5630064420142948,0.0,-0.6311214984939821,0.0,0.11881245009280941,1.5119034541025325,0.010442242960337826,-17.403212194537147,0.6714473341115442,-0.8681318681318682,1.3798783752668797,2.28232493607715,0.24631763465529974,0.4211427768942323,-0.8646484408361639,0.7168516240362985,-0.012459038101507258,0.5053514226384439,0.11862898795393305,Advertising Agencies,Communication Services,19.2851,603720036,151457,BOC
2021,2021-12-31,2022-03-28,52748177.0,56971811.0,-23587958.0,1.82,38380720.0,0.6736791288,807053793.0,496325219.0,390709928.0,54025683.0,166458071.0,0.0,12440097.0,850649198.79,17.127524313688937,7.231929451035353,0.11227675377519723,0.18256855894320373,-0.02761818424075642,17.127524313688937,0.10627744668360284,14.613268073749666,15.783376680297406,1.677416973627528,0.0,0.0,0.0,0.0705923341097537,4.440499567585291,0.06535893574568703,-62.89339587965572,0.673679128788797,30.166666666666668,4.178392532758336,2.091385011717277,0.66445191786929,0.4092526089318429,33.92822024153606,-7.9458287409058155,5.149815241485004,0.9573875682821846,0.08310367459291286,Advertising Agencies,Communication Services,19.2851,603720036,151457,BOC
2020,2020-12-31,2021-03-29,-1601914.0,45743463.0,3395989.0,-0.0624,27234805.0,0.5953813554,509653885.0,402875709.0,188807710.0,28647331.0,100459787.0,0.0,-21356164.0,741386892.0,15.690860467163269,6.590760933365834,0.1471474057339914,0.18614735345088776,-0.020682373850504983,15.690860467163269,-0.003976199021718631,15.519953594243619,-443.1801101682113,1.762172320495997,0.0,0.0,0.0,0.08975397685823586,6.169063742796842,-0.0031431409573185144,-236.64429111187778,0.595381355364372,-1.26,0.9327161339450886,1.60137048137127,-0.29507207334170543,0.1453893218165824,-1.288893782192331,1.4136187961851459,0.9014114144206313,1.1378898281612624,0.15342774671425882,Advertising Agencies,Communication Services,19.2851,603720036,151457,BOC
2019,2019-12-31,2020-03-13,5544993.0,41389138.0,-8210432.0,0.24,23777771.0,0.5744930228,436908210.0,345240985.0,162164497.0,21681230.0,89937167.0,0.0,-21811947.0,533290506.2,15.156503934318492,7.479487879608306,0.16035720409099202,0.20293470950443498,0.06577108251464787,15.156503934318492,0.016061224596494533,11.579309557014692,86.43070265372742,1.3881829273543522,0.0,0.0,0.0,0.0947318843012815,7.31232411629783,0.012691436949651278,70.46537594681975,0.574493022782934,1.5454545454545454,1.2625268664717995,1.653142409402457,-0.3190785861510494,0.912512219750076,1.634178066446391,0.0,1.4250592962861757,1.8571161324349637,0.47290826039040007,Advertising Agencies,Communication Services,19.2851,603720036,151457,BOC
2018,2018-12-31,2019-03-18,-8743590.0,20021393.0,,-0.44,12432742.0,0.6209728764,332194521.0,315215384.0,118561939.0,12436140.0,15633559.0,0.0,-20325024.0,449338055.79999995,15.813374763155853,9.533660685711162,0.0,0.0,,15.813374763155853,-0.027738462155768386,23.297236500976727,-53.346866424432065,1.47976003544294,0.0,0.0,0.0,0.06027008795849466,9.22308031270153,-0.026320692989394608,-151.31356440904605,0.6209728763627985,0.30158730158730157,0.5269544011226264,0.4665907433661502,-0.2895679935086849,1.2264341036684185,-0.27728192646052147,0.0,0.5269544011226264,0.4665907433661502,-0.2895679935086849,Advertising Agencies,Communication Services,19.2851,603720036,151457,BOC
2017,2017-12-31,2018-03-30,-6845466.0,9014345.0,,-0.63,5584150.0,0.6194737388,153477084.0,147153686.0,93841572.0,5031411.0,5088411.0,0.0,-11211087.0,343530698.22,13.603678697570295,18.651144182019717,0.0,0.0,,13.603678697570295,-0.04651916092676061,38.86794250941139,-51.18264311297434,2.380973611629409,0.0,0.0,0.0,0.058734143007303945,18.423107553725984,-0.04460252841394875,-63.54203098564321,0.6194737388018764,-0.10526315789473695,0.3175288431261182,0.21679351625365748,-0.3888408453269783,1.1663775137295918,-0.9777947341946821,0.0,0.3175288431261182,0.21679351625365748,-0.3888408453269783,Advertising Agencies,Communication Services,19.2851,603720036,151457,BOC
2016,2016-12-31,2017-03-24,-3461161.0,3843517.0,,-0.57,2577644.0,0.6706472223,65652230.0,62189486.0,32324616.0,3207244.0,3462744.0,0.0,-4743177.0,103393587.0,10.29018869803962,10.07862700811039,0.0,0.0,,10.29018869803962,-0.05565508291867857,34.592942349415914,-38.4144401257266,2.137958850471927,0.0,0.0,0.0,0.0585435864097838,9.822580695450673,-0.052719625822306417,-60.62074103456687,0.67064722232268,0.3870967741935485,0.3823758972793988,-0.07139147083204886,-0.5377027665874657,4.22419513381502,-2.536184694478046,0.0,0.3823758972793988,-0.07139147083204886,-0.5377027665874657,Advertising Agencies,Communication Services,19.2851,603720036,151457,BOC
2015,2015-12-31,2016-03-30,-978784.0,722912.0,,-0.93,493405.0,0.6825242906,23785496.0,23495515.0,13536300.0,289981.0,289981.0,0.0,-1569802.0,10133254.0,22.258815226041154,46.679954893596474,0.004204242787285159,0.004256131436148559,,22.258815226041154,-0.04165833351599231,32.12330131468284,-23.72568411416615,0.988372461723014,0.0,0.0,0.0,0.030392975618418888,46.436890692838496,-0.04115045572310117,-24.750383954997595,0.6825242906467177,0.0,0.0,0.0,0.0,0.0,0.0,0.0,0.0,0.0,0.0,Advertising Agencies,Communication Services,19.2851,603720036,151457,BOC
TTM,,,,,,,,,,,,,,,,679904520.0,17.293372930940034,2.7455682891650324,0.1303689777753236,0.17445198591029706,-0.0026823492850248333,17.293372930940034,-0.024113054707424034,6.8794491135479605,-48.03784440986277,1.1151728513005414,0.0,0.0,0.0,0.1242390620362954,1.9903967458278815,-0.017348303823628067,-19.994429300361933,0.6693630203902065,,,,,,,,,,,Advertising Agencies,Communication Services,19.2851,603720036,151457,BOC
