Quarters,Year,Quarter,FillingDate,Date,NetIncome,Revenue,OperatingIncome,EPSDiluted,GrossProfit,GrossProfitRatio,TotalAssets,CommonStockEquity,CurrentAssets,CurrentLiability,TotalLiability,Inventory,RetainedEarnings,MarketCap,EnterpriseValue,bookValuePerShare,currentRatio,debtToAssets,debtToEquity,roic,shareholdersEquityPerShare,roe,priceToSalesRatio,peRatio,pbRatio,payoutRatio,inventoryTurnover,dividendYield,assetTurnover,quickRatio,returnOnAssets,priceToFreeCashFlowsRatio,grossProfitMargin,epsdilutedGrowth,fiveYNetIncomeGrowthPerShare,fiveYRevenueGrowthPerShare,fiveYShareholdersEquityGrowthPerShare,grossProfitGrowth,netIncomeGrowth,operatingIncomeGrowth,threeYNetIncomeGrowthPerShare,threeYRevenueGrowthPerShare,threeYShareholdersEquityGrowthPerShare,Industry,Sector,Symbol
2023Q1,2023,Q1,2023-05-12,2023-03-31,6384950.0,0.0,-293878.0,0.17,0.0,0.0,314165572.0,296476236.0,289460.0,189336.0,17689336.0,0.0,-17400696.0,398426000.0,404637020.0,7.761158010471204,1.5288164955423162,0.01979847747289127,0.02097975906574853,-0.0020354189718778913,7.761158010471204,0.021536127435185057,0.0,15.600200471421077,1.3438716214678332,0.0,0.0,0.0,0.0,1657.8204461908988,0.020323519090118505,-1769.6182066907102,0.0,-0.9985639466126035,79.34390606019706,0.0,0.02393452825352814,1.0,-0.9985880084666493,-0.6305268122173828,79.34390606019706,0.0,0.02393452825352814,Shell Companies,Financial Services,ENTF
2022Q4,2022,Q4,2023-03-27,2022-12-31,4521946377.998651,0.0,-180235.0,118.38,-782183000000.0,0.0,310979805.0,293430700.0,443107.0,49105.0,17549105.0,0.0,-17106818.0,392695969.15999997,398780248.15999997,7.6814325404266395,9.023663578047042,0.020001298798164723,0.021197509326733706,-1.1293396889611753,7.6814325404266395,15.410611016497764,0.0,0.021710560914136805,1.3382920367909696,0.0,0.0,0.0,0.0,6323932351.811852,14.540964735631789,-2290.560421136134,0.0,3867.627450980392,0.0,0.0,18.994537999626388,0.0,3867.515435746679,0.0026174823472120768,0.0,0.0,18.994537999626388,Shell Companies,Financial Services,ENTF
2022Q3,2022,Q3,2022-11-07,2022-09-30,1168910.0,0.0,-180708.0,0.0306,0.0,0.0,308629832.0,291022322.0,653622.0,107510.0,17607510.0,0.0,-16926583.0,385438000.0,391379798.0,7.618385392670157,6.0796391033392245,0.020153592929409363,0.021372930974002745,-0.0006079491218770949,7.618385392670157,0.00401656474997131,0.0,82.4353457494589,1.3244276155558954,0.0,0.0,0.0,0.0,2866.954580969212,0.0037874174133626847,-3580.2409504258894,0.0,1.2666666666666664,176.98765432098764,0.0,15851.615862294366,0.0,1.2673155115078418,0.13214198239387578,176.98765432098764,0.0,15851.615862294366,Shell Companies,Financial Services,ENTF
2022Q2,2022,Q2,2022-08-08,2022-06-30,515548.01,0.0,-208223.0,0.0135,0.0,0.0,307468900.0,289853412.0,757933.0,115488.0,17615488.0,0.0,-16745875.0,380472000.00000006,386306141.00000006,7.587785654450262,6.562872333056248,0.020229688270911303,0.02145912293073162,-0.0011797786028153333,7.587785654450262,0.0017786508236791085,0.0,184.49882097304575,1.3126359195661288,0.0,0.0,0.0,0.0,3.3411176918814074,0.0016767484776509104,-3110.032124377744,0.0,7.428571428571429,0.0,0.0,0.0,0.0,7.325820071411919,0.022505246060173602,0.0,0.0,0.0,Shell Companies,Financial Services,ENTF
2022Q1,2022,Q1,2022-05-11,2022-03-31,-81499.0,0.0,-213017.0,-0.0021,0.0,0.0,307184604.0,289546087.0,904810.0,138517.0,17638517.0,0.0,-16454733.0,379708000.0,385416133.0,7.579740497382199,6.532122410967607,0.02024841062672529,0.0214818997018599,-0.0003986018138122217,7.579740497382199,-0.00028147159868197426,0.0,-1164.7627578252493,1.3113905421211927,0.0,0.0,0.0,0.0,3.6953370344434258,-0.00026530952052531906,-2935.054494859705,0.0,0.0,0.0,0.0,0.0,0.0,0.0,0.0,0.0,0.0,0.0,Shell Companies,Financial Services,ENTF
2021Q4,2021,Q4,2022-02-28,2021-12-31,0.0,0.0,0.0,0.0,0.0,0.0,307296048.0,-16306655.0,997638.0,102703.0,17602703.0,0.0,-16307475.0,378180000.0,377542434.0,-0.4268757853403141,9.713815565270732,0.0,0.0,,-0.4268757853403141,0.0,0.0,0.0,-23.19175821160134,0.0,0.0,0.0,0.0,6.207861503558806,0.0,-0.0004524891209018674,0.0,1.0,0.0,0.0,0.0,0.0,1.0,1.0,0.0,0.0,0.0,Shell Companies,Financial Services,ENTF
2021Q3,2021,Q3,2021-12-02,2021-09-30,-6642.0,0.0,-6642.0,-0.000174,0.0,0.0,233742.0,18358.0,14694.0,215384.0,215384.0,0.0,-6642.0,380090000.0,380203704.0,0.0004805759162303665,0.06822233777810793,0.5347776608397293,6.809020590478266,-0.04633156154522245,0.0004805759162303665,-0.3618041180956531,0.0,-14306.308340861184,20704.325089879072,,0.0,,0.0,0.052445864131040375,-0.028415945786379855,0.0,0.0,0.0,0.0,0.0,0.0,0.0,0.0,0.0,0.0,0.0,0.0,Shell Companies,Financial Services,ENTF
2021Q2,2021,Q2,2021-06-30,2021-06-30,,,,,,,68175.0,20228.0,20426.0,47947.0,47947.0,0.0,-4772.0,0.0,-19591.0,0.0,0.4260120549773708,0.0,0.0,,0.0,,0.0,0.0,0.0,0.0,0.0,,,0.408596992512566,,0.0,0.0,0.0,0.0,0.0,0.0,0.0,0.0,0.0,0.0,0.0,0.0,Shell Companies,Financial Services,ENTF
