Quarters,Year,Quarter,FillingDate,Date,NetIncome,Revenue,OperatingIncome,EPSDiluted,GrossProfit,GrossProfitRatio,TotalAssets,CommonStockEquity,CurrentAssets,CurrentLiability,TotalLiability,Inventory,RetainedEarnings,MarketCap,EnterpriseValue,bookValuePerShare,currentRatio,debtToAssets,debtToEquity,roic,shareholdersEquityPerShare,roe,priceToSalesRatio,peRatio,pbRatio,payoutRatio,inventoryTurnover,dividendYield,assetTurnover,quickRatio,returnOnAssets,priceToFreeCashFlowsRatio,grossProfitMargin,epsdilutedGrowth,fiveYNetIncomeGrowthPerShare,fiveYRevenueGrowthPerShare,fiveYShareholdersEquityGrowthPerShare,grossProfitGrowth,netIncomeGrowth,operatingIncomeGrowth,threeYNetIncomeGrowthPerShare,threeYRevenueGrowthPerShare,threeYShareholdersEquityGrowthPerShare,Industry,Sector,Symbol
2023Q2,2023,Q2,2023-05-03,2023-03-31,179200000.0,1123400000.0,260300000.0,3.33,404800000.0,0.3603346982,10049000000.0,2986500000.0,1111600000.0,1406900000.0,7043700000.0,204300000.0,1089500000.0,3682350000.0,8195550000.0,56.885714285714286,0.79010590660317,0.4498059508408797,1.5135107985936715,0.0282324687699026,56.885714285714286,0.060003348401138454,3.277861847961545,5.13720703125,1.2329984932194877,0.23381696428571427,3.5173764072442486,0.0113786033375426,0.11179221813115733,0.41651858696424765,0.01783262016121007,18.625948406676784,0.3603346982374933,1.0060240963855422,0.6753835709436526,0.26799630006908093,0.2732256459584065,0.5409212028930339,0.9692307692307692,0.7330226364846871,0.30299401197604797,0.5252311071178996,0.08837463556851315,Utilities—Regulated Gas,Utilities,SR
2023Q1,2023,Q1,2023-02-01,2022-12-31,91000000.0,814000000.0,150200000.0,1.66,262700000.0,0.3227272727,10327700000.0,2864100000.0,1629700000.0,2404700000.0,7447400000.0,372700000.0,953000000.0,3608264000.0,8243364000.0,54.658396946564885,0.6777144758181893,0.4492675038972859,1.620020250689571,0.016176334137483102,54.658396946564885,0.03177263363709368,4.432756756756757,9.912813186813187,1.2598247267902658,0.43956043956043955,1.4792057955460156,0.011085663355009502,0.0788171616139121,0.36507672474736974,0.008811255168140051,-11.081891891891892,0.32272727272727275,13.769230769230768,-0.27839563042906024,0.33277985972025576,0.2670905794653844,1.2433817250213492,13.816901408450704,4.040268456375839,0.3193289278796857,0.3947759274694702,0.07583619666672568,Utilities—Regulated Gas,Utilities,SR
2022Q4,2022,Q4,2022-11-16,2022-09-30,-7100000.0,314200000.0,29800000.0,-0.13,117100000.0,0.3726925525,10083700000.0,2818500000.0,1592000000.0,2353600000.0,7252100000.0,422300000.0,905500000.0,3266092000.0,7536792000.0,53.788167938931295,0.6764106050305915,0.4241696996142289,1.5175447933297854,0.005734242081607387,53.788167938931295,-0.0025190704275323754,10.39494589433482,-115.00323943661971,1.158805038140855,-5.591549295774648,0.46672981292919724,0.012155199547348942,0.031159197516784514,0.30463970088375253,-0.000704106627527594,-10.912435683260941,0.3726925525143221,-3.8507462686567164,0.5099724502094932,0.11486823430127749,0.29925720778516324,-0.1776685393258427,-4.071428571428571,0.15503875968992248,0.799323437117486,0.350204374424774,0.07449427105690513,Utilities—Regulated Gas,Utilities,SR
2022Q3,2022,Q3,2022-08-04,2022-06-30,-1400000.0,448000000.0,25800000.0,-0.0268,142400000.0,0.3178571429,9783900000.0,2845900000.0,1261100000.0,1749900000.0,6938000000.0,300300000.0,949200000.0,3882114000.0,7814414000.0,54.519157088122604,0.7206697525572889,0.40355073130346797,1.3873642784356444,0.0015189426275352507,54.519157088122604,-0.0004919357672441056,8.665433035714285,-693.2346428571428,1.3641076636564884,-28.214285714285715,1.0176490176490176,0.010174868641157884,0.04578951134005867,0.4223669923995657,-0.00014309222293768333,-50.35167315175097,0.31785714285714284,-1.0080239520958085,-1.0594487702385367,0.2760811763103507,0.2929550616007776,-0.6209741815278147,-1.0080645161290323,-0.8947797716150081,0.546743295019157,0.3542683995692784,0.05799635013695786,Utilities—Regulated Gas,Utilities,SR
2022Q2,2022,Q2,2022-05-06,2022-03-31,173600000.0,880900000.0,245200000.0,3.34,375700000.0,0.4264956295,9401300000.0,2841200000.0,1089300000.0,1395800000.0,6560100000.0,168300000.0,992300000.0,3717168000.0000005,7554468000.0,54.84942084942085,0.7804126665711419,0.4090498122600066,1.3535126003097282,0.02970500855963753,54.84942084942085,0.061100943263409827,4.219738903394257,5.353064516129033,1.3083091651414895,0.22580645161290322,3.001782531194296,0.010545662719575763,0.09369980747343452,0.5384009170368248,0.018465531362683883,14.58857142857143,0.42649562946986036,2.092592592592592,0.4150150150150151,0.16892386593924139,0.3282706270491719,0.9794520547945206,2.116696588868941,1.3875365141187925,0.09688472431033875,0.07093098966154358,0.15352481088141937,Utilities—Regulated Gas,Utilities,SR
2022Q1,2022,Q1,2022-02-02,2021-12-31,55700000.0,555400000.0,102700000.0,1.08,189800000.0,0.341735686,9650500000.0,2669800000.0,1435300000.0,1720700000.0,6980700000.0,325600000.0,859500000.0,3365352000.0,7441152000.0,51.74031007751938,0.8341372697158134,0.42319050826382054,1.5297025994456515,0.011430342268653956,51.74031007751938,0.020862985991460036,6.059330212459488,15.104811490125675,1.2605258820885459,0.6876122082585279,1.1228501228501229,0.011380681723635447,0.05755142220610331,0.49921543557854364,0.005771721672452205,-8.959936102236421,0.34173568599207776,6.64,0.08662190436989768,-0.010821555116106834,0.3102822444075984,0.6098388464800678,6.626262626262626,2.846441947565543,-0.1884020410749048,-0.09528831543434026,0.14595976972882807,Utilities—Regulated Gas,Utilities,SR
2021Q4,2021,Q4,2021-11-22,2021-09-30,-9900000.0,290200000.0,26700000.0,-0.19148936170212766,117900000.0,0.4062715368711234,9356400000.0,2658200000.0,1316500000.0,1608300000.0,6698200000.0,305000000.0,843000000.0,3156888000.0,6819488000.0,51.51550387596899,0.8185661879002674,0.3919135564960882,1.3794673087051388,0.004179064362618773,51.51550387596899,-0.0037243247310209918,10.878318401102687,-79.71939393939394,1.1876036415619593,-3.7676767676767677,0.5649180327868852,0.011815433426843144,0.031016202813047754,0.3791581172666791,-0.001058099268949596,-23.825569811320754,0.4062715368711234,-7.382978723404255,0.3852358336062889,-0.0838044724213635,0.3256166872280224,-0.008410428931875526,-2.8679245283018866,-0.19578313253012047,0.6251683577264973,0.1896988670244484,0.1557526363944449,Utilities—Regulated Gas,Utilities,SR
2021Q3,2021,Q3,2021-08-05,2021-06-30,5300000.0,327800000.0,33200000.0,0.03,118900000.0,0.3627211714460037,8893300000.0,2697100000.0,898300000.0,1291800000.0,6196200000.0,216400000.0,887600000.0,3729132000.0,7216032000.0,52.26937984496124,0.6953862827063013,0.3947690958361913,1.3016944125171481,-0.026941933695561984,52.26937984496124,0.0019650735975677578,11.376241610738255,175.90245283018868,1.3826450632160467,7.056603773584905,0.9653419593345656,0.010029143511144149,0.03685920861772345,0.41732466326056666,0.0005959542576996165,-37.97486761710794,0.3627211714460037,-0.9915492957746479,-0.5737883068898066,0.1314098079273127,0.2875945767400572,-0.675845147219193,-0.971718249733191,-0.871017871017871,-0.8032983149262218,-0.10127046878662052,0.12343945933616926,Utilities—Regulated Gas,Utilities,SR
2021Q2,2021,Q2,2021-05-07,2021-03-31,187400000.0,1104900000.0,257400000.0,3.55,366800000.0,0.33197574441125893,8936800000.0,2731300000.0,1040000000.0,1507500000.0,6205500000.0,180000000.0,920100000.0,3812724000.0,7165524000.0,52.93217054263566,0.6898839137645107,0.3868051204010384,1.2656244279280928,0.0333979610670767,52.93217054263566,0.06861201625599532,3.4507412435514526,5.086344717182498,1.3959374656756856,0.19957310565635006,4.100555555555555,0.009809259731362667,0.12363485811476144,0.4778109452736318,0.02096947453227106,325.87384615384616,0.33197574441125893,1.1515151515151516,0.5600813645871784,0.5217033271119353,0.36312774146314036,0.6687898089171974,1.1079865016872892,0.9367945823927766,0.7826062931211418,0.26886711535272545,0.18473676348039872,Utilities—Regulated Gas,Utilities,SR
2021Q1,2021,Q1,2021-02-04,2020-12-31,88900000.0,512600000.0,132900000.0,1.65,219800000.0,0.4287943815840812,8515600000.0,2586800000.0,770000000.0,1546700000.0,5928800000.0,184500000.0,771200000.0,3298060000.0000005,6619060000.0,50.22912621359223,0.49783409840305165,0.29564563859270043,0.9732488016081645,0.020759035640753796,50.22912621359223,0.03436678521725684,6.433983612953571,9.274634420697414,1.2749574764187415,0.40382452193475815,1.5869918699186991,0.010885187049356287,0.060195406078256374,0.28454128143790003,0.010439663676076847,-21.14141025641026,0.4287943815840812,4.666666666666667,0.5900304303724099,0.07658186308589095,0.3559321704850243,1.638655462184874,5.5126903553299496,1328.0,-0.2827284901238701,-0.14604167602747065,0.1644112560095928,Utilities—Regulated Gas,Utilities,SR
2020Q4,2020,Q4,2020-11-18,2020-09-30,-19700000.0,251900000.0,100000.0,-0.45,83300000.0,0.33068678046843986,8241200000.0,2522300000.0,590600000.0,1449200000.0,5718900000.0,191500000.0,720700000.0,2739800000.0,5867800000.0,48.976699029126216,0.40753519182997516,0.3800538756491773,1.2417634698489475,1.4396745663144798e-05,48.976699029126216,-0.007810331839987313,10.87653830885272,-34.76903553299493,1.086230821076002,-1.8274111675126903,0.8804177545691906,0.0131396452295788,0.0305659369994661,0.18451559481093016,-0.0023904285783623745,-18.68894952251023,0.33068678046843986,0.7593582887700535,0.11630756450859243,0.03478219525878877,0.34455604858811173,-0.3149671052631579,0.7865655471289275,1.0009389671361502,-0.3834148477991094,-0.09056935161243096,0.18303581745642103,Utilities—Regulated Gas,Utilities,SR
2020Q3,2020,Q3,2020-08-05,2020-06-30,-92300000.0,321100000.0,-106500000.0,-1.87,121600000.0,0.378698224852071,7822600000.0,2558400000.0,559300000.0,1107800000.0,5264200000.0,148600000.0,774600000.0,3364351999.9999995,6318252000.0,49.96875,0.5048745260877414,0.3785570015084499,1.1574812382739212,-0.014853084492888413,49.96875,-0.036077235772357726,10.477583307380877,-9.112546045503791,1.3150218886804252,-0.3856988082340195,1.3425302826379542,0.010581532491249431,0.04104773349014394,0.2401155443220798,-0.011799146063968502,1345.7407999999998,0.378698224852071,-1.736220472440945,-6.523271276595745,-0.01552280159883719,0.3419433047370383,-0.6067270375161707,-1.6908682634730539,-1.505938242280285,-4.995922739055299,-0.06751654269706339,0.18503938221082725,Utilities—Regulated Gas,Utilities,SR
2020Q2,2020,Q2,2020-05-08,2020-03-31,133600000.0,715500000.0,210500000.0,2.54,309200000.0,0.4321453529000699,8018000000.0,2665600000.0,718800000.0,1152500000.0,5352400000.0,127100000.0,902300000.0,3798480000.0,6740880000.0,52.266666666666666,0.6236876355748373,0.3804938887503118,1.1445078031212486,0.03003461368866169,52.266666666666666,0.050120048019207684,5.308846960167715,7.107934131736528,1.425,0.24550898203592814,3.1966955153422503,0.008635032960552642,0.08923671738588176,0.4150108459869848,0.016662509353953605,36.7357833655706,0.4321453529000699,1.0483870967741935,0.1960285809238949,-0.31084152375333535,0.39779928849176804,0.6570203644158628,0.9940298507462687,1.0576735092864125,0.10605664488017438,-0.03566298391530261,0.26572490706319696,Utilities—Regulated Gas,Utilities,SR
2020Q1,2020,Q1,2020-02-05,2019-12-31,67000000.0,566900000.0,102300000.0,1.24,186600000.0,0.3291585817604516,7961000000.0,2586000000.0,776400000.0,1252500000.0,5375000000.0,185600000.0,803100000.0,4240479000.0,7267579000.0,50.80550098231827,0.619880239520958,0.38294184147720134,1.1788863109048724,0.01496224631078171,50.80550098231827,0.025908739365815933,7.480118186629035,15.822682835820897,1.6397830626450116,0.573134328358209,2.049030172413793,0.009055580749250261,0.07120964702926769,0.38275449101796405,0.008416028137168697,-33.180586854460095,0.3291585817604516,2.6533333333333333,0.2045182469268661,-0.22526257513244488,0.4279211557469303,3.0565217391304347,2.9533527696793005,4.99609375,0.3250430307561242,0.02354548048279823,0.28660894678882476,Utilities—Regulated Gas,Utilities,SR
2019Q4,2019,Q4,2019-11-26,2019-09-30,-34300000.0,225600000.0,-25600000.0,-0.75,46000000.0,0.20390070921985815,7619200000.0,2543000000.0,614500000.0,1468800000.0,5076200000.0,196600000.0,775500000.0,4431792000.0,7291792000.0,50.05905511811024,0.41836873638344224,0.3761287274254515,1.126936688950059,-0.0036076188598004894,50.05905511811024,-0.01348800629178136,19.644468085106382,-32.30169096209912,1.7427416437278804,-0.9766763848396501,0.91353001017294,0.007559019015332851,0.029609407811843763,0.20404411764705882,-0.004501784964300714,-21.671354523227382,0.20390070921985815,-11.725000000000001,-0.9530861914072822,-0.13898009712348705,0.4303535372517576,-0.4778660612939841,-10.433333333333334,-2.924812030075188,-1.1634828656981258,-0.27653780119590315,0.2881387896584187,Utilities—Regulated Gas,Utilities,SR
2019Q3,2019,Q3,2019-07-30,2019-06-30,-3000000.0,321300000.0,13300000.0,-0.05893909626719057,88100000.0,0.27419856831621536,7332000000.0,2612600000.0,649800000.0,1219600000.0,4719400000.0,158200000.0,844300000.0,4239534000.0,6875034000.0,51.53057199211045,0.5327976385700229,0.36024277141298416,1.010985225445916,0.0012871794028068253,51.53057199211045,-0.0011482814054964404,13.194939309056956,-353.2945,1.6227260200566487,-10.033333333333333,1.4740834386852086,0.0070998369160384135,0.04382160392798691,0.2973105936372581,-0.0004091653027823241,-47.85027088036117,0.27419856831621536,-1.0193878606142075,-1.1765033125979871,-0.08531428487526976,0.17252377267222252,-0.7169932540957276,-1.019404915912031,-0.9365155131264916,-1.245534479898247,0.12866084207378295,0.2693949159175011,Utilities—Regulated Gas,Utilities,SR
2019Q2,2019,Q2,2019-05-01,2019-03-31,154600000.0,803500000.0,209500000.0,3.04,311300000.0,0.38742999377722465,7273600000.0,2406000000.0,793600000.0,1336700000.0,4867600000.0,126300000.0,877500000.0,4148188000.0,6905988000.0,47.54940711462451,0.5937009052143338,0.3806780686317642,1.150831255195345,0.03329152624184741,47.54940711462451,0.06425602660016626,5.162648413192284,6.707936610608021,1.7241014131338321,0.19404915912031048,3.897070467141726,0.007232073377580766,0.11046799384073912,0.4056257948679584,0.021254949406071273,72.6477758318739,0.38742999377722465,1.303030303030303,0.9084220931199833,-0.25423048525682557,0.40148940817886114,0.6558510638297872,1.2971768202080238,0.9933396764985728,0.3124607880042663,0.12847536439470153,0.22450893782754924,Utilities—Regulated Gas,Utilities,SR
2019Q1,2019,Q1,2019-02-06,2018-12-31,67300000.0,602000000.0,105100000.0,1.32,188000000.0,0.3122923588039867,7232200000.0,2284600000.0,905300000.0,1563400000.0,4947600000.0,212700000.0,752900000.0,3748448000.0,6533148000.0,45.1501976284585,0.5790584623257004,0.3862033682696828,1.222577256412501,0.016987790227666937,45.1501976284585,0.02945811082902915,6.22665780730897,13.924398216939078,1.640745863608509,0.4279346210995542,1.9464033850493654,0.007683179812018201,0.08323884848317248,0.3698349750543687,0.009305605486573934,-27.481290322580644,0.3122923588039867,3.588235294117647,0.21711023128171106,-0.1731015441934785,0.3789933277183288,2.7751004016064256,3.5984555984555984,6.362244897959184,0.22511103432583002,0.2868314329201312,0.21882680594226533,Utilities—Regulated Gas,Utilities,SR
2018Q4,2018,Q4,2018-11-15,2018-09-30,-25900000.0,239200000.0,-19600000.0,-0.51,49800000.0,0.20819397993311037,6843600000.0,2255400000.0,659600000.0,1321700000.0,4588200000.0,210300000.0,715600000.0,3646741999.9999995,6271542000.0,44.573122529644266,0.499054248316562,0.3841837629317903,1.1657355679702048,-0.0023673491239306612,44.573122529644266,-0.011483550589695841,15.245576923076921,-35.20021235521235,1.6168936773964706,-1.1003861003861004,0.9006181645268664,0.0078151950425887,0.03495236425273248,0.2344707573579481,-0.003784557835057572,-16.591182893539578,0.20819397993311037,-1.9807692307692308,-0.7300960495638064,0.04658477593752279,0.3875289843374099,-0.6060126582278481,-2.0,-1.3740458015267176,-0.1824734205575872,8.903926631644807e-05,0.22366477712292349,Utilities—Regulated Gas,Utilities,SR
2018Q3,2018,Q3,2018-08-03,2018-06-30,25900000.0,350600000.0,52400000.0,0.52,126400000.0,0.3605248146035368,6584900000.0,2307700000.0,584900000.0,814100000.0,4277200000.0,153200000.0,772400000.0,3504240000.0000005,5868340000.0,46.52620967741935,0.7184621053924579,0.3600662120912998,1.0274299085669714,0.009179494574523432,46.52620967741935,0.011223295922346926,9.99498003422704,33.824710424710425,1.5184989383368723,1.05019305019305,1.4634464751958225,0.007762025432048032,0.05324302571033729,0.355116079105761,0.003933241203359201,42.118269230769236,0.3605248146035368,-0.7438423645320197,1.070471134298381,0.11658851095412745,0.12377678631616865,-0.47530095475300954,-0.7362525458248472,-0.6304654442877292,0.599862731640357,0.109597711927982,0.24949164370540586,Utilities—Regulated Gas,Utilities,SR
2018Q2,2018,Q2,2018-05-02,2018-03-31,98200000.0,813400000.0,141800000.0,2.03,240900000.0,0.29616424883206294,6586800000.0,2153500000.0,718300000.0,928000000.0,4433300000.0,128500000.0,773700000.0,3484860000.0,6038160000.0,44.678423236514526,0.7740301724137931,0.3903412886378818,1.193916879498491,0.025168989405272464,44.678423236514526,0.04560018574413745,4.284312761249078,8.87184317718941,1.6182307870907824,0.2769857433808554,4.455252918287938,0.007805191600236451,0.12348940304852128,0.4896551724137931,0.01490860508896581,18.665559721478306,0.29616424883206294,-0.15062761506276162,0.5104589231924713,-0.04840635454731718,0.5652034871491106,0.3228995057660626,-0.15344827586206897,0.3491912464319695,-0.06981415711372119,-0.17103390155939788,0.1948622744438919,Utilities—Regulated Gas,Utilities,SR
2018Q1,2018,Q1,2018-02-01,2017-12-31,116000000.0,561800000.0,105100000.0,2.39,182100000.0,0.3241367034531862,6701100000.0,2079200000.0,852500000.0,1211300000.0,4615400000.0,204900000.0,703000000.0,3622230000.0000005,6334630000.0,43.136929460580916,0.7037893172624453,0.40576920207130174,1.3077626010003847,0.030649174176006797,43.136929460580916,0.055790688726433245,6.447543609825561,7.806530172413794,1.7421267795305886,0.22241379310344828,1.8530990727183991,0.00712268409239612,0.08383698198803181,0.38413274993808305,0.017310590798525614,-38.99063509149624,0.3241367034531862,9.535714285714285,1.1058091286307055,-0.15063005790839115,0.5545966285727205,1.717910447761194,9.721804511278195,54.31578947368421,1.2022535260899823,-0.1892246101754847,0.21239103994198733,Utilities—Regulated Gas,Utilities,SR
2017Q4,2017,Q4,2017-11-15,2017-09-30,-13300000.0,258700000.0,1900000.0,-0.28,67000000.0,0.258987243911867,6546700000.0,1991300000.0,725500000.0,1097900000.0,4555400000.0,225800000.0,614200000.0,3590665000.0000005,6155565000.0,41.399168399168396,0.6608069951726022,0.39291551468678876,1.2917691960026114,0.0002768647558944693,41.399168399168396,-0.0066790538843971275,13.879648241206032,-67.4937030075188,1.8031763169788584,-1.9022556390977443,0.8489813994685562,0.007046048573175163,0.039516092076924254,0.2587667364969487,-0.002031557884124826,-20.888103548574755,0.258987243911867,-1.6222222222222222,-8.502336082981245,-0.29027662777028707,0.539503425679044,-0.43791946308724833,-1.6129032258064515,-0.9622266401590457,0.20017022701586457,0.04277151645572696,0.18291179926024784,Utilities—Regulated Gas,Utilities,SR
2017Q3,2017,Q3,2017-08-02,2017-06-30,21700000.0,323500000.0,50300000.0,0.45,119200000.0,0.3684698608964451,6298200000.0,2028200000.0,629100000.0,909800000.0,4270000000.0,174800000.0,653100000.0,3354975000.0,5722675000.0,42.16632016632017,0.6914706528907452,0.3772506430408688,1.1714821023567696,0.008152430455139711,42.16632016632017,0.010699142096440193,10.370865533230294,38.651785714285715,1.6541637905531998,1.1105990783410138,1.1687643020594967,0.007183362022071699,0.05136388174399035,0.2967685205539679,0.0034454288526880694,-200.89670658682635,0.3684698608964451,-0.8093220338983051,0.19202874165520908,-0.1979663300890602,0.5373274111538194,-0.5528882220555139,-0.799074074074074,-0.7211751662971175,0.3457184995646535,-0.02927025135461856,-0.04054989320343332,Utilities—Regulated Gas,Utilities,SR
2017Q2,2017,Q2,2017-05-03,2017-03-31,108000000.0,663400000.0,180400000.0,2.36,266600000.0,0.40186915887850466,6256700000.0,1883000000.0,684300000.0,1015300000.0,4373700000.0,146400000.0,655900000.0,3078000000.0,5551100000.0,41.29385964912281,0.6739879838471388,0.39840490993654804,1.3237918215613382,0.02760440448029777,41.29385964912281,0.05735528412108338,4.639734700030147,7.125000000000001,1.6346255974508763,0.2222222222222222,2.710382513661202,0.007797270955165692,0.10603033548036504,0.37880429429725204,0.01726149567663465,26.129032258064516,0.40186915887850466,1.3838383838383836,0.7755976992744626,-0.09609364725417231,0.49373793511027064,0.6641697877652933,1.3893805309734513,1.0246913580246915,0.47936171649560894,-0.3167496123953463,0.21711101006074227,Utilities—Regulated Gas,Utilities,SR
2017Q1,2017,Q1,2017-02-01,2016-12-31,45200000.0,495100000.0,89100000.0,0.99,160200000.0,0.3235709957584326,6310100000.0,1796700000.0,815600000.0,1342200000.0,4513400000.0,190500000.0,572100000.0,2937025000.0,5504125000.0,39.487912087912086,0.6076590672030994,0.40850382719766726,1.4346858128791673,0.013639356254572054,39.487912087912086,0.025157232704402517,5.9321854170874575,16.244607300884955,1.6346774642399955,0.504424778761062,1.758005249343832,0.007762957414390413,0.07846151408060094,0.3330353151542244,0.007163119443431959,-37.17753164556962,0.3235709957584326,4.193548387096774,-0.12422846875853949,-0.41231086508700016,0.48617910520635776,2.0,4.183098591549296,12.571428571428571,-0.09094030267327634,-0.2437110828822487,0.20605379721386263,Utilities—Regulated Gas,Utilities,SR
2016Q4,2016,Q4,2016-11-15,2016-09-30,-14200000.0,279300000.0,-7700000.0,-0.31,53400000.0,0.19119226638023631,6077400000.0,1768200000.0,569600000.0,1161300000.0,4309200000.0,202300000.0,550900000.0,2900170000.0,5377370000.0,38.86153846153846,0.4904848015155429,0.40846414585184454,1.4039135844361497,-0.0011483672893238602,38.86153846153846,-0.008030765750480715,10.383709273182957,-51.059330985915494,1.6401821060965955,-1.5704225352112675,1.1166584280771132,0.007689204425947444,0.04595715272978576,0.2042538534401102,-0.0023365254878731038,-22.908135860979463,0.19119226638023631,-2.291666666666667,-1.4437134849586208,-0.49867924774619576,0.5004229936713963,-0.44891640866873067,-2.3271028037383177,-1.2181303116147308,-0.0548675069223014,0.35901200638751113,0.2097315137719159,Utilities—Regulated Gas,Utilities,SR
2016Q3,2016,Q3,2016-08-03,2016-06-30,10700000.0,249300000.0,35300000.0,0.24,96900000.0,0.38868832731648617,5310900000.0,1802400000.0,453400000.0,491800000.0,3508500000.0,143900000.0,588600000.0,3145296000.0,5089696000.0,40.5945945945946,0.9219194794631964,0.36703760191304674,1.081502441189525,0.0057529729379824,40.5945945945946,0.00593652907234798,12.616510228640193,73.48822429906542,1.7450599201065247,1.9906542056074767,1.0590687977762334,0.006772017641582859,0.04694119640738858,0.45038633590890603,0.0020147244346532603,77.85386138613862,0.38868832731648617,-0.8961038961038962,-0.6536243846185367,-0.6392458171934821,0.5493932931397452,-0.6051344743276283,-0.8938492063492064,-0.789505068574836,-0.044453337164043344,-0.11304368940690775,-0.019493241086825423,Utilities—Regulated Gas,Utilities,SR
2016Q2,2016,Q2,2016-05-04,2016-03-31,100800000.0,609300000.0,167700000.0,2.31,245400000.0,0.40275726243229937,5319800000.0,1681400000.0,503800000.0,618800000.0,3638400000.0,124000000.0,599400000.0,2933575000.0,5030075000.0,38.83140877598152,0.8141564318034906,0.39572916275047937,1.2520518615439515,0.02992094742445103,38.83140877598152,0.05995004163197336,4.814664368947973,7.275731646825396,1.7447216605209945,0.2152777777777778,2.9346774193548386,0.007397117851086133,0.1145343809917666,0.490142210730446,0.018948080754915598,19.544137241838776,0.40275726243229937,1.1388888888888888,0.8444618742242397,-0.4281081303582174,0.5077721195171041,0.6503026227303296,1.1492537313432836,0.9275862068965517,0.7259058681829547,-0.2065168930233199,0.3603670860390994,Utilities—Regulated Gas,Utilities,SR
2016Q1,2016,Q1,2016-02-03,2015-12-31,46900000.0,399400000.0,87000000.0,1.08,148700000.0,0.37230846269404105,5411400000.0,1600300000.0,636000000.0,847500000.0,3811100000.0,203500000.0,519900000.0,2566512000.0,4790512000.0,37.04398148148148,0.7504424778761062,0.41183427578815096,1.3926138848965819,0.01535531043558232,37.04398148148148,0.029307004936574392,6.425918878317476,13.680767590618336,1.603769293257514,0.42430703624733473,1.231941031941032,0.007753713990037841,0.07380714787300884,0.3904424778761062,0.008666888420741398,-88.80664359861592,0.37230846269404105,3.4949732620320857,0.02395356383813314,-0.5412510336888773,0.48838782187416635,2.1705756929637525,3.5080213903743314,11.235294117647058,-0.05005787037037032,-0.32626903995750556,0.33501501938487466,Utilities—Regulated Gas,Utilities,SR
2015Q4,2015,Q4,2015-11-24,2015-09-30,-18700000.0,204200000.0,-8500000.0,-0.43287037037037035,46900000.0,0.2296767874632713,5290200000.0,1573600000.0,530100000.0,853800000.0,3716600000.0,215400000.0,494200000.0,2355696000.0,4531396000.0,36.425925925925924,0.6208713984539704,0.41387849230652907,1.391395526182003,-0.0014872926539064848,36.425925925925924,-0.01188357905439756,11.536219392752203,-31.493262032085564,1.4970106761565838,-1.0641711229946524,0.7302692664809657,0.008447609538752029,0.03859967487051529,0.2861325837432654,-0.003534838002343957,-18.009908256880735,0.2296767874632713,-2.352719907407407,-4.974261636401586,-0.6331930610860552,0.49906331551454464,-0.5047518479408659,-2.326241134751773,-1.2361111111111112,-13.875846276383909,-0.3762511671151622,0.3545643527375908,Utilities—Regulated Gas,Utilities,SR
2015Q3,2015,Q3,2015-08-05,2015-06-30,14100000.0,275200000.0,36000000.0,0.32,94700000.0,0.34411337209302323,5082900000.0,1608600000.0,483000000.0,720400000.0,3474300000.0,163300000.0,532900000.0,2248992000.0,4271092000.0,37.236111111111114,0.6704608550805108,0.39894548387731416,1.2605992788760412,0.007464631236040581,37.236111111111114,0.00876538604998135,8.172209302325582,39.875744680851064,1.3981051846325998,1.4113475177304964,1.1053276178812002,0.008848408531466541,0.05414232032894607,0.3582731815657968,0.002774006964528124,172.99938461538463,0.34411337209302323,-0.8532110091743119,0.5175600061062966,-0.568178692487259,0.49828553470240583,-0.614413680781759,-0.850635593220339,-0.771718452758402,-0.13760260616361653,-0.24032457978050412,0.3575786094230589,Utilities—Regulated Gas,Utilities,SR
2015Q2,2015,Q2,2015-05-06,2015-03-31,94400000.0,877400000.0,157700000.0,2.18,245600000.0,0.27991793936630954,5180700000.0,1611600000.0,637200000.0,853700000.0,3569100000.0,117000000.0,539200000.0,2207582000.0,4224582000.0,37.39211136890951,0.746398032095584,0.39838245796900035,1.2806527674360884,0.029076099349381147,37.39211136890951,0.0585753288657235,2.516049692272624,5.84635063559322,1.3698076445768181,0.21398305084745764,5.4,0.0091502829792959,0.1693593529831876,0.5503104134942017,0.018221475862335204,9.028965235173825,0.27991793936630954,1.0,0.718123117229821,-0.2957090580546724,0.48480578669950647,0.561347743165925,1.0042462845010616,0.8064146620847652,0.6420273438611378,0.26483295942938356,0.3525985630842976,Utilities—Regulated Gas,Utilities,SR
2015Q1,2015,Q1,2015-02-04,2014-12-31,47100000.0,619600000.0,87300000.0,1.09,157300000.0,0.2538734667527437,5288500000.0,1533500000.0,816100000.0,1082300000.0,3755000000.0,245500000.0,464600000.0,2292920000.0,4528020000.0,35.580046403712295,0.7540423172872586,0.4251678169613312,1.4662536680795566,0.0156433161244669,35.580046403712295,0.030714052820345613,3.700645577792124,12.170488322717622,1.4952200847733943,0.4033970276008493,1.8830957230142567,0.008286377195889956,0.11715987520090763,0.4241892266469556,0.008906117046421481,-24.36684378320935,0.2538734667527437,4.152953020134229,0.048447637062385245,-0.35734358828109136,0.4696839494140139,3.507163323782235,4.1610738255033555,11.392857142857142,-0.036598269086600375,-0.2235736410024594,0.3391014802136568,Utilities—Regulated Gas,Utilities,SR
2014Q4,2014,Q4,2014-11-25,2014-09-30,-14900000.0,222300000.0,-8400000.0,-0.345707656612529,34900000.0,0.15699505173189385,5074000000.0,1508400000.0,604900000.0,782800000.0,3565600000.0,270200000.0,437500000.0,1999840000.0,4121840000.0,34.99767981438515,0.7727388860500767,0.42138352384706346,1.4174622116149562,-0.001335537888524842,34.99767981438515,-0.009878016441262264,8.99613135402609,-33.55436241610738,1.3258021744895252,-1.2751677852348993,0.6935603256846781,0.009500760060804865,0.043811588490342925,0.32064384261624934,-0.0029365392195506504,-16.140758676351897,0.15699505173189385,-2.047598959431906,-0.5990526682623339,-0.5504734908225437,0.48626589498569667,-0.4655436447166922,-2.2735042735042734,-1.3400809716599191,-1.7069631010877047,-0.5787709290807446,0.351241499886156,Utilities—Regulated Gas,Utilities,SR
2014Q3,2014,Q3,2014-08-07,2014-06-30,11700000.0,241800000.0,24700000.0,0.33,65300000.0,0.27005789909015715,3656700000.0,1533800000.0,995200000.0,320100000.0,2122900000.0,135600000.0,471600000.0,1694395000.0,2099195000.0,43.948424068767906,3.1090284286160577,0.26707140317772854,0.6367192593558482,0.010561203010156646,43.948424068767906,0.007628113182944321,7.007423490488007,36.20502136752137,1.1047040031294824,1.2305128205128204,1.301622418879056,0.008496838104456164,0.06612519484781361,2.5257731958762886,0.0031996062023135615,1837.738611713666,0.27005789909015715,-0.7924528301886792,0.06778752146288881,-0.5103665644157034,0.8131868453314325,-0.5707195214147192,-0.7759436220532756,-0.7166748873008408,-0.5181554650714657,-0.5548535272658973,0.6774005055657674,Utilities—Regulated Gas,Utilities,SR
2014Q2,2014,Q2,2014-04-29,2014-03-31,52219000.0,694504000.0,87179000.0,1.59,152115000.0,0.2190268162602375,3180471000.0,1106622000.0,541631000.0,399964000.0,2073849000.0,82839000.0,478955000.0,1537891550.0,2395777550.0,33.92776772848514,1.354199377944015,0.2731724326365497,0.785107290474977,0.029712870448627703,33.92776772848514,0.047187747939224055,2.2143739272919953,7.362701076236618,1.389717130149229,0.2801087726689519,6.5475078163666875,0.009511073781502994,0.21836514151520325,1.0671485433689032,0.0164186373653462,12.310026014568159,0.2190268162602375,0.4587155963302752,0.1374815055640486,-0.29276114383989565,0.3916792303722041,0.34950629441354164,0.4671555405709148,0.3858834750814721,0.26847404125916063,-0.13463091044875075,0.31737023896241634,Utilities—Regulated Gas,Utilities,SR
2014Q1,2014,Q1,2014-02-04,2013-12-31,35592000.0,468610000.0,62905000.0,1.09,112719000.0,0.24053904099357676,3206730000.0,1066388000.0,570724000.0,477724000.0,2140342000.0,167908000.0,441259000.0,1483237800.0,2454983800.0,32.74141848326681,1.194673074829818,0.3137975445391411,0.9436190204690975,0.019970372199293603,32.74141848326681,0.03337621953735413,3.165185975544696,10.418336985839515,1.3908988098140638,0.38986289053719936,2.1195595206899016,0.009355209259095203,0.14613328842777534,0.7769004697272902,0.011099157085255072,-29.457376072449954,0.24053904099357676,4.684236197592362,-0.2372422320536727,-0.5335989430070781,0.4059705807128246,3.663784186354421,4.693648816936488,7.470376465747789,0.030684631066091043,-0.28608817016959387,0.3155154114776097,Utilities—Regulated Gas,Utilities,SR
2013Q4,2013,Q4,2013-11-26,2013-09-30,-9636000.0,147114000.0,-9722000.0,-0.2958550813632177,24169000.0,0.16428755930774774,3125386000.0,1046282000.0,475880000.0,353178000.0,2079104000.0,199151000.0,420103000.0,1465650000.0,2399381000.0,32.12410193429536,1.3474225461382079,0.31570884364363316,0.9430650627651054,-0.0025161301472747043,32.12410193429536,-0.009209754158056815,9.962682001712958,-38.025373599003736,1.4008173704603541,-1.439082606890826,0.6173456322087261,0.009461331150001705,0.04707066583135651,0.6881459207538408,-0.0030831391706496415,-39.50326127971538,0.16428755930774774,-2.183420325452871,-0.8032639468365448,-0.7814800235382309,0.44191860283870016,-0.3813765389439197,-2.4633257403189064,-1.7916293461444508,-3.0832447390899698,-0.6494888827271033,0.3220271421920733,Utilities—Regulated Gas,Utilities,SR
2013Q3,2013,Q3,2013-07-30,2013-06-30,6585000.0,165289000.0,12281000.0,0.25,39069000.0,0.23636781637011536,2422039000.0,1080997000.0,841389000.0,182801000.0,1341042000.0,72611000.0,443691000.0,1179649800.0,1087604800.0,41.401646878590576,4.602759284686626,0.1917574407348519,0.42964411557108856,0.010417749316963943,41.401646878590576,0.006091598774094655,7.136892352183146,44.78548974943052,1.091260937819439,1.4574031890660593,1.7383041137017807,0.008135465288088041,0.06824374008841311,3.962062570773683,0.0027187836364319486,-125.08215459654332,0.23636781637011536,-0.8134328358208955,-0.4094053732626824,-0.7282272072805108,0.8589819677643027,-0.6880818177463395,-0.7822564645195423,-0.7631391155084958,0.172625716233476,-0.5708822631817573,0.6658960020274327,Utilities—Regulated Gas,Utilities,SR
2013Q2,2013,Q2,2013-04-30,2013-03-31,30242000.0,397613000.0,51849000.0,1.34,125254000.0,0.31501485112408295,2009098000.0,640003000.0,459913000.0,207344000.0,1369095000.0,46124000.0,451114000.0,947735670.0000001,1265289670.0,28.54480174836091,2.2181157882552665,0.2311654284659086,0.725674723399734,0.030542631585111307,28.54480174836091,0.04725290350201483,2.3835630877260052,7.834598158190596,1.4808300429841736,0.316083592355003,5.904930188188362,0.010086145644386264,0.19790622458436571,1.8569092908403426,0.0150525260589578,9.160672259972744,0.31501485112408295,0.17543859649122825,-0.4329598902208112,-0.4879560286695822,0.28066293767311185,0.16650989522700815,0.1828066332916145,0.2320066532018534,0.05807167308129001,-0.3864678299383353,0.13348739251448496,Utilities—Regulated Gas,Utilities,SR
2013Q1,2013,Q1,2013-02-05,2012-12-31,25568000.0,307003000.0,42085000.0,1.14,107375000.0,0.34975228255098484,1942155000.0,620778000.0,400063000.0,275070000.0,1321377000.0,102799000.0,430556000.0,863782920.0,1264695920.0,27.747988557124977,1.4544043334423964,0.23040179594316623,0.7208309572826357,0.027118932065034466,27.747988557124977,0.04118702660210252,2.8135976521402073,8.445937500000001,1.3914522099687812,0.37136264080100123,1.9419255051119175,0.010992345160054798,0.15807337725361775,0.9310102882902533,0.013164757704714609,-36.29645012185898,0.34975228255098484,40.17677419354838,0.1784501199417718,-0.4536301274040391,0.356117003519699,1.6591134224863795,40.274961597542244,21.517388978063135,0.09646571203855134,-0.3865452767830293,0.14616976459804112,Utilities—Regulated Gas,Utilities,SR
2012Q4,2012,Q4,2012-11-19,2012-09-30,-651000.0,169538000.0,1869000.0,-0.02909887359198999,40380000.0,0.23817669195106703,1880262000.0,601611000.0,343016000.0,252124000.0,1278651000.0,106472000.0,414581000.0,962443440.0000001,1339502440.0,26.891247988557126,1.3605051482603798,0.21513810309414327,0.6723879716295081,0.00025110248345595844,26.891247988557126,-0.00108209457606327,5.676859701069968,-369.601935483871,1.599776998758334,-14.28110599078341,1.2130701029378617,0.009659788423515047,0.09016722137659539,0.728514540464216,-0.00034622834477322843,-29.925793352196763,0.23817669195106703,-1.0765759831368158,-2.100345827020618,-0.49473172160183315,0.3512326767222447,-0.46007380863240094,-1.0771967271433653,-0.8757726819541376,0.8654046834928747,-0.33952655639709434,0.14200555496731102,Utilities—Regulated Gas,Utilities,SR
2012Q3,2012,Q3,2012-07-27,2012-06-30,8433000.0,186849000.0,15045000.0,0.38,74788000.0,0.40025903269484986,1741338000.0,611158000.0,261691000.0,179283000.0,1130180000.0,69160000.0,424588000.0,887046420.0,1229924420.0,27.42832779822278,1.4596531740321168,0.2092649445426448,0.5962467970639344,0.01393924042210193,27.42832779822278,0.013798395832174331,4.747397203089125,26.296881892564922,1.451419142022194,1.1010316613304874,1.6203152111046848,0.010467321428341935,0.10730197124280295,0.9393807555652237,0.004842827756587176,43.022912988650695,0.40025903269484986,-0.7121212121212122,-0.12330537175102506,-0.6066907185572797,0.3527016448801246,-0.40268038272926215,-0.7159075596280825,-0.7025680564616571,0.2054587033208719,-0.40737931625003004,0.13161470990079707,Utilities—Regulated Gas,Utilities,SR
2012Q2,2012,Q2,2012-04-27,2012-03-31,29684000.0,358175000.0,50583000.0,1.32,125206000.0,0.3495665526628045,1758131000.0,615204000.0,277810000.0,187760000.0,1142927000.0,70522000.0,425500000.0,868351080.0000001,1223435080.0,27.64464815314101,1.4796016190881978,0.20725759343302633,0.5923010903700237,0.033551275390856526,27.64464815314101,0.04825066156917055,2.4243765756962383,7.313292346045007,1.411484775781692,0.31259264250101065,3.3034939451518675,0.010685770091977083,0.20372486464319212,0.9797347677886664,0.016883838576306317,8.750539935909064,0.3495665526628045,0.17857142857142852,0.37325478142828017,-0.5075092549948524,0.3760787145479273,0.12188740446045357,0.1791530944625407,0.17348335459923442,-0.052292873976555986,-0.4654078698168617,0.1339526659566479,Utilities—Regulated Gas,Utilities,SR
2012Q1,2012,Q1,2012-01-27,2011-12-31,25174000.0,410913000.0,43105000.0,1.12,111603000.0,0.2715976374561038,1874330000.0,589670000.0,415513000.0,323179000.0,1284660000.0,127487000.0,405158000.0,898150710.0,1330943710.0,26.570089667913305,1.2857054449701248,0.2546894090154882,0.8095578883104109,0.026257348369825868,26.570089667913305,0.04269167500466362,2.185744208628104,8.919427881941685,1.5231412654535588,0.35890204178914753,2.347768792112137,0.010059558935270451,0.21923193887949294,0.7956302853836419,0.0134309326532681,-13.124526325018632,0.2715976374561038,9.615384615384615,0.26985343913538784,-0.26629525008076743,0.3548072994473273,0.758358279502127,9.90484612663601,22.96053362979433,-0.20824973074887587,-0.3997950117148765,0.14096352969801373,Utilities—Regulated Gas,Utilities,SR
2011Q4,2011,Q4,2011-11-21,2011-09-30,-2827000.0,271046000.0,1799000.0,-0.13,63470000.0,0.23416689418032363,1783082000.0,573331000.0,369134000.0,231934000.0,1209751000.0,128360000.0,389298000.0,857770000.0,1224850000.0,25.900388507408746,1.591547595436633,0.23013916353818836,0.7157418663913168,0.0007616540657642347,25.900388507408746,-0.004930834020836132,3.1646657762888957,-75.85514679872655,1.4961165539627197,-3.1881853555005306,1.6171392957307573,0.010507478694755004,0.1520098346570713,0.85562703182802,-0.001585457090588094,-15.688523090992227,0.23416689418032363,-1.1884057971014492,-2.3097921937116013,-0.02673909871455928,0.3726902878284543,-0.35933541269216407,-1.1836907082521118,-0.9301467733167663,0.22159264757073383,-0.4076222252680404,0.1625617452580634,Utilities—Regulated Gas,Utilities,SR
2011Q3,2011,Q3,2011-07-29,2011-06-30,15390000.0,344281000.0,25754000.0,0.69,99069000.0,0.2877562223881074,1742304000.0,579551000.0,344650000.0,185494000.0,1162753000.0,70248000.0,401208000.0,836799600.0,1140220600.0,26.200316455696203,1.8580115798893764,0.20911563079692178,0.6286642590557173,0.021246394470454396,26.200316455696203,0.02655504002236214,2.430571538946384,13.593235867446394,1.44387568997379,0.5864847303443794,3.490661655847853,0.010786334027884335,0.1976009927085055,1.3056487002275006,0.00883313130200011,19.02855193742041,0.2877562223881074,-0.44800000000000006,4.400699403386967,0.0014940047833978997,0.3669154707233556,-0.24241798577655427,-0.4482486645394902,-0.48433213863804736,0.6292738276226029,-0.3318148339271198,0.17642459933264498,Utilities—Regulated Gas,Utilities,SR
2011Q2,2011,Q2,2011-04-29,2011-03-31,27893000.0,543778000.0,49943000.0,1.25,130770000.0,0.24048416817157,1734417000.0,569167000.0,351135000.0,189114000.0,1165250000.0,61554000.0,394887000.0,842010000.0,1183355000.0,25.754162895927603,1.856737206129636,0.21005732762075094,0.6401056280494125,0.03382306615236814,25.754162895927603,0.04900670629182648,1.5484444019434402,7.546785931954253,1.4793724864582802,0.32323522030617,6.709685804334406,0.010707711309841925,0.31352206533953486,1.3741605592394006,0.01608206100378398,7.012192075151152,0.24048416817157,0.19047619047619044,0.2795440693559589,-0.26296458690919916,0.3298666268850712,-0.51716345994085,0.19358979845093927,0.22556501680940344,-0.46940738291236217,-0.2895540873234794,0.15546088574619035,Utilities—Regulated Gas,Utilities,SR
2011Q1,2011,Q1,2011-01-28,2010-12-31,23369000.0,444202000.0,40751000.0,1.05,270837000.0,0.6097158499961729,1844227000.0,548571000.0,437687000.0,315332000.0,1295656000.0,130307000.0,376055000.0,805378140.0,1242054140.0,24.888662038927453,1.3880196110765797,0.2503829517732904,0.8417561263719737,0.026248109292814778,24.888662038927453,0.04259977286440588,1.813089855516184,8.615881509692327,1.4681383813581104,0.3751123282981728,1.3304350495368629,0.01088432819892529,0.24086080509611887,0.8525997995763196,0.012671433614191745,-81.93063479145474,0.6097158499961729,15.491577958672512,-0.14179578484697025,-0.3803687060535634,0.34021369921788036,3.6605234629084715,15.633061991233562,37.263849765258215,0.09327166400364584,-0.19758664142095714,0.21637421452583605,Utilities—Regulated Gas,Utilities,SR
2010Q4,2010,Q4,2010-11-19,2010-09-30,-1597000.0,284031000.0,1065000.0,-0.0724558776825008,58113000.0,0.2046009062391077,1840196000.0,535577000.0,414195000.0,333924000.0,1304619000.0,133068000.0,361723000.0,758651220.0,1190680220.0,24.29912435914886,1.240387034175441,0.28200691665453026,0.9689512432386006,0.00038183324137752673,24.29912435914886,-0.0029818308105090396,2.671015558160905,-118.76193174702568,1.4165119487954114,-5.500313087038196,1.6977635494634322,0.011578443121728585,0.15434823247088897,0.7111528371725303,-0.000867842338533504,-11.219331854480922,0.2046009062391077,-1.3450279889642895,0.6975152671454149,0.024046981653374003,0.4012532738316106,-0.2247672153891305,-1.3375607693933629,-0.9172301235719282,-3.7398491009975823,-0.14080006262224376,0.22098352831341156,Utilities—Regulated Gas,Utilities,SR
2010Q3,2010,Q3,2010-07-30,2010-06-30,4731000.0,324507000.0,12867000.0,0.21,74962000.0,0.23100272105070152,1776920000.0,546680000.0,387075000.0,285821000.0,1230240000.0,73875000.0,372072000.0,728760610.0,1084956610.0,24.852479883620493,1.3542566851281046,0.26196058348152984,0.8514725250603644,0.01019533253283741,24.852479883620493,0.008654057218116632,2.2457469638559413,38.50986102303953,1.3330661630204144,1.853730712322976,3.3779357021996614,0.01203413011029781,0.18262330324381515,0.9898083065974859,0.0026624721428089053,10.04646617681523,0.23100272105070152,-0.8333333333333334,-0.2572863452683522,-2.7568754614488363e-05,0.36168690863972836,-0.42744756580052856,-0.8311563169164882,-0.7440421722697433,-0.5017929046956477,-0.3080763073568094,0.2256667874627751,Utilities—Regulated Gas,Utilities,SR
2010Q2,2010,Q2,2010-04-30,2010-03-31,28020000.0,635325000.0,50270000.0,1.26,130926000.0,0.2060772045803329,1830905000.0,553526000.0,438175000.0,362994000.0,1277379000.0,63720000.0,376142000.0,741165600.0,1161619600.0,25.18316651501365,1.2071136162030227,0.2753933164200218,0.9109219801779862,0.03032238583488305,25.18316651501365,0.05062092837554153,1.1665928461810884,6.6128265524625265,1.338989677088339,0.31270521056388295,7.915866290018832,0.011821919419897523,0.3470005270617536,0.9680407940627118,0.015303907084201528,13.181901611354178,0.2060772045803329,0.2233009708737864,0.19543985898335683,0.05581026755124371,0.3826479591173375,0.14409801111538328,0.22432928427859827,0.23622860515443636,0.3124332468263166,-0.11553806900330929,0.2535525579582741,Utilities—Regulated Gas,Utilities,SR
2010Q1,2010,Q1,2010-01-29,2009-12-31,22886000.0,491166000.0,40664000.0,1.03,114436000.0,0.232988439753566,1860028000.0,531564000.0,476699000.0,407761000.0,1328464000.0,108015000.0,356910000.0,741487890.0000001,1195862890.0,24.20931821287061,1.1690647217365073,0.2873096534030671,1.0053427244884905,0.024563709932273376,24.20931821287061,0.04305408191675885,1.5096482451961253,8.099797802149787,1.3949174323317608,0.3729354190334702,3.4877563301393324,0.011510639775924054,0.26406376678200544,0.8516729162426029,0.012304115852019432,-66.04506012291797,0.232988439753566,5.764211080682536,0.3171759823624832,0.06254694969037992,0.3766488739613938,0.9483774304491436,5.821150200126396,14.258558852298663,0.1668479741125802,-0.11357344738021898,0.2344317026919582,Utilities—Regulated Gas,Utilities,SR
2009Q4,2009,Q4,2009-11-20,2009-09-30,-4747000.0,251930000.0,-3067000.0,-0.21619529079564603,58734000.0,0.23313618862382407,1762018000.0,517030000.0,368783000.0,299140000.0,1244988000.0,117318000.0,342810000.0,706137119.9999999,1150586120.0,23.54738807669536,1.2328107240756836,0.2945713380907573,1.0038875887279268,-0.001314639968969653,23.54738807669536,-0.009181285418641084,2.802910014686619,-37.188599115230666,1.3657565711854243,-1.7965030545607752,1.6467720213436983,0.012076974511692574,0.14297810805564984,0.8026609614227452,-0.0026940700946301343,-183.26943161173108,0.23313618862382407,-1.6974041638569226,0.21749739591133316,0.22000582537710098,0.3862384288854864,-0.2712089439267412,-1.6902719208957395,-1.18928593470345,-4.602995772729343,-0.0880053192843757,0.2479840179756867,Utilities—Regulated Gas,Utilities,SR
2009Q3,2009,Q3,2009-07-31,2009-06-30,6877000.0,309944000.0,16203000.0,0.31,80591000.0,0.26001793872441475,1666004000.0,530914000.0,372702000.0,300114000.0,1135090000.0,78103000.0,356239000.0,725679520.0,1158829520.0,24.238221329437547,1.2418680901257522,0.31345963154950407,0.9836338842072351,0.009933867791574494,24.238221329437547,0.012953133652531295,2.341324626384121,26.380671804565946,1.3668494709124266,1.2390577286607531,2.9365453311652563,0.01174209794428262,0.18604036965097323,0.8019252683980087,0.004127841229672918,6.716891464114478,0.26001793872441475,-0.7785714285714285,0.6572430936765209,0.1469175971991058,0.30168140707942676,-0.4287364876838561,-0.7768004933303041,-0.7066799420709631,1.4370929983791247,-0.089499426930112,0.2645496009198725,Utilities—Regulated Gas,Utilities,SR
2009Q2,2009,Q2,2009-05-01,2009-03-31,30811000.0,659068000.0,55240000.0,1.4,141075000.0,0.2140522677477893,1784956000.0,533681000.0,501978000.0,429226000.0,1251275000.0,95302000.0,357887000.0,853311179.9999999,1387720180.0,24.379014206751634,1.1694957900965925,0.35183556345366496,1.1767535287934179,0.03041966407637815,24.379014206751634,0.05773299030694366,1.2947240345457522,6.923754340982116,1.5989161690223184,0.27642725000811397,5.4352794275041445,0.009981118494193409,0.3692348718960019,0.821474002040883,0.017261489919079238,8.225003180845526,0.2140522677477893,-0.014084507042253534,0.25154453645150915,0.21497209561598554,0.4320643265433479,-0.6635937228007507,-0.016063102765536182,-0.025543324865932825,0.4268965505687988,-0.0981721962275378,0.2588581318262375,Utilities—Regulated Gas,Utilities,SR
2009Q1,2009,Q1,2009-01-30,2008-12-31,31314000.0,674256000.0,56688000.0,1.42,419359000.0,0.621958128663297,1875646000.0,508993000.0,639901000.0,560718000.0,1366653000.0,222647000.0,335598000.0,1023781880.0000001,1646397880.0,23.287413643226426,1.1412171537207652,0.3479846410250122,1.282328047733466,0.03141889341503361,23.287413643226426,0.06152147475505557,1.5183874967371445,8.173515679887592,2.011386954241021,0.263141087053714,1.1448481228132426,0.00804858941242445,0.3594793473821819,0.6353710777966821,0.016695047999462587,-32.43716747988087,0.621958128663297,9.655030674846625,0.6491259709898691,0.7728040459307616,0.2524292472236203,1.642000162276277,9.73229224762967,11.240984668538113,0.15965766858844582,-0.051541362848591885,0.2539890949216484,Utilities—Regulated Gas,Utilities,SR
2008Q4,2008,Q4,2008-11-21,2008-09-30,-3586000.0,451789000.0,4631000.0,-0.16406643180674382,-653207000.0,-1.4458231608117948,1772655000.0,486946000.0,561908000.0,479204000.0,1285709000.0,231479000.0,312808000.0,1059845930.0,1650187930.0,22.278720775952785,1.1725862054573835,0.34143191991673505,1.2429324812196836,0.0017449242964608757,22.278720775952785,-0.007364266263610339,2.3458869737864356,-73.88775306748467,2.1765163488353947,-2.295872838817624,4.773633893355337,0.00776811021956748,0.2548657240128508,0.4462775769818282,-0.0020229542691612297,-4.327597466762486,-1.4458231608117948,-1.3906343614446282,0.23261710046055423,1.4483807466425451,0.418040243575778,-2.6638316623874148,-1.3869644976799396,-0.7595409938210707,0.31506466579655074,0.6425951416028074,0.2847430204755599,Utilities—Regulated Gas,Utilities,SR
2008Q3,2008,Q3,2008-08-07,2008-06-30,9267000.0,505488000.0,19259000.0,0.42,392592000.0,0.7766593865729751,1561186000.0,483306000.0,428918000.0,325452000.0,1077880000.0,109811000.0,324694000.0,876069370.0,1211025370.0,22.271139578821252,1.3179147769870825,0.23567147027964638,0.7612713270681515,0.017158401130090033,22.271139578821252,0.01917418778165386,1.7331160581457918,23.634114869968705,1.812659826279831,0.8776303010683069,1.0280937246723916,0.009283511418736167,0.3237846099055462,0.8226282216732421,0.005935871830774808,17.980243206633283,0.7766593865729751,-0.8227848101265823,2.990372227705846,1.377328921248511,0.36918665889444036,0.06054351936895564,-0.819546676013553,-0.6287994140662645,0.47465806817007794,0.5789141447266141,0.22025324422276907,Utilities—Regulated Gas,Utilities,SR
2008Q2,2008,Q2,2008-04-25,2008-03-31,51354000.0,747706000.0,51883000.0,2.37,370180000.0,0.49508764139915956,1705864000.0,481199000.0,578990000.0,450422000.0,1224665000.0,57062000.0,323581000.0,769216070.0,1151068070.0,22.28908240307564,1.2854389883265027,0.3091465673699662,1.0959332833193751,0.033653932687571934,22.28908240307564,0.10672092003516216,1.028768085316956,3.744674562838338,1.5985404583135046,0.15903337617322896,6.616066734429217,0.010617302886040849,0.4383151294593238,1.0965561184844435,0.030104392847260977,6.197607621963502,0.49508764139915956,1.4432989690721651,1.0955157004117444,0.5588381512443417,0.35270867357784286,0.16222410599353237,1.4567765392527388,0.29558507716126453,1.2306377094825471,0.26507409693941775,0.22375215510875912,Utilities—Regulated Gas,Utilities,SR
2008Q1,2008,Q1,2008-02-01,2007-12-31,20903000.0,541351000.0,40046000.0,0.97,318510000.0,0.5883613404242349,1747685000.0,441024000.0,562413000.0,552212000.0,1306661000.0,157013000.0,280438000.0,738008960.0,1321226960.0,20.461352881135753,1.0184729777694075,0.3720052526628082,1.4741782760121898,0.023601398672773007,20.461352881135753,0.04739651356842258,1.3632725532972139,8.826591398363872,1.673398635901901,0.37779266134047745,1.4192519090775924,0.010700412092557792,0.30975318778841726,0.665487167971721,0.011960393320306576,-34.99663125948407,0.5883613404242349,35.67961403508772,0.2181727012211148,0.6997659410051823,0.13520182811735404,-0.6035642006686299,35.6719298245614,4.896054181389871,0.22554045940656317,0.1930094934230954,0.16352299374407842,Utilities—Regulated Gas,Utilities,SR
2007Q4,2007,Q4,2007-12-03,2007-09-30,570000.0,323272000.0,6792000.0,0.02644520738610003,803434000.0,2.4853188646093693,1641153000.0,428952000.0,467335000.0,473665000.0,1212201000.0,163196000.0,268761000.0,720119139.9999999,1274455140.0,19.90127122575856,0.986636124687279,0.3699118851197908,1.4152679087636846,-0.0028416643049377728,19.90127122575856,0.0013288200078330442,2.227595152070083,315.8417280701754,1.6787872302728508,13.771929824561404,-2.9422412314027304,0.010900973969390677,0.19697858761492681,0.4864513949732406,0.0003473167949606161,-8.317000138593734,2.4853188646093693,-0.9384995177067441,1.0961510215240349,1.2596687471283514,0.3146548249380141,5.5061179538258465,-0.9385245901639344,-0.6817244611059045,1.0957164403032633,0.5947596220703938,0.17159095806990968,Utilities—Regulated Gas,Utilities,SR
2007Q3,2007,Q3,2007-07-27,2007-06-30,9272000.0,457927000.0,21340000.0,0.43,123489000.0,0.26966961983023496,1503894000.0,435503000.0,399301000.0,364741000.0,1068391000.0,80907000.0,276052000.0,684718640.0,1146114640.0,20.276701741316696,1.094752166605893,0.3309814388514084,1.1429565353166338,0.015117898367813232,20.276701741316696,0.02129032406206157,1.4952571916484505,18.461999568593615,1.572247814595996,0.8499784296807593,4.133610194420755,0.011509837091626424,0.3044941997241827,0.6753093290855703,0.006165328141478056,30.802943902109856,0.26966961983023496,-0.5567010309278351,10.115868419961698,1.7328240458185777,0.2848018187793744,-0.6226555194983774,-0.5548727796447431,-0.4761390416339356,1.278716039108005,0.7281236999132278,0.08893327174595339,Utilities—Regulated Gas,Utilities,SR
2007Q2,2007,Q2,2007-04-27,2007-03-31,20830000.0,700834000.0,40736000.0,0.97,327258000.0,0.4669550849416552,1555229000.0,430818000.0,468258000.0,405992000.0,1124411000.0,69801000.0,274674000.0,666510600.0,1143708600.0,20.089438097458615,1.1533675540404738,0.32965691869171676,1.1900431272602352,0.027800991470730646,20.089438097458615,0.04834988324536115,0.951024921736103,7.999407105136822,1.547081598261911,0.37782045127220354,5.3520150141115455,0.011807764197598658,0.45063074312528895,0.8419131411456383,0.013393525969487452,5.112257718120805,0.4669550849416552,0.08988764044943816,-0.18796260304178497,1.3968448682670092,0.24276102974716615,0.13616258965830896,0.09063301743546782,0.11918237265783835,-0.13628724125236294,0.31883599295177106,0.180087406147203,Utilities—Regulated Gas,Utilities,SR
2007Q1,2007,Q1,2007-01-26,2006-12-31,19099000.0,539561000.0,36398000.0,0.89,288038000.0,0.5338376939771406,1681151000.0,419318000.0,574234000.0,562339000.0,1261833000.0,161628000.0,261747000.0,,,,,,,,,,,,,,,,,,,,,,,,,,,,,,,Utilities—Regulated Gas,Utilities,SR
