Quarters,Year,Quarter,FillingDate,Date,NetIncome,Revenue,OperatingIncome,EPSDiluted,GrossProfit,GrossProfitRatio,TotalAssets,CommonStockEquity,CurrentAssets,CurrentLiability,TotalLiability,Inventory,RetainedEarnings,MarketCap,EnterpriseValue,bookValuePerShare,currentRatio,debtToAssets,debtToEquity,roic,shareholdersEquityPerShare,roe,priceToSalesRatio,peRatio,pbRatio,payoutRatio,inventoryTurnover,dividendYield,assetTurnover,quickRatio,returnOnAssets,priceToFreeCashFlowsRatio,grossProfitMargin,epsdilutedGrowth,fiveYNetIncomeGrowthPerShare,fiveYRevenueGrowthPerShare,fiveYShareholdersEquityGrowthPerShare,grossProfitGrowth,netIncomeGrowth,operatingIncomeGrowth,threeYNetIncomeGrowthPerShare,threeYRevenueGrowthPerShare,threeYShareholdersEquityGrowthPerShare,Industry,Sector,Symbol
2023Q1,2023,Q1,2023-04-26,2023-03-31,-151000000.0,301000000.0,25000000.0,-1.72,147000000.0,0.488372093,22647000000.0,-7000000.0,1365000000.0,983000000.0,8068000000.0,59000000.0,-14000000.0,5303475000.0,10410475000.0,-0.08018327605956473,1.3886063072227874,0.23601360003532476,-763.5714285714286,0.003822668678419896,-0.08018327605956473,21.571428571428573,17.61951827242525,-8.78058774834437,-757.6392857142856,-1.119205298013245,2.610169491525424,0.03186589924530615,0.013290943612840552,1.1881993896236012,-0.0066675497858435994,143.33716216216217,0.4883720930232558,-9.19047619047619,-2.1888729392318065,-0.1168871166439732,0.0,0.3125,-9.38888888888889,1.2727272727272727,0.48513508143288553,0.06504919741079349,0.0,Utilities—Renewable,Utilities,NEP
2022Q4,2022,Q4,2023-02-23,2022-12-31,18000000.0,266000000.0,11000000.0,0.21,112000000.0,0.4210526316,23054000000.0,-7000000.0,1861000000.0,1326000000.0,8265000000.0,51000000.0,0.0,6062785000.0,11115785000.0,-0.08092485549132948,1.403469079939668,0.2293745120152685,-755.4285714285714,0.003124408256012119,-0.08092485549132948,-2.5714285714285716,22.792424812030074,84.20534722222223,-866.1121428571429,9.333333333333334,3.019607843137255,0.027710037548750285,0.011538127873687864,1.1644042232277527,0.0007807755703999306,159.5469736842105,0.42105263157894735,-0.922509225092251,1.1284025223331582,-0.3156543163081588,0.0,-0.2483221476510067,-0.9224137931034483,-0.6666666666666666,-0.6462427745664739,-0.061035972837981865,0.0,Utilities—Renewable,Utilities,NEP
2022Q3,2022,Q3,2022-11-03,2022-09-30,232000000.0,302000000.0,33000000.0,2.71,149000000.0,0.4933774834,18467000000.0,-8000000.0,799000000.0,419000000.0,5878000000.0,46000000.0,260000000.0,6153581000.0,10739581000.0,-0.09400705052878966,1.9069212410501193,0.26051876319922024,-601.375,0.005754526164829292,-0.09400705052878966,-29.0,20.376096026490067,6.63101400862069,-769.197625,0.7801724137931034,3.3260869565217392,0.02941376736570137,0.01635349542427032,1.4558472553699284,0.012562950127254021,30.463272277227723,0.49337748344370863,-0.577223088923557,147.03290246768506,0.08868927881455514,0.0,-0.3407079646017699,-0.5687732342007435,-0.5822784810126582,3.3328521067651504,-0.1597980520475795,0.0,Utilities—Renewable,Utilities,NEP
2022Q2,2022,Q2,2022-07-27,2022-06-30,538000000.0,362000000.0,79000000.0,6.41,226000000.0,0.6243093923,18611000000.0,-8000000.0,1439000000.0,1074000000.0,6535000000.0,45000000.0,369000000.0,6222024000.0,11260024000.0,-0.09535160905840286,1.3398510242085662,0.28445542958465425,-661.75,0.012947639771571732,-0.09535160905840286,-67.25,17.187911602209944,2.891275092936803,-777.753,0.2788104089219331,3.022222222222222,0.024107910866303314,0.01945086239320832,1.2094972067039107,0.028907635269464296,21.529550607728044,0.6243093922651933,0.6186868686868687,25.784083616026408,0.14846105307438817,0.0,0.4868421052631579,0.6156156156156156,1.3235294117647058,17.380756311626396,0.10723246308662725,0.0,Utilities—Renewable,Utilities,NEP
2022Q1,2022,Q1,2022-04-22,2022-03-31,333000000.0,281000000.0,34000000.0,3.96,152000000.0,0.5409252669,18612000000.0,-8000000.0,1282000000.0,800000000.0,7236000000.0,44000000.0,0.0,6993904000.0,12239904000.0,-0.09535160905840286,1.6025,0.2908875993982377,-676.75,0.0054682496674713045,-0.09535160905840286,-41.625,24.889338078291814,5.250678678678679,-874.238,0.4114114114114114,2.9318181818181817,0.01958848734555121,0.01509778637438212,1.29125,0.017891682785299807,-20.15534293948127,0.5409252669039146,8.76470588235294,16.926698450536353,0.037302911629490836,0.0,0.3333333333333333,9.538461538461538,1.3008849557522124,14.916343861740165,0.06153411042201157,0.0,Utilities—Renewable,Utilities,NEP
2021Q4,2021,Q4,2022-02-23,2021-12-31,-39000000.0,231000000.0,-113000000.0,-0.51,114000000.0,0.4935064935,18976000000.0,-8000000.0,1410000000.0,1261000000.0,7817000000.0,41000000.0,0.0,6465040000.0,11645040000.0,-0.10443864229765012,1.1181601903251388,0.28072301854974707,-665.875,-0.018411982202168328,-0.10443864229765012,4.875,27.987186147186147,-41.442564102564106,-808.1300000000001,-5.948717948717949,2.8536585365853657,0.035885315481420064,0.01217327150084317,1.0658207771609833,-0.0020552276559865092,41.98077922077922,0.4935064935064935,-3.125,-1.657030958597538,-0.07131201044386427,0.0,-0.19718309859154928,-3.1666666666666665,-2.765625,-0.9041775456919059,0.08447981522394049,0.0,Utilities—Renewable,Utilities,NEP
2021Q3,2021,Q3,2021-10-25,2021-09-30,18000000.0,252000000.0,64000000.0,0.24,142000000.0,0.5634920634920635,13445000000.0,0.0,635000000.0,201000000.0,5040000000.0,32000000.0,0.0,5772576000.0,9622576000.0,0.0,3.1592039800995027,0.29624395686128674,0.0,0.015104192819482802,0.0,0.0,22.90704761904762,80.17466666666667,0.0,0.0,3.4375,0.0,0.01874302714763853,2.870646766169154,0.001338787653402752,34.77455421686747,0.5634920634920635,1.25,-0.6144473455178416,-0.21645750863303287,0.0,-0.06578947368421052,1.2432432432432432,-0.08571428571428572,-0.6692106848764812,0.014668348637310352,0.0,Utilities—Renewable,Utilities,NEP
2021Q2,2021,Q2,2021-07-26,2021-06-30,-74000000.0,253000000.0,70000000.0,-0.96,152000000.0,0.6007905138339921,13561000000.0,0.0,1469000000.0,271000000.0,5106000000.0,28000000.0,0.0,5826268000.0,9687268000.0,0.0,5.4206642066420665,0.29304623552835335,0.0,0.015884499245093105,0.0,0.0,23.028727272727274,-19.683337837837836,0.0,0.0,3.607142857142857,0.0,0.018656441265393408,5.273062730627307,-0.005456824717941155,31.49334054054054,0.6007905138339921,-1.3609022556390977,-6.10386631716907,-0.18363952695193636,0.0,-0.012987012987012988,-1.3663366336633664,-0.10256410256410256,-1.5917210302325238,-0.19977282656181744,0.0,Utilities—Renewable,Utilities,NEP
2021Q1,2021,Q1,2021-04-23,2021-03-31,202000000.0,246000000.0,78000000.0,2.66,154000000.0,0.6260162601626016,12566000000.0,0.0,529000000.0,316000000.0,4445000000.0,24000000.0,0.0,5531592000.0,8974592000.0,0.0,1.6740506329113924,0.2827470953366226,0.0,0.01955588496548587,0.0,0.0,22.486146341463414,6.846029702970297,0.0,0.0,3.8333333333333335,0.0,0.019576635365271367,1.5474683544303798,0.016075123348718766,93.7557966101695,0.6260162601626016,2.1294117647058823,17.363636363636363,-0.32231404958677684,0.0,0.26229508196721313,2.15625,0.6956521739130435,0.8292890378746185,-0.1698486091431128,0.0,Utilities—Renewable,Utilities,NEP
2020Q4,2020,Q4,2021-02-16,2020-12-31,64000000.0,212000000.0,46000000.0,0.85,122000000.0,0.5754716981132075,12562000000.0,0.0,414000000.0,350000000.0,4855000000.0,24000000.0,0.0,4989767465.25,8269767465.25,0.0,1.1828571428571428,0.26970227670753066,0.0,0.01220434315429208,0.0,0.0,23.5366389870283,19.491279161132812,0.0,0.015625,3.75,0.00020041014074588694,0.016876293583824233,1.0685714285714285,0.005094730138512976,58.70314665,0.5754716981132075,0.1184210526315789,5.578999969160937,-0.4990129333828597,0.0,-0.17006802721088435,0.12280701754385964,-0.3235294117647059,1.5306590884216265,-0.3660363759225242,0.0,Utilities—Renewable,Utilities,NEP
2020Q3,2020,Q3,2020-10-22,2020-09-30,57000000.0,240000000.0,68000000.0,0.76,147000000.0,0.6125,12332000000.0,0.0,480000000.0,363000000.0,5609000000.0,25000000.0,0.0,4045494004.8,7853494004.8,0.0,1.322314049586777,0.316493674991891,0.0,0.015442666480329817,0.0,0.0,16.85622502,17.743394757894738,0.0,0.03508771929824561,3.72,0.0004943772003189201,0.019461563412260786,1.209366391184573,0.0046221213104119365,37.45827782222222,0.6125,0.10144927536231894,18.092964149335973,-0.21950069905627093,0.0,-0.10365853658536585,0.16326530612244897,-0.23595505617977527,44.87380324375855,0.09125907210844014,0.0,Utilities—Renewable,Utilities,NEP
2020Q2,2020,Q2,2020-07-24,2020-06-30,49000000.0,253000000.0,89000000.0,0.69,164000000.0,0.6482213438735178,12285000000.0,0.0,471000000.0,323000000.0,6002000000.0,25000000.0,0.0,3358840000.0,7457840000.0,0.0,1.458204334365325,0.34147334147334146,0.0,0.01924570066405585,0.0,0.0,13.27604743083004,17.136938775510203,0.0,0.04081632653061224,3.56,0.0005954436650748473,0.020594220594220593,1.3560371517027863,0.003988603988603989,36.91032967032967,0.6482213438735178,1.2035398230088494,2.7591603053435114,-0.2744096454305487,0.0,0.36666666666666664,1.2227272727272727,0.8163265306122449,2.1247210804462715,0.028132016165244675,0.0,Utilities—Renewable,Utilities,NEP
2020Q1,2020,Q1,2020-04-23,2020-03-31,-220000000.0,212000000.0,49000000.0,-3.39,120000000.0,0.5660377358490566,12321000000.0,0.0,472000000.0,304000000.0,6042000000.0,0.0,0.0,2815929218.0,6892929218.0,0.0,1.5526315789473684,0.3402321240159078,0.0,0.01058620193000144,0.0,0.0,13.282684990566038,-3.1999195659090907,0.0,-0.45,0.0,0.03515713369752748,0.017206395584773965,1.424342105263158,-0.017855693531369208,59.91338761702128,0.5660377358490566,-7.78,-32.41094578464649,-0.18192622772173747,0.0,0.02564102564102564,-6.945945945945946,0.13953488372093023,-16.173558480640285,0.0026372149285424622,0.0,Utilities—Renewable,Utilities,NEP
2019Q4,2019,Q4,2020-02-18,2019-12-31,37000000.0,206000000.0,43000000.0,0.5,117000000.0,0.5679611650485437,12256000000.0,0.0,433000000.0,301000000.0,5190000000.0,0.0,0.0,3311685000.0,7327685000.0,0.0,1.4385382059800664,0.3381201044386423,0.0,0.00937227550130776,0.0,0.0,16.076140776699027,22.37625,0.0,2.891891891891892,0.0,0.03230983623140486,0.01680809399477807,1.318936877076412,0.003018929503916449,82.792125,0.5679611650485437,1.4132231404958677,0.0,-0.0720720720720721,0.0,-0.2822085889570552,1.5285714285714285,-0.5113636363636364,-0.2408963585434174,0.00856337621043498,0.0,Utilities—Renewable,Utilities,NEP
2019Q3,2019,Q3,2019-10-23,2019-09-30,-70000000.0,253000000.0,88000000.0,-1.21,163000000.0,0.6442687747035574,11595000000.0,0.0,1032000000.0,645000000.0,5419000000.0,0.0,0.0,3165116000.0,7068116000.0,0.0,1.6,0.3534282018111255,0.0,0.019992931791790777,0.0,0.0,12.510339920948617,-11.303985714285716,0.0,-1.5142857142857142,0.0,0.03349008377576051,0.02181974989219491,1.5395348837209302,-0.00603708495040966,35.56310112359551,0.6442687747035574,-1.469387755102041,-8.284362826933778,-0.11254712911031502,0.0,0.1897810218978102,-2.1818181818181817,0.31343283582089554,-2.9173931861744884,0.005968729244080704,0.0,Utilities—Renewable,Utilities,NEP
2019Q2,2019,Q2,2019-07-24,2019-06-30,-22000000.0,219000000.0,67000000.0,-0.49,137000000.0,0.6255707762557078,11768000000.0,0.0,1199000000.0,872000000.0,5268000000.0,0.0,0.0,2703220000.0,6815220000.0,0.0,1.375,0.36327328348062543,0.0,0.014502923976608188,0.0,0.0,12.343470319634703,-30.71840909090909,0.0,-4.090909090909091,0.0,0.03329362759967742,0.018609789259007477,1.3371559633027523,-0.0018694765465669613,25.029814814814817,0.6255707762557078,-1.321375,-1.286941673707105,-0.26983356698659183,0.0,0.3564356435643564,-0.375,0.9705882352941176,-3.0600533807829184,-0.04061309858275571,0.0,Utilities—Renewable,Utilities,NEP
2019Q1,2019,Q1,2019-04-23,2019-03-31,-16000000.0,177000000.0,34000000.0,-0.21108179419525067,101000000.0,0.5706214689265536,9293000000.0,0.0,306000000.0,811000000.0,3948000000.0,0.0,0.0,2638383000.0,5924383000.0,0.0,0.37731196054254007,0.3672656838480577,0.0,0.009417118370934662,0.0,0.0,14.906118644067796,-41.224734375,0.0,-5.0,0.0,0.030321602284429514,0.019046594210696224,0.32552404438964244,-0.0017217260303454213,164.8989375,0.5706214689265536,0.21055408970976255,-3.6851570713611475,-0.13828946391583197,0.0,0.09782608695652174,-0.06666666666666667,0.13333333333333333,-2.967914438502674,-0.34030140982012635,0.0,Utilities—Renewable,Utilities,NEP
2018Q4,2018,Q4,2019-02-19,2018-12-31,-15000000.0,156000000.0,30000000.0,-0.26737967914438504,92000000.0,0.5897435897435898,9405000000.0,0.0,340000000.0,859000000.0,3867000000.0,0.0,0.0,2415105000.0,5703105000.0,0.0,0.3958090803259604,0.3652312599681021,0.0,0.008244541484716157,0.0,0.0,15.481442307692308,-40.251749999999994,0.0,-5.533333333333333,0.0,0.034367035801756034,0.016586921850079744,0.34342258440046564,-0.001594896331738437,30.962884615384617,0.5897435897435898,-1.460999446800664,-11.136647447196246,-0.05458268944260886,0.0,-0.18584070796460178,-1.3846153846153846,-0.4915254237288136,-3.045454545454546,-0.5109717868338558,0.0,Utilities—Renewable,Utilities,NEP
2018Q3,2018,Q3,2018-10-23,2018-09-30,39000000.0,178000000.0,59000000.0,0.58,113000000.0,0.6348314606741573,7850000000.0,0.0,1009000000.0,182000000.0,3818000000.0,0.0,0.0,2634102000.0,6113102000.0,0.0,5.543956043956044,0.45286624203821657,0.0,0.014604781997187061,0.0,0.0,14.798325842696629,16.88526923076923,0.0,1.9743589743589745,0.0,0.029231973553036295,0.02267515923566879,5.263736263736264,0.004968152866242038,31.736168674698796,0.6348314606741573,-0.5944055944055944,6.771857923497268,0.8816679677335415,0.0,-0.2981366459627329,-0.5617977528089888,-0.7773584905660378,15.054644808743172,-0.28859179089960557,0.0,Utilities—Renewable,Utilities,NEP
2018Q2,2018,Q2,2018-07-25,2018-06-30,89000000.0,225000000.0,265000000.0,1.43,161000000.0,0.7155555555555555,7794000000.0,0.0,941000000.0,205000000.0,3905000000.0,0.0,0.0,2534181000.0,5452181000.0,0.0,4.590243902439024,0.45830125737746985,0.0,0.07985340527333808,0.0,0.0,11.263026666666667,7.11848595505618,0.0,0.8314606741573034,0.0,0.029200755589281112,0.028868360277136258,4.282926829268293,0.011419040287400565,19.954181102362206,0.7155555555555555,0.1818181818181818,2.459916641427517,0.9538695996647443,0.0,0.08783783783783784,0.12658227848101267,1.9444444444444444,7.236187845303867,-0.22161408581607892,0.0,Utilities—Renewable,Utilities,NEP
2018Q1,2018,Q1,2018-04-24,2018-03-31,79000000.0,212000000.0,90000000.0,1.21,148000000.0,0.6981132075471698,8286000000.0,0.0,1290000000.0,992000000.0,4721000000.0,0.0,0.0,2171457000.0,5587457000.0,0.0,1.3004032258064515,0.4320540671011344,0.0,0.2639664804469274,0.0,0.0,10.242721698113208,6.871699367088608,0.0,0.8734177215189873,0.0,0.031775899776048985,0.025585324643977794,0.32963709677419356,0.009534153994689838,44.315448979591835,0.6981132075471698,1.7245508982035929,60.852670349907925,0.9859710314562822,0.0,-0.08074534161490683,1.8977272727272727,0.16883116883116883,12.603130755064457,-0.013389079687422237,0.0,Utilities—Renewable,Utilities,NEP
2017Q4,2017,Q4,2018-02-21,2017-12-31,-88000000.0,244000000.0,77000000.0,-1.67,161000000.0,0.6598360655737705,8395000000.0,0.0,398000000.0,276000000.0,6187000000.0,21000000.0,0.0,2340873000.0,6503873000.0,0.0,1.4420289855072463,0.5142346634901728,0.0,-0.003662844567987027,0.0,0.0,9.593741803278688,-6.650207386363636,0.0,-1.3863636363636365,3.9523809523809526,0.05211730837170577,0.029064919594997022,1.184782608695652,-0.010482430017867778,-16.601936170212767,0.6598360655737705,-168.0,-72.56194121217733,0.5277483016756143,0.0,0.3305785123966942,-89.0,0.16666666666666666,0.0,0.2731737262124003,0.0,Utilities—Renewable,Utilities,NEP
2017Q3,2017,Q3,2017-10-27,2017-09-30,1000000.0,177000000.0,66000000.0,0.01,121000000.0,0.6836158192090396,7782000000.0,0.0,662000000.0,207000000.0,5706000000.0,0.0,0.0,2187747000.0,6387747000.0,0.0,3.1980676328502415,0.5570547417116423,0.0,0.011344053192211141,0.0,0.0,12.360152542372882,546.93675,0.0,61.0,0.0,0.027882565945696648,0.02274479568234387,2.8405797101449277,0.00012850167052171679,30.813338028169014,0.6836158192090396,-0.9583333333333333,1.1496316758747698,0.891771902131018,0.0,-0.15384615384615385,-0.9230769230769231,-0.25,-0.8852056476365868,-0.315103358371097,0.0,Utilities—Renewable,Utilities,NEP
2017Q2,2017,Q2,2017-07-26,2017-06-30,13000000.0,204000000.0,88000000.0,0.24,143000000.0,0.7009803921568627,7479000000.0,0.0,361000000.0,203000000.0,5374000000.0,0.0,0.0,2008557000.0,5895557000.0,0.0,1.7783251231527093,0.5368364754646343,0.0,0.01857441374506617,0.0,0.0,9.845867647058823,38.626096153846156,0.0,5.230769230769231,0.0,0.033855150737569305,0.02727637384677096,1.477832512315271,0.001738200294156973,18.77156074766355,0.7009803921568627,0.09090909090909087,-0.4946189175442953,0.7715084370293681,0.0,0.16260162601626016,0.08333333333333333,0.2054794520547945,-0.8245106422146233,-0.29604580327353347,0.0,Utilities—Renewable,Utilities,NEP
2017Q1,2017,Q1,2017-04-21,2017-03-31,12000000.0,175000000.0,73000000.0,0.22,123000000.0,0.7028571428571428,7092000000.0,0.0,333000000.0,182000000.0,4935000000.0,0.0,0.0,1795646000.0000002,5481646000.0,0.0,1.8296703296703296,0.5313028764805414,0.0,0.01627388535031847,0.0,0.0,10.260834285714287,37.40929166666667,0.0,4.666666666666667,0.0,0.031186547905322094,0.024675690919345742,1.4835164835164836,0.001692047377326565,66.50540740740742,0.7028571428571428,-0.7582417582417583,10.10831893129058,0.6423875344995232,0.0,0.0603448275862069,-0.7142857142857143,0.25862068965517243,1.0844646453417026,-0.11816006963054608,0.0,Utilities—Renewable,Utilities,NEP
2016Q4,2016,Q4,2017-02-23,2016-12-31,42000000.0,176000000.0,58000000.0,0.91,116000000.0,0.6590909090909091,7150000000.0,0.0,355000000.0,397000000.0,4981000000.0,16000000.0,0.0,1384268000.0,4823268000.0,0.0,0.8942065491183879,0.5015384615384615,0.0,0.013375974547054768,0.0,0.0,7.865159090909091,8.239690476190475,0.0,1.3095238095238095,3.75,0.03973219058737181,0.024615384615384615,0.7405541561712846,0.005874125874125874,18.706324324324324,0.6590909090909091,0.46774193548387105,36.173885258405654,0.10401555936222172,0.0,-0.14074074074074075,0.5555555555555556,-0.26582278481012656,36.173885258405654,0.10401555936222172,0.0,Utilities—Renewable,Utilities,NEP
2016Q3,2016,Q3,2016-10-31,2016-09-30,27000000.0,186000000.0,79000000.0,0.62,135000000.0,0.7258064516129032,7369000000.0,0.0,628000000.0,459000000.0,5200000000.0,0.0,0.0,1239071000.0,4770071000.0,0.0,1.3681917211328976,0.4972180757226218,0.0,0.01801489600091933,0.0,0.0,6.6616720430107526,11.47287962962963,0.0,2.037037037037037,0.0,0.04438809398331492,0.025240873931333965,1.2483660130718954,0.0036639978287420273,-8.429054421768708,0.7258064516129032,2.263157894736842,5.952031602708804,1.4367139632376649,0.0,0.07142857142857142,2.375,0.05333333333333334,5.952031602708804,1.4367139632376649,0.0,Utilities—Renewable,Utilities,NEP
2016Q2,2016,Q2,2016-07-28,2016-06-30,8000000.0,171000000.0,75000000.0,0.19,126000000.0,0.7368421052631579,6736000000.0,0.0,460000000.0,572000000.0,4966000000.0,0.0,0.0,1278998000.0,4613998000.0,0.0,0.8041958041958042,0.5313242280285035,0.0,0.030881898795605947,0.0,0.0,7.479520467836258,39.9686875,0.0,6.75,0.0,0.042220550774903484,0.02538598574821853,0.7167832167832168,0.0011876484560570072,15.790098765432099,0.7368421052631579,0.35714285714285704,-0.5988716568266799,0.9152563097141249,0.0,0.024390243902439025,0.6,0.0273972602739726,-0.5988716568266799,0.9152563097141249,0.0,Utilities—Renewable,Utilities,NEP
2016Q1,2016,Q1,2016-04-29,2016-03-31,5000000.0,165000000.0,73000000.0,0.14,123000000.0,0.7454545454545455,6700000000.0,0.0,380000000.0,408000000.0,4921000000.0,0.0,0.0,938055000.0,4350055000.0,0.0,0.9313725490196079,0.5291044776119403,0.0,0.016958433584999585,0.0,0.0,5.685181818181818,46.90275,0.0,9.0,0.0,0.047971600812319104,0.024626865671641792,0.7647058823529411,0.0007462686567164179,25.35283783783784,0.7454545454545455,-0.1432016107809716,6.9622087690332055,1.4327737840214054,0.0,-0.11510791366906475,0.25,-0.13095238095238096,6.9622087690332055,1.4327737840214054,0.0,Utilities—Renewable,Utilities,NEP
2015Q4,2015,Q4,2016-02-19,2015-12-31,4000000.0,174000000.0,84000000.0,0.163399,139000000.0,0.7988505747126436,6092000000.0,0.0,342000000.0,241000000.0,4530000000.0,13000000.0,0.0,913410000.0,4199410000.0,0.0,1.4190871369294606,0.5658240315167433,0.0,0.01883060368700055,0.0,0.0,5.249482758620689,57.088125,0.0,106.5,2.6923076923076925,0.46638420862482344,0.02856204858831254,1.2572614107883817,0.0006565988181221273,11.004939759036144,0.7988505747126436,2.2679799999999997,6.933472085295944,0.9332571927423576,0.0,0.7160493827160493,3.0,0.8260869565217391,6.933472085295944,0.9332571927423576,0.0,Utilities—Renewable,Utilities,NEP
2015Q3,2015,Q3,2015-11-06,2015-09-30,1000000.0,103000000.0,46000000.0,0.05,81000000.0,0.7864077669902912,4217000000.0,0.0,811000000.0,169000000.0,2536000000.0,0.0,0.0,492680000.0,1718680000.0,0.0,4.798816568047338,0.4557742470950913,0.0,0.01970986105160066,0.0,0.0,4.783300970873786,123.17,0.0,28.0,0.0,0.05683202078428188,0.02442494664453403,4.603550295857988,0.00023713540431586437,19.7072,0.7864077669902912,-0.6875,1.3595132743362832,1.6449905183312261,0.0,-0.03571428571428571,-0.75,-0.08,1.3595132743362832,1.6449905183312261,0.0,Utilities—Renewable,Utilities,NEP
2015Q2,2015,Q2,2015-08-03,2015-06-30,4000000.0,107000000.0,50000000.0,0.16,84000000.0,0.7850467289719626,3719000000.0,0.0,225000000.0,501000000.0,2915000000.0,0.0,0.0,796362000.0,2979362000.0,0.0,0.4491017964071856,0.6138746974993278,0.0,0.01799011325949565,0.0,0.0,7.442635514018692,49.77262499999999,0.0,4.75,0.0,0.02385849651289238,0.02877117504705566,0.3772455089820359,0.0010755579456843238,23.42241176470588,0.7850467289719626,1.0,-0.5799128545373936,1.5101553921530415,0.0,0.4482758620689655,1.0,0.6129032258064516,-0.5799128545373936,1.5101553921530415,0.0,Utilities—Renewable,Utilities,NEP
2015Q1,2015,Q1,2015-05-01,2015-03-31,2000000.0,74000000.0,31000000.0,0.08,58000000.0,0.7837837837837838,2928000000.0,0.0,172000000.0,151000000.0,2316000000.0,0.0,0.0,819434000.0,2647434000.0,0.0,1.1390728476821192,0.6420765027322405,0.0,0.014840425531914893,0.0,0.0,11.073432432432432,102.42925000000001,0.0,9.0,0.0,0.021966381673203698,0.025273224043715847,0.9006622516556292,0.0006830601092896175,-30.34940740740741,0.7837837837837838,0.0,5.399918770730386,1.0129222072943278,0.0,0.13725490196078433,0.0,0.06896551724137931,5.399918770730386,1.0129222072943278,0.0,Utilities—Renewable,Utilities,NEP
2014Q4,2014,Q4,2015-02-20,2014-12-31,0.0,66000000.0,29000000.0,0.0,51000000.0,0.7727272727272727,2727000000.0,0.0,370000000.0,163000000.0,2016000000.0,8000000.0,0.0,631125000.0,2370125000.0,0.0,2.2699386503067487,0.6732673267326733,0.0,0.00394880174291939,0.0,0.0,9.5625,0.0,0.0,0.0,1.875,0.02535155476331947,0.0242024202420242,2.049079754601227,0.0,21.0375,0.7727272727272727,-1.0,1.0,0.19995274032284255,0.0,-0.32,-1.0,-0.4423076923076923,1.0,0.19995274032284255,0.0,Utilities—Renewable,Utilities,NEP
2014Q3,2014,Q3,2014-11-12,2014-09-30,3000000.0,89000000.0,52000000.0,0.17,75000000.0,0.8426966292134831,2775000000.0,0.0,374000000.0,166000000.0,2029000000.0,6000000.0,0.0,648703000.0,2387703000.0,0.0,2.253012048192771,0.6691891891891892,0.0,0.025848142164781908,0.0,0.0,7.288797752808989,54.05858333333333,0.0,0.11433333333333333,2.3333333333333335,0.0005287473620439555,0.03207207207207207,2.1686746987951806,0.001081081081081081,36.24241577741773,0.8426966292134831,-0.8753890427386264,2.3034759358288768,1.7621275783040489,0.0,0.05279411558275664,-0.8646758987775723,0.031520898216659064,2.3034759358288768,1.7621275783040489,0.0,Utilities—Renewable,Utilities,NEP
2014Q2,2014,Q2,2014-06-30,2014-06-30,22169000.0,86724000.0,50411000.0,1.364246,71239000.0,0.8214450440477837,2876452000.0,0.0,524163000.0,501897000.0,2398228000.0,5600000.0,85874000.0,544537500.0,2672720500.0,0.0,1.0443636841822126,0.6394130685997889,0.0,0.022621779665503456,0.0,0.0,6.278971219039712,6.140753980783977,0.0,9.030493030808787,2.7651785714285713,0.36764593806670803,0.030149642684807534,0.338981902661303,0.007707064119269155,17.96086483277261,0.8214450440477837,11.402236363636364,1.8798389191997924,1.5165109395856307,0.0,0.4754774035872582,11.8441483198146,0.6766779751213996,1.8798389191997924,1.5165109395856307,0.0,Utilities—Renewable,Utilities,NEP
2014Q1,2014,Q1,2014-03-31,2014-03-31,1726000.0,59498000.0,30066000.0,0.11,48282000.0,0.8114894618306497,2654312000.0,0.0,409061000.0,445008000.0,1898734000.0,6100000.0,57566000.0,520000000.0,2269688000.0,0.0,0.9192216769136735,0.5257140079990597,0.0,0.010155783752852887,0.0,0.0,8.739789572758749,75.31865585168019,0.0,20.544611819235225,1.8386885245901639,0.06819230769230769,0.022415601481664552,0.8847795994678748,0.0006502626669359141,-14.357898224590661,0.8114894618306497,5.993016759776536,5.369620253164556,0.8624553934764916,0.0,0.23306772908366533,5.82122905027933,0.3151080395415974,5.369620253164556,0.8624553934764916,0.0,Utilities—Renewable,Utilities,NEP
2013Q4,2013,Q4,2013-12-31,2013-12-31,-358000.0,47796000.0,22862000.0,-0.022030769230769232,39156000.0,0.8192317348732111,2632951000.0,0.0,239592000.0,454313000.0,1928635000.0,4300000.0,55260000.0,520000000.0,2293041000.0,0.0,0.5273720980909637,0.5428775545006345,0.0,0.0039932165904139425,0.0,0.0,10.87957151226044,-363.12849162011173,0.0,-87.09497206703911,2.0093023255813955,0.05996153846153846,0.01815301538084074,0.5054929090737003,-0.00013596910842624872,-6.260685304245226,0.8192317348732111,0.82100011187493,0.0,0.0,0.0,0.8645714285714285,0.821,1.5402222222222222,0.0,0.0,0.0,Utilities—Renewable,Utilities,NEP
2013Q3,2013,Q3,2013-09-30,2013-09-30,-2000000.0,28000000.0,9000000.0,-0.123077,21000000.0,0.75,,,,,,,,520000000.0,,,0.0,0.0,0.0,0.0,,0.0,18.571428571428573,-65.0,0.0,-10.532,0.0,0.04050769230769231,0.0,0.0,0.0,-3.326531003908674,0.75,-1.2598079468381311,0.0,0.0,0.0,-0.26367461430575034,-1.2598077422707197,-0.5223690495144085,0.0,0.0,0.0,Utilities—Renewable,Utilities,NEP
2013Q2,2013,Q2,2013-06-30,2013-06-30,7698000.0,34462000.0,18843000.0,0.473723,28520000.0,0.8275782020776508,,,,,,,,520000000.0,,,0.0,0.0,0.0,0.0,,0.0,15.089083628344262,16.88750324759678,0.0,4.096388672382437,0.0,0.06064230769230769,0.0,0.0,0.0,-3.4082269354796426,0.8275782020776508,20.48835774230706,0.0,0.0,0.0,0.19615820156859456,20.48860759493671,0.28533424283765346,0.0,0.0,0.0,Utilities—Renewable,Utilities,NEP
2013Q1,2013,Q1,2013-03-31,2013-03-31,-395000.0,31946000.0,14660000.0,-0.024308,23843000.0,0.7463532210605397,,,,,,,,520000000.0,,,0.0,0.0,0.0,0.0,,0.0,16.27746822763413,-329.11392405063293,0.0,-104.81518987341772,0.0,0.07961923076923078,0.0,0.0,0.0,-3.074939831706178,0.7463532210605397,0.0,0.0,0.0,0.0,0.0,0.0,0.0,0.0,0.0,0.0,Utilities—Renewable,Utilities,NEP
