Quarters,Year,Quarter,FillingDate,Date,NetIncome,Revenue,OperatingIncome,EPSDiluted,GrossProfit,GrossProfitRatio,TotalAssets,CommonStockEquity,CurrentAssets,CurrentLiability,TotalLiability,Inventory,RetainedEarnings,MarketCap,EnterpriseValue,bookValuePerShare,currentRatio,debtToAssets,debtToEquity,roic,shareholdersEquityPerShare,roe,priceToSalesRatio,peRatio,pbRatio,payoutRatio,inventoryTurnover,dividendYield,assetTurnover,quickRatio,returnOnAssets,priceToFreeCashFlowsRatio,grossProfitMargin,epsdilutedGrowth,fiveYNetIncomeGrowthPerShare,fiveYRevenueGrowthPerShare,fiveYShareholdersEquityGrowthPerShare,grossProfitGrowth,netIncomeGrowth,operatingIncomeGrowth,threeYNetIncomeGrowthPerShare,threeYRevenueGrowthPerShare,threeYShareholdersEquityGrowthPerShare,Industry,Sector,Symbol
2023Q3,2023,Q3,2023-07-06,2023-05-31,1680000.0,49238000.0,1744000.0,0.16,8412000.0,0.1708436573,286248000.0,159740000.0,70474000.0,25116000.0,126508000.0,1387000.0,-27109000.0,854422650.0,893426650.0,15.235097758702908,2.805940436375219,0.38245856739610407,0.6853511956930012,0.004495563889648195,15.235097758702908,0.010517090271691499,17.352911369267638,127.14622767857142,5.348833416802304,0.0,29.434751261715935,0.0,0.17201168217769208,3.2947921643573816,0.005869036639557307,-111.79152819573466,0.1708436573378285,2.6,0.7605233783211065,1.1880841240530247,4.344257983599348,0.3653627657847752,2.6551724137931036,2.768762677484787,1.1460302930260013,12.929475827759092,1.4305870166661747,Restaurants,Consumer Cyclical,KRUS
2023Q2,2023,Q2,2023-04-04,2023-02-28,-1015000.0,43944000.0,-986000.0,-0.1,6161000.0,0.1402011651,212717000.0,92370000.0,30831000.0,25463000.0,120347000.0,1436000.0,-28789000.0,613738620.0,694506620.0,9.424548515457607,1.2108156933589915,0.48450288411363457,1.1157518674894447,-0.0033527977111767735,9.424548515457607,-0.010988416152430442,13.966380393227745,-151.16714778325124,6.64435011367327,0.0,26.311281337047355,0.0,0.20658433505549628,1.0189294270117426,-0.004771597944687072,-127.06803726708074,0.14020116511924266,0.5238095238095237,-4.8591319859544555,1.343114025872149,0.0,0.34784511047910743,0.5138888888888888,0.5426716141001855,-5.4908521686831095,0.9277641151339973,0.28431832771827525,Restaurants,Consumer Cyclical,KRUS
2023Q1,2023,Q1,2023-01-05,2022-11-30,-2088000.0,39318000.0,-2156000.0,-0.21,4571000.0,0.116257185,204449000.0,91907000.0,35039000.0,24491000.0,112542000.0,1278000.0,-27774000.0,643137300.0,712122300.0,9.388803759321688,1.4306888244661304,0.469158567662351,1.0436528229623423,-0.007634937570438124,9.388803759321688,-0.022718617733143286,16.35732488936365,-77.00398706896551,6.997696584590946,0.0,27.188575899843507,0.0,0.19231201913435625,1.22020334000245,-0.010212815910080265,-74.55799907257129,0.11625718500432372,-2.1052631578947367,-3.309682223300385,1.3644515209824466,0.0,-0.39768085386743973,-2.09147935180345,-2.1258485639686686,-0.45250070607464565,0.9196065069292345,0.2812416800475829,Restaurants,Consumer Cyclical,KRUS
2022Q4,2022,Q4,2022-11-10,2022-08-31,1913000.0,41998000.0,1915000.0,0.19,7589000.0,0.1806990809,201356000.0,93294000.0,35782000.0,25269000.0,108062000.0,1120000.0,-25686000.0,728311920.0,783338920.0,9.576473003490044,1.416043373303257,0.45098730606488013,0.9733637747336378,0.006750608200518981,9.576473003490044,0.020505069993783095,17.341585789799513,95.17928907475171,7.806631937745193,0.0,30.72232142857143,0.0,0.2085758556983651,1.5205983616288734,0.009500586026738712,-1063.2290802919708,0.1806990809086147,2.8000000000000003,0.5829624359495389,1.3255246535067002,2.5180011881525934,0.17513161969650046,3.010482180293501,3.048625792811839,0.31282413786611607,0.40781280921282653,-0.056845006137356595,Restaurants,Consumer Cyclical,KRUS
2022Q3,2022,Q3,2022-07-07,2022-05-31,477000.0,37969000.0,473000.0,0.05,6458000.0,0.1700861229,195525000.0,89960000.0,45173000.0,24365000.0,105565000.0,884000.0,-27599000.0,366422180.0,418941180.0,9.253240074058835,1.8540119023189001,0.4525610535737118,0.9836260560248999,0.0017794345379283584,9.253240074058835,0.005302356602934637,9.650561774078854,192.04516771488468,4.073167852378835,0.0,35.64592760180995,0.0,0.1941900012786089,1.5670428893905193,0.002439585730724971,-2475.8255405405407,0.17008612288972583,1.263157894736842,-0.46090697610541054,0.8197242737667767,2.2459064538461213,0.764963104673408,1.2538584353379456,1.251863684771033,-0.46090697610541054,0.8197242737667767,2.2459064538461213,Restaurants,Consumer Cyclical,KRUS
2022Q2,2022,Q2,2022-04-07,2022-02-28,-1879000.0,31290000.0,-1878000.0,-0.19,3659000.0,0.116938319,184048000.0,88623000.0,46041000.0,20758000.0,95425000.0,880000.0,-28076000.0,511822400.0,557292400.0,9.125102965403624,2.2179882454957127,0.4445579414065896,0.9232366315741963,-0.00745651640666385,9.125102965403624,-0.02120217099398576,16.357379354426335,-68.09771154869611,5.775277298218296,0.0,31.398863636363636,0.0,0.1700099973919847,1.87315733693034,-0.010209293227853604,-66.68695765472313,0.11693831895174177,-0.4615384615384615,-8.209615195945107,0.6836860605072854,0.0,-0.12547801147227533,-0.47372549019607846,-0.5169628432956381,-8.209615195945107,0.6836860605072854,0.0,Restaurants,Consumer Cyclical,KRUS
2022Q1,2022,Q1,2022-01-06,2021-11-30,-1275000.0,29832000.0,-1238000.0,-0.13,4184000.0,0.1402520783,178819000.0,90031000.0,52935000.0,22748000.0,88788000.0,820000.0,-26197000.0,617556000.0,646153000.0,9.271987641606591,2.3270177598030597,0.408334684793003,0.8110317557285823,-0.005294100701532991,9.271987641606591,-0.014161788717219624,20.701126307320997,-121.08941176470589,6.859370661216692,0.0,31.278048780487804,0.0,0.16682790978587286,2.0424213117636714,-0.007130114808829039,136.02555066079296,0.14025207830517564,-0.44444444444444453,-1.6530414633054222,0.8085914132802079,0.0,-0.037939756265808235,-0.5287769784172662,-0.6246719160104987,-1.6530414633054222,0.8085914132802079,0.0,Restaurants,Consumer Cyclical,KRUS
2021Q4,2021,Q4,2021-11-12,2021-08-31,-834000.0,27924000.0,-762000.0,-0.09,4349000.0,0.15574416272740296,177669000.0,90844000.0,57468000.0,20047000.0,86825000.0,733000.0,-24922000.0,453174390.0,485706390.0,10.185446798968494,2.8666633411483016,0.41066252413195325,0.803157060455286,-0.003289333117352901,10.185446798968494,-0.009180573290475981,16.228849376880103,-135.84364208633093,4.988490048874995,0.0,32.16234652114598,0.0,0.15716866757847459,2.1338853693819524,-0.004694122216030934,-2868.192341772152,0.15574416272740296,-2.0,-1.753795691838794,0.6888921977552153,2.741713042743132,-0.177571860816944,-2.083116883116883,-1.879907621247113,-1.753795691838794,0.6888921977552153,2.741713042743132,Restaurants,Consumer Cyclical,KRUS
2021Q3,2021,Q3,2021-07-13,2021-05-31,770000.0,18471000.0,866000.0,0.09,5288000.0,0.2862866114449678,130434000.0,37657000.0,20401000.0,16941000.0,92777000.0,467000.0,-24088000.0,344708960.0,421650960.0,4.492067279017058,1.204238238592763,0.6259334222672003,2.1680696815997025,0.0045314309324084095,4.492067279017058,0.02044772552247922,18.662170970710843,111.91849350649349,9.153914544440608,0.0,28.22912205567452,0.0,0.14161184967109802,0.4699250339413258,0.005903368753545855,-144.59268456375838,0.2862866114449678,1.1956521739130435,0.009234779905089809,0.02665136289044348,0.5757540121486039,7.3405275779376495,1.198402473589281,1.227774855339295,0.009234779905089809,0.02665136289044348,0.5757540121486039,Restaurants,Consumer Cyclical,KRUS
2021Q2,2021,Q2,2021-04-13,2021-02-28,-3881000.0,9082000.0,-3802000.0,-0.46,-834000.0,-0.09182999339352566,118409000.0,36423000.0,11278000.0,13352000.0,81986000.0,427000.0,-24858000.0,275333940.0,292016940.0,4.346938775510204,0.8446674655482325,0.15564695251205568,0.5059989567031821,-0.03258191846634998,4.346938775510204,-0.10655355132745792,30.31644351464435,-17.736017778922957,7.559342723004694,0.0,23.22248243559719,0.0,0.07670025082552846,0.33275913720790895,-0.032776224780210965,-29.025294117647057,-0.09182999339352566,0.39473684210526316,-18.260184406433876,-0.43356049570718014,0.0,0.6905380333951763,0.38881889763779526,0.39564457161023686,-18.260184406433876,-0.43356049570718014,0.0,Restaurants,Consumer Cyclical,KRUS
2021Q1,2021,Q1,2021-01-11,2020-11-30,-6350000.0,9414000.0,-6291000.0,-0.76,-2695000.0,-0.28627575950711703,115393000.0,39723000.0,8507000.0,15143000.0,75670000.0,454000.0,-20977000.0,137491560.0,144015560.0,4.758385241974126,0.5617777190781219,0.08032549634726543,0.2333408856330086,-0.056205031558657026,4.758385241974126,-0.15985700979281525,14.605009560229446,-5.413053543307086,3.4612582131258964,0.0,26.67180616740088,0.0,0.0815820717027896,0.32879878491712344,-0.05502933453502379,-14.704979679144385,-0.28627575950711703,0.07317073170731701,-14.368956008269437,-0.3361513479941473,0.0,0.26885512750949536,0.07285735143816616,0.08012867378271678,-14.368956008269437,-0.3361513479941473,0.0,Restaurants,Consumer Cyclical,KRUS
2020Q4,2020,Q4,2020-11-18,2020-08-31,-6849000.0,5528000.0,-6839000.0,-0.82,-3686000.0,-0.6667872648335745,118379000.0,45713000.0,14778000.0,13925000.0,72666000.0,367000.0,-14627000.0,101939240.0,157189240.0,5.479860944617598,1.0612567324955118,0.05161388421932944,0.13366000918775842,-0.058745753038848464,5.479860944617598,-0.14982608885874915,18.440528219971057,-3.7209534238574977,2.229983593288561,0.0,25.106267029972752,0.0,0.04669747167994323,0.8187432675044883,-0.057856545502158324,-13.848558619752751,-0.6667872648335745,0.25454545454545463,-7.618517857754466,-0.6425310597429339,1.013074887492502,0.27782131661442006,0.251638986013986,0.14810662680617837,-7.618517857754466,-0.6425310597429339,1.013074887492502,Restaurants,Consumer Cyclical,KRUS
2020Q3,2020,Q3,2020-07-14,2020-05-31,-9152000.0,2812000.0,-8028000.0,-1.1,-5104000.0,-1.8150782361308677,113831000.0,52282000.0,21031000.0,9841000.0,61549000.0,407000.0,-7778000.0,120026990.0,160046990.0,6.268073372497303,2.137079565084849,0.04974918958807355,0.10831643777973299,-0.07987460452644411,6.268073372497303,-0.17505068666080104,42.68385135135135,-3.2787092985139865,2.295761256264106,0.0,19.44963144963145,0.0,0.024703288207957412,1.798089625038106,-0.08039989106658116,-9.451688321915112,-1.8150782361308677,-54.0,-13.055877871912777,-0.8429169804299065,1.1987519668930027,-2.9790616518030246,-67.81203007518798,-32.45,-13.055877871912777,-0.8429169804299065,1.1987519668930027,Restaurants,Consumer Cyclical,KRUS
2020Q2,2020,Q2,2020-04-14,2020-02-29,-133000.0,19388000.0,-240000.0,-0.02,2579000.0,0.13302042500515782,125024000.0,61171000.0,33511000.0,11485000.0,63853000.0,449000.0,1374000.0,155132960.0,182750960.0,7.33817178502879,2.9178058336961255,0.04443146915792168,0.09081100521488941,-0.0024925835487924005,7.33817178502879,-0.0021742328881332656,8.001493707447906,-291.6033082706767,2.5360540125222735,0.0,37.43652561247216,0.0,0.15507422574865626,2.7307792773182413,-0.0010637957512157667,-59.2110534351145,0.13302042500515782,0.8666666666666667,-1.594549357413175,0.2154568121055003,0.0,0.3178334184977006,0.8913398692810458,0.8274622573687994,-1.594549357413175,0.2154568121055003,0.0,Restaurants,Consumer Cyclical,KRUS
2020Q1,2020,Q1,2020-01-13,2019-11-30,-1224000.0,17440000.0,-1391000.0,-0.15,1957000.0,0.11221330275229358,115616000.0,61078000.0,36022000.0,10706000.0,54538000.0,433000.0,1507000.0,216209900.0,231839900.0,7.327894421115777,3.364655333457874,0.04389530860780515,0.08309047447526115,-0.012077993042908478,7.327894421115777,-0.02003994891777727,12.397356651376146,-44.16051879084967,3.5398981630046826,0.0,35.75750577367206,0.0,0.15084417381677276,3.1843825892023165,-0.010586769997232216,-45.21327896277708,0.11221330275229358,-2.0,-1.9670775410135364,0.23173760478902727,0.0,-0.357095926412615,-2.336244541484716,-2.4414507772020726,-1.9670775410135364,0.23173760478902727,0.0,Restaurants,Consumer Cyclical,KRUS
2019Q4,2019,Q4,2019-11-26,2019-08-31,916000.0,18753000.0,965000.0,0.15,3044000.0,0.1623206953554098,76410000.0,62181000.0,41501000.0,8291000.0,14229000.0,539000.0,2731000.0,153528680.0,118902680.0,10.15365774003919,5.005548184778676,0.013008768485800288,0.01598559045367556,0.014076105528209945,10.15365774003919,0.014731187983467618,8.186886364848291,41.90193231441048,2.469060967176469,0.0,29.144712430426715,0.0,0.24542599136238713,4.73018936195875,0.011987959691139903,-154.76681451612905,0.1623206953554098,0.6481343119588626,0.2057688385608979,0.6518706452223637,2.7300350536710813,0.17212167886022334,0.27399165507649514,0.15707434052757793,0.2057688385608979,0.6518706452223637,2.7300350536710813,Restaurants,Consumer Cyclical,KRUS
2019Q3,2019,Q3,2019-05-31,2019-05-31,719000.0,16955000.0,834000.0,0.091012,2597000.0,0.15317015629607786,37638000.0,22521000.0,3384000.0,6732000.0,15117000.0,468000.0,1815000.0,154919980.5,157709980.5,2.8507414510034748,0.5026737967914439,0.10773686168234231,0.18005417166200435,0.0250973935200454,2.8507414510034748,0.03192575818125305,9.13712654084341,53.86647444367177,6.878912148661249,0.0,30.67948717948718,0.0,0.45047558318720443,0.2816399286987522,0.019103034167596577,-413.119948,0.15317015629607786,2.3915408980808643,0.0,0.0,0.0,0.22096850023507286,2.391509433962264,1.9574468085106382,0.0,0.0,0.0,Restaurants,Consumer Cyclical,KRUS
2019Q2,2019,Q2,2019-02-28,2019-02-28,212000.0,15117000.0,282000.0,0.026835,2127000.0,0.14070252034133757,,,,,,,,154919980.5,,,0.0,0.0,0.0,0.0,,0.0,10.248063802341735,182.68865625,0.0,0.0,0.0,0.0,0.0,0.0,0.0,-56.49889879649891,0.14070252034133757,1.542197886569818,0.0,0.0,0.0,0.21473443746430612,1.5421994884910486,1.6714285714285715,0.0,0.0,0.0,Restaurants,Consumer Cyclical,KRUS
2019Q1,2019,Q1,2018-11-30,2018-11-30,-391000.0,13420000.0,-420000.0,-0.049493,1751000.0,0.1304769001490313,,,,,,,,154919980.5,,,0.0,0.0,0.0,0.0,,0.0,11.54396277943368,-99.053695971867,0.0,0.0,0.0,0.0,0.0,0.0,0.0,-134.3625156114484,0.1304769001490313,-1.3989767088265306,0.0,0.0,0.0,-0.3905325443786982,-1.3989795918367347,-1.3832116788321167,0.0,0.0,0.0,Restaurants,Consumer Cyclical,KRUS
2018Q4,2018,Q4,2018-08-31,2018-08-31,980000.0,14645000.0,1096000.0,0.1240498477857735,2873000.0,0.19617616934107204,32069000.0,21505000.0,7282000.0,4802000.0,10564000.0,384000.0,1275000.0,154919980.5,153661980.5,2.722134670033734,1.5164514785506038,0.031494589790763666,0.04696582190188328,0.037187622997384456,2.722134670033734,0.04557079748895606,10.578353055650393,39.52040318877551,7.203905161590328,0.0,30.65625,0.0,0.4566715519660732,1.298625572678051,0.030559106925691477,159.87614086687307,0.19617616934107204,0.0,0.0,0.0,0.0,0.0,0.0,0.0,0.0,0.0,0.0,Restaurants,Consumer Cyclical,KRUS
