Quarters,Year,Quarter,FillingDate,Date,NetIncome,Revenue,OperatingIncome,EPSDiluted,GrossProfit,GrossProfitRatio,TotalAssets,CommonStockEquity,CurrentAssets,CurrentLiability,TotalLiability,Inventory,RetainedEarnings,MarketCap,EnterpriseValue,bookValuePerShare,currentRatio,debtToAssets,debtToEquity,roic,shareholdersEquityPerShare,roe,priceToSalesRatio,peRatio,pbRatio,payoutRatio,inventoryTurnover,dividendYield,assetTurnover,quickRatio,returnOnAssets,priceToFreeCashFlowsRatio,grossProfitMargin,epsdilutedGrowth,fiveYNetIncomeGrowthPerShare,fiveYRevenueGrowthPerShare,fiveYShareholdersEquityGrowthPerShare,grossProfitGrowth,netIncomeGrowth,operatingIncomeGrowth,threeYNetIncomeGrowthPerShare,threeYRevenueGrowthPerShare,threeYShareholdersEquityGrowthPerShare,Industry,Sector,Symbol
2023Q1,2023,Q1,2023-04-26,2023-03-31,206000000.0,1831000000.0,338000000.0,1.29,484000000.0,0.2643364282,9425000000.0,1887000000.0,2752000000.0,2255000000.0,7538000000.0,1019000000.0,206000000.0,3513146160.0,7800146160.0,12.198117598386514,1.22039911308204,0.5057824933687003,2.5262321144674087,0.039508399291988114,12.198117598386514,0.10916799152093269,1.9187035281267066,4.263526893203884,1.8617626709062003,0.0,1.321884200196271,0.0,0.19427055702917773,0.6549889135254989,0.021856763925729442,-12.198424166666667,0.2643364281813217,15.125,1.2137766183682968,0.11078824450463752,1.0094086157851692,0.8687258687258688,14.846153846153847,2.6344086021505375,3.15688653875989,0.1834676633209605,112.99378781610385,Packaging & Containers,Consumer Cyclical,OI
2022Q4,2022,Q4,2023-02-08,2022-12-31,13000000.0,1693000000.0,93000000.0,0.08,259000000.0,0.1529828706,9061000000.0,1528000000.0,2603000000.0,2357000000.0,7533000000.0,848000000.0,885000000.0,2561788280.0,6504788280.0,9.88331479133787,1.1043699618158676,0.5204723540448074,3.086387434554974,0.007703947513751131,9.88331479133787,0.008507853403141362,1.5131649616066154,49.26515923076923,1.6765630104712042,0.0,1.6910377358490567,0.0,0.1868447191259243,0.6504030547305897,0.0014347202295552368,13.847504216216215,0.1529828706438275,-0.9448275862068966,1.1022640124002894,0.042407367952661444,0.9934083270167591,-0.20307692307692307,-0.9437229437229437,-0.7272727272727273,-0.56346299793882,0.047614549928526324,2.2961383914486064,Packaging & Containers,Consumer Cyclical,OI
2022Q3,2022,Q3,2022-11-02,2022-09-30,231000000.0,1693000000.0,341000000.0,1.45,325000000.0,0.1919669226,8644000000.0,1451000000.0,2430000000.0,2096000000.0,7193000000.0,792000000.0,872000000.0,2008739250.0,6096739250.0,9.354349998388292,1.159351145038168,0.5334335955576122,3.1778084079944864,0.04755120351096226,9.354349998388292,0.15920055134390076,1.1864968989958653,2.173960227272727,1.38438266712612,0.0,1.7272727272727273,0.0,0.19585839888940304,0.6750954198473282,0.026723739009717723,-4.091118635437882,0.19196692262256349,-0.08805031446540888,0.9249438588574069,-0.007482883190013797,0.8534130983424666,0.0,-0.08333333333333333,-0.08823529411764706,1.4028294967688768,0.016523950455148047,3.343099048803944,Packaging & Containers,Consumer Cyclical,OI
2022Q2,2022,Q2,2022-08-03,2022-06-30,252000000.0,1778000000.0,374000000.0,1.59,325000000.0,0.1827896513,8873000000.0,1259000000.0,2617000000.0,1785000000.0,7614000000.0,775000000.0,641000000.0,2179562000.0,6010562000.0,8.086945909315725,1.4661064425770307,0.5062549306886058,3.56791104050834,0.05075681429740746,8.086945909315725,0.20015885623510724,1.2258503937007874,2.162263888888889,1.7311850675139,0.0,1.8748387096774193,0.0,0.20038318494308577,0.9064425770308123,0.02840076636988617,24.217355555555557,0.1827896512935883,1.064935064935065,0.8813152367310496,0.06129148134647065,0.9639932695227128,0.06907894736842106,1.0655737704918034,0.5847457627118644,2.8683316542145056,0.0102846686136657,0.288420516575678,Packaging & Containers,Consumer Cyclical,OI
2022Q1,2022,Q1,2022-04-26,2022-03-31,122000000.0,1692000000.0,236000000.0,0.77,304000000.0,0.1796690307,8877000000.0,1102000000.0,2490000000.0,1750000000.0,7775000000.0,837000000.0,389000000.0,2054089820.0,6223089820.0,7.070946878067874,1.4228571428571428,0.5281063422327363,4.254083484573503,0.029251244539266485,7.070946878067874,0.11070780399274047,1.2140010756501183,4.209200450819671,1.8639653539019962,0.08196721311475409,1.6583034647550776,0.004868336283366615,0.1906049340993579,0.8108571428571428,0.01374338177312155,-12.154377633136095,0.17966903073286053,1.5666666666666669,1.5942609807688004,0.0916357376723326,1.2964738432713718,0.2773109243697479,1.5416666666666667,0.8153846153846154,0.5295592431200244,0.023104570294478422,0.22914237730341785,Packaging & Containers,Consumer Cyclical,OI
2021Q4,2021,Q4,2022-02-09,2021-12-31,48000000.0,1588000000.0,130000000.0,0.3,238000000.0,0.1498740554,8832000000.0,827000000.0,2519000000.0,1846000000.0,8005000000.0,816000000.0,301000000.0,1880505540.0,5980505540.0,5.290497575455162,1.364572047670639,0.5463088768115942,5.834340991535671,0.015549774229239557,5.290497575455162,0.05804111245465538,1.184197443324937,9.794299687499999,2.273888198307134,0.0,1.6544117647058822,0.0,0.17980072463768115,0.7676056338028169,0.005434782608695652,18.61886673267327,0.14987405541561713,-0.43396226415094347,1.7014649984889956,0.0034609171949513346,2.3782743041566894,-0.2119205298013245,-0.43529411764705883,-0.21686746987951808,5.842958584424059,-0.020053742091564075,0.061579397084048054,Packaging & Containers,Consumer Cyclical,OI
2021Q3,2021,Q3,2021-10-26,2021-09-30,85000000.0,1609000000.0,166000000.0,0.53,302000000.0,0.18769422001243008,8766000000.0,462000000.0,2442000000.0,1738000000.0,8196000000.0,808000000.0,258000000.0,2237892750.0,6541892750.0,2.9459588713534193,1.4050632911392404,0.5626283367556468,10.675324675324676,0.020355075192909005,2.9459588713534193,0.18398268398268397,1.3908593847110007,6.5820375,4.843923701298701,0.0,1.6175742574257426,0.0,0.18355007985398128,0.8176064441887226,0.009696554871092859,10.172239772727274,0.18769422001243008,-0.27397260273972596,-0.18659038442236286,-0.028670865048397578,0.19072572037147675,-0.013071895424836602,-0.2796610169491525,-0.2813852813852814,-0.2816982836495032,-0.05902913770979096,-0.5057998615727036,Packaging & Containers,Consumer Cyclical,OI
2021Q2,2021,Q2,2021-08-04,2021-06-30,118000000.0,1660000000.0,231000000.0,0.73,306000000.0,0.18433734939759036,8874000000.0,399000000.0,2399000000.0,1687000000.0,8372000000.0,796000000.0,173000000.0,2578539659.9999995,7109539660.0,2.526883763346886,1.4220509780675756,0.5704304710389904,12.68671679197995,0.02627723860098883,2.526883763346886,0.2957393483709273,1.553337144578313,5.463007754237287,6.462505413533834,0.0,1.7010050251256281,0.0,0.18706333107955825,0.8215767634854771,0.01329727293216137,22.038800512820508,0.18433734939759036,2.17741935483871,0.15258409224286792,-0.03266849346142186,0.17590859498623973,0.2540983606557377,2.216494845360825,6.923076923076923,1.4041803143722058,-0.045668180678286124,-0.4775456704312938,Packaging & Containers,Consumer Cyclical,OI
2021Q1,2021,Q1,2021-04-30,2021-03-31,-97000000.0,1500000000.0,-39000000.0,-0.62,244000000.0,0.16266666666666665,8825000000.0,156000000.0,2486000000.0,1702000000.0,8563000000.0,827000000.0,36000000.0,2322596540.0,6928596540.0,0.9900298912871023,1.4606345475910694,0.6060056657223796,34.282051282051285,-0.009920058139534884,0.9900298912871023,-0.6217948717948718,1.5483976933333334,-5.986073556701031,14.88843935897436,0.0,1.5187424425634826,0.0,0.16997167138810199,0.8554641598119859,-0.010991501416430596,-15.587896241610737,0.16266666666666665,-2.4444444444444446,-2.4811411714236,-0.03363702168277694,-0.4644403402850804,-0.07575757575757576,-2.3448275862068964,-1.302325581395349,-2.0233898447334204,-0.10661844282499887,-0.8369113449356891,Packaging & Containers,Consumer Cyclical,OI
2020Q4,2020,Q4,2021-02-16,2020-12-31,-29000000.0,1496000000.0,129000000.0,-0.18,264000000.0,0.17647058823529413,8882000000.0,297000000.0,2297000000.0,1898000000.0,8481000000.0,841000000.0,152000000.0,1871560600.0,6450560600.0,1.888424024314254,1.2102212855637513,0.5789236658410268,17.31313131313131,-0.04235284847529745,1.888424024314254,-0.09764309764309764,1.2510431818181817,-16.134143103448277,6.301550841750842,0.0,1.4649227110582639,0.0,0.1684305336635893,0.624868282402529,-0.0032650303985588833,7.089244696969697,0.17647058823529413,-1.0873786407766992,0.8531923601327922,-0.05916583308412279,-0.3482627241236298,-0.04693140794223827,-1.0884146341463414,-0.18354430379746836,0.775745447767837,-0.09452617308515336,-0.6191156252246662,Packaging & Containers,Consumer Cyclical,OI
2020Q3,2020,Q3,2020-10-28,2020-09-30,328000000.0,1616000000.0,158000000.0,2.06,277000000.0,0.17141089108910892,8624000000.0,167000000.0,2384000000.0,1697000000.0,8359000000.0,782000000.0,181000000.0,1663403070.0,6432403070.0,1.063199913416055,1.4048320565704184,0.6232606679035251,32.18562874251497,0.02540080775816396,1.063199913416055,1.964071856287425,1.0293335829207921,1.2678377057926828,9.9604974251497,0.0,1.7122762148337596,0.0,0.18738404452690166,0.7837360047142016,0.038033395176252316,8.11416131707317,0.17141089108910892,4.21875,18.743326538690702,0.05595401261352313,-0.7774894243706217,0.6993865030674846,4.247524752475248,2.2916666666666665,1.6991821313697129,-0.06443350073372381,-0.789344139782945,Packaging & Containers,Consumer Cyclical,OI
2020Q2,2020,Q2,2020-08-05,2020-06-30,-101000000.0,1418000000.0,48000000.0,-0.64,163000000.0,0.114950634696756,9579000000.0,-49000000.0,3012000000.0,1886000000.0,9537000000.0,1004000000.0,-148000000.0,1407974200.0,6847974200.0,-0.312519931118056,1.5970307529162249,0.6792984653930473,-132.79591836734693,0.006308376555949105,-0.312519931118056,2.061224489795918,0.9929296191819464,-3.4850846534653463,-28.73416734693878,0.0,1.25,0.0,0.14803215366948533,0.9347826086956522,-0.010543898110449942,12.571198214285713,0.114950634696756,-3.0,-3.5926704509216147,-0.05638194865169434,-1.0511833252803235,-0.3917910447761194,-3.02,-0.6190476190476191,-1.7486955254070504,-0.1595691531073749,-1.0758984971817993,Packaging & Containers,Consumer Cyclical,OI
2020Q1,2020,Q1,2020-04-29,2020-03-31,50000000.0,1561000000.0,126000000.0,0.32,268000000.0,0.17168481742472774,9504000000.0,-17000000.0,2962000000.0,1824000000.0,9428000000.0,1047000000.0,-47000000.0,1109735910.0,6616735910.0,-0.1089178054984271,1.6239035087719298,0.6731902356902357,-376.3529411764706,0.01340786014034721,-0.1089178054984271,-2.9411764705882355,0.7109134593209481,5.54867955,-65.27858294117648,0.16,1.2349570200573066,0.0072089223462183894,0.164246632996633,0.9089912280701754,0.005260942760942761,-2.5511170344827585,0.17168481742472774,0.6,-0.2684098388422551,0.14120857355769192,-1.0195144602103292,-0.028985507246376812,0.6666666666666666,-0.14864864864864866,0.06164133248971071,0.005620853013070965,-1.035373889198557,Packaging & Containers,Consumer Cyclical,OI
2019Q4,2019,Q4,2020-02-21,2019-12-31,30000000.0,1628000000.0,148000000.0,0.2,276000000.0,0.16953316953316952,9610000000.0,467000000.0,2488000000.0,1995000000.0,9046000000.0,1045000000.0,-89000000.0,1858061710.0,6866061710.0,2.9984526186700227,1.2471177944862155,0.5784599375650364,11.903640256959315,0.01246904439735505,2.9984526186700227,0.06423982869379015,1.1413155466830467,15.483847583333333,3.9787188650963596,0.23333333333333334,1.2937799043062201,0.0037673668007506596,0.16940686784599376,0.587468671679198,0.003121748178980229,3.3239028801431125,0.16953316953316952,1.0542005420054201,1.1583548960814656,0.07216373807704618,-0.5742559788713624,-0.07692307692307693,1.0521739130434782,-0.0975609756097561,1.4400229443978168,0.03250856875872597,0.9146772660627834,Packaging & Containers,Consumer Cyclical,OI
2019Q3,2019,Q3,2019-10-29,2019-09-30,-575000000.0,1670000000.0,164000000.0,-3.69,299000000.0,0.17904191616766468,9548000000.0,335000000.0,2534000000.0,2195000000.0,9112000000.0,1015000000.0,-112000000.0,1597354720.0,7212354720.0,2.153842197304804,1.1544419134396355,0.6166736489317135,17.576119402985075,0.027878045095109376,2.153842197304804,-1.7164179104477613,0.9564998323353293,-0.694502052173913,4.768223044776119,-0.01391304347826087,1.3507389162561576,0.005008280189637528,0.17490573942186846,0.565375854214123,-0.06022203602848764,5.05492,0.17904191616766468,-9.785714285714286,-11.154010432740115,0.014009563085147333,-0.7910836454199899,-0.11011904761904762,-9.846153846153847,-0.14583333333333334,-6.54807842509725,0.016508964598273296,-0.12943954279510564,Packaging & Containers,Consumer Cyclical,OI
2019Q2,2019,Q2,2019-08-01,2019-06-30,65000000.0,1756000000.0,192000000.0,0.42,336000000.0,0.19134396355353075,10723000000.0,975000000.0,2943000000.0,1929000000.0,9633000000.0,1015000000.0,470000000.0,2749482600.0,8709482600.0,6.276635465887291,1.525660964230171,0.5904131306537349,6.493333333333333,0.01903942524176383,6.276635465887291,0.06666666666666667,1.5657645785876992,10.574933076923077,2.8199821538461536,0.12307692307692308,1.3990147783251232,0.002909638344319764,0.16376014175137554,0.8532918610679109,0.006061736454350462,-15.274903333333333,0.19134396355353075,-0.17647058823529416,-0.3947047671709885,0.037373578944761184,-0.4249695288124391,0.12751677852348994,-0.17721518987341772,0.2229299363057325,-0.3546223933186557,0.04016366363554443,1.9208900302388427,Packaging & Containers,Consumer Cyclical,OI
2019Q1,2019,Q1,2019-05-02,2019-03-31,79000000.0,1638000000.0,157000000.0,0.51,298000000.0,0.18192918192918192,10152000000.0,888000000.0,2579000000.0,1860000000.0,9142000000.0,1038000000.0,412000000.0,2986885350.0,8571885350.0,5.752748427387747,1.3865591397849462,0.5822498029944838,6.656531531531532,0.017474747876277515,5.752748427387747,0.08896396396396396,1.8234953296703296,9.452168829113925,3.3636096283783785,0.10126582278481013,1.2909441233140655,0.0026783753182893343,0.16134751773049646,0.6801075268817204,0.007781717888100867,-4.171627583798883,0.18192918192918192,9.500000000000002,-0.16512795869217722,0.06671682154048547,-0.41851360067705207,0.013605442176870748,8.9,0.145985401459854,0.23137553014657344,0.07721310885012479,2.1119666358678337,Packaging & Containers,Consumer Cyclical,OI
2018Q4,2018,Q4,2019-02-14,2018-12-31,-10000000.0,1635000000.0,137000000.0,-0.06,294000000.0,0.1798165137614679,9699000000.0,786000000.0,2357000000.0,2207000000.0,8799000000.0,1018000000.0,333000000.0,2719041079.9999995,7548041080.0,4.983609883525555,1.067965564114182,0.5506753273533354,6.795165394402035,0.025155051411783907,4.983609883525555,-0.01272264631043257,1.6630220672782872,-67.976027,3.459339796437659,0.0,1.3172888015717092,0.0,0.16857407980204145,0.4807430901676484,-0.0010310341272296113,5.035261259259259,0.1798165137614679,-1.08,0.9289569680024917,-0.030389691911349295,-0.43623255473515754,-0.09259259259259259,-1.0833333333333333,-0.2864583333333333,0.9495188681418786,0.025363063885716075,0.7199549929994945,Packaging & Containers,Consumer Cyclical,OI
2018Q3,2018,Q3,2018-10-31,2018-09-30,120000000.0,1734000000.0,192000000.0,0.75,324000000.0,0.18685121107266436,9940000000.0,948000000.0,2664000000.0,2019000000.0,8873000000.0,973000000.0,352000000.0,2988211280.0,8187211280.0,5.96106443986116,1.3194650817236255,0.5673038229376257,5.948312236286919,0.022034743759352837,5.96106443986116,0.12658227848101267,1.72330523644752,6.225440166666666,3.152121603375527,0.0,1.4491264131551902,0.0,0.1744466800804829,0.7092620108964834,0.012072434607645875,21.497922877697842,0.18685121107266436,1.4193548387096775,-0.044917907184620805,0.005673605018884438,-0.18936420717240127,-0.06358381502890173,1.4,-0.054187192118226604,6.134191268941804,0.11910222555271657,0.24755454091000567,Packaging & Containers,Consumer Cyclical,OI
2018Q2,2018,Q2,2018-07-24,2018-06-30,50000000.0,1772000000.0,203000000.0,0.31,346000000.0,0.19525959367945825,9818000000.0,778000000.0,2624000000.0,2170000000.0,8919000000.0,985000000.0,232000000.0,2704022980.0,8007022980.0,4.836563925947108,1.209216589861751,0.577306987166429,7.285347043701799,0.022609927046787118,4.836563925947108,0.06426735218508997,1.525972336343115,13.5201149,3.47560794344473,0.0,1.4477157360406092,0.0,0.1804848237930332,0.6410138248847926,0.005092686901609289,30.727533863636364,0.19525959367945825,-0.47457627118644063,-0.6129444301900754,0.01666306570264566,-0.23115940430947757,0.08463949843260188,-0.4897959183673469,0.14689265536723164,0.25104129107660167,0.1493688491446471,-0.20788596178425542,Packaging & Containers,Consumer Cyclical,OI
2018Q1,2018,Q1,2018-04-24,2018-03-31,98000000.0,1736000000.0,177000000.0,0.59,319000000.0,0.1837557603686636,10281000000.0,989000000.0,2768000000.0,2078000000.0,9162000000.0,1065000000.0,182000000.0,3528825540.0,8944825540.0,6.070501292053106,1.3320500481231954,0.5674545277696722,5.898887765419616,0.019792531796049312,6.070501292053106,0.09908998988877654,2.0327336059907832,9.002105969387756,3.56807435793731,0.0,1.3305164319248826,0.0,0.16885516973057096,0.7040423484119346,0.009532146678338684,-6.8922373828125,0.1837557603686636,1.7283950617283947,0.43031528693328613,0.06535889222609878,0.01630722090393986,1.680672268907563,1.7313432835820894,4.933333333333334,0.3737326826802121,0.2158784094014865,0.08763259944888728,Packaging & Containers,Consumer Cyclical,OI
2017Q4,2017,Q4,2018-02-14,2017-12-31,-134000000.0,1712000000.0,-45000000.0,-0.81,119000000.0,0.06950934579439252,9756000000.0,808000000.0,2420000000.0,2280000000.0,8829000000.0,1036000000.0,84000000.0,3613022730.0000005,8404022730.0,4.9579981468868315,1.0614035087719298,0.5415129151291513,6.538366336633663,-0.007693236600267839,4.9579981468868315,-0.16584158415841585,2.1104104731308415,-6.7407140485074635,4.471562784653465,0.0,1.5376447876447876,0.0,0.17548175481754819,0.506578947368421,-0.013735137351373513,6.753313514018693,0.06950934579439252,-2.0657894736842106,0.15693444765568912,-0.014086392558857663,-0.0767655936514433,-0.6628895184135978,-2.0634920634920637,-1.2173913043478262,0.324026409930723,0.07751956331747584,-0.2960242043977318,Packaging & Containers,Consumer Cyclical,OI
2017Q3,2017,Q3,2017-10-24,2017-09-30,126000000.0,1791000000.0,207000000.0,0.76,353000000.0,0.1970965940815187,9999000000.0,822000000.0,2667000000.0,2177000000.0,9060000000.0,1046000000.0,218000000.0,4097708560.0,9379708560.0,5.047093929979247,1.22508038585209,0.5621562156215621,6.838199513381995,0.025216658425043947,5.047093929979247,0.15328467153284672,2.287944477945282,8.130374126984126,4.985046909975669,0.0,1.3747609942638623,0.0,0.1791179117911791,0.6481396417087736,0.012601260126012601,47.1000983908046,0.1970965940815187,-0.10588235294117644,0.41662470988419936,0.03735990489925636,-0.3532184450539815,0.02023121387283237,-0.1,0.050761421319796954,1.124911276755124,0.03853625233140321,-0.5104467419230606,Packaging & Containers,Consumer Cyclical,OI
2017Q2,2017,Q2,2017-08-01,2017-06-30,140000000.0,1751000000.0,197000000.0,0.85,346000000.0,0.19760137064534553,9780000000.0,670000000.0,2554000000.0,2015000000.0,9001000000.0,1049000000.0,92000000.0,3892166720.0000005,9299166720.0,4.117603677573195,1.2674937965260547,0.587116564417178,8.570149253731342,0.02890448008667958,4.117603677573195,0.208955223880597,2.2228250828098233,6.950297714285715,5.809204059701493,0.0,1.3393708293612965,0.0,0.17903885480572598,0.6600496277915633,0.014314928425357873,41.851255053763445,0.19760137064534553,1.8333333333333335,0.06610678469816961,0.00419894167959808,-0.3842314260795055,0.09841269841269841,1.8571428571428572,0.15204678362573099,0.24459881235328548,-0.012483713613607138,-0.6227680266367304,Packaging & Containers,Consumer Cyclical,OI
2017Q1,2017,Q1,2017-04-25,2017-03-31,49000000.0,1615000000.0,171000000.0,0.3,315000000.0,0.19504643962848298,9459000000.0,500000000.0,2419000000.0,1859000000.0,8843000000.0,1051000000.0,-47000000.0,3309467440.0,8624467440.0,3.079045249648989,1.3012372243141475,0.5948831800401734,11.254,0.020262883129020214,3.079045249648989,0.098,2.0492058452012385,16.885037959183673,6.618934879999999,0.0,1.236917221693625,0.0,0.1707368643619833,0.6481979558902636,0.005180251612221165,-7.607971126436782,0.19504643962848298,1.6818181818181819,-0.5904203624540103,-0.060708067373348724,-0.552868726041026,0.46511627906976744,1.6901408450704225,4.516129032258065,-0.5077649253212633,-0.00024997564191535224,-0.6887708617594066,Packaging & Containers,Consumer Cyclical,OI
2016Q4,2016,Q4,2017-02-10,2016-12-31,-71000000.0,1642000000.0,31000000.0,-0.44,215000000.0,0.13093788063337394,9135000000.0,254000000.0,2254000000.0,2060000000.0,8772000000.0,983000000.0,-96000000.0,2823780130.0,7659780130.0,1.5660355255775527,1.0941747572815534,0.5832512315270936,20.976377952755904,0.009255941717425057,1.5660355255775527,-0.2795275590551181,1.7197199330085262,-9.94288778169014,11.117244606299213,0.0,1.451678535096643,0.0,0.17974822112753147,0.5427184466019418,-0.007772304324028462,7.2965894832041345,0.13093788063337394,-1.6666666666666667,0.9069102579053411,-0.08698664469173298,-0.693966046880669,-0.3601190476190476,-1.6574074074074074,-0.8442211055276382,0.5095144270676771,-0.053111110996740825,-0.8228433067428894,Packaging & Containers,Consumer Cyclical,OI
2016Q3,2016,Q3,2016-10-26,2016-09-30,108000000.0,1712000000.0,199000000.0,0.66,336000000.0,0.19626168224299065,9497000000.0,401000000.0,2442000000.0,2033000000.0,8982000000.0,1057000000.0,-25000000.0,2980651200.0,8281651200.0,2.474086870681145,1.2011805213969504,0.5891334105507002,13.952618453865338,0.025379664874622298,2.474086870681145,0.26932668329177056,1.7410345794392523,6.899655555555555,7.433045386533665,0.0,1.3017975402081363,0.0,0.1802674528798568,0.5868175110673881,0.01137201221438349,13.130622026431718,0.19626168224299065,0.03125000000000003,-0.05901640739353914,-0.07073331332844886,-0.7910901451237012,-0.017543859649122806,0.02857142857142857,-0.005,-0.1565908573164249,-0.025758082151758233,-0.6635528113858681,Packaging & Containers,Consumer Cyclical,OI
2016Q2,2016,Q2,2016-07-28,2016-06-30,105000000.0,1760000000.0,200000000.0,0.64,342000000.0,0.1943181818181818,9667000000.0,348000000.0,2574000000.0,1995000000.0,9209000000.0,1051000000.0,-133000000.0,2916629450.0000005,8436629450.0,2.1488777053938066,1.2902255639097744,0.6055653253336092,16.82183908045977,0.025386457354182247,2.1488777053938066,0.3017241379310345,1.6571758238636367,6.944355833333334,8.381119109195403,0.0,1.3491912464319695,0.0,0.18206268749353471,0.6701754385964912,0.010861694424330196,28.594406372549024,0.1943181818181818,0.5609756097560977,0.4533485704811841,-0.09221797158208751,-0.8351489425378787,0.07210031347962383,0.5671641791044776,0.14285714285714285,-0.19263905534707343,0.003000425987368653,-0.6584053389188834,Packaging & Containers,Consumer Cyclical,OI
2016Q1,2016,Q1,2016-05-13,2016-03-31,67000000.0,1588000000.0,175000000.0,0.41,319000000.0,0.2008816120906801,9688000000.0,298000000.0,2476000000.0,1886000000.0,9272000000.0,1107000000.0,-238000000.0,2572815840.0,8234815840.0,1.848589365028163,1.312831389183457,0.6091040462427746,19.802013422818792,0.02068362990517474,1.848589365028163,0.22483221476510068,1.6201611083123426,9.600059104477612,8.633610201342282,0.0,1.146341463414634,0.0,0.1639141205615194,0.5355249204665959,0.006915772089182494,-6.140371933174224,0.2008816120906801,1.3253968253968254,-0.05702772401567101,-0.06388061310424979,-0.8474867092302144,0.09246575342465753,1.3316831683168318,0.174496644295302,-0.011728140669002088,-0.015098873360654567,-0.6905140729277494,Packaging & Containers,Consumer Cyclical,OI
2015Q4,2015,Q4,2016-02-16,2015-12-31,-202000000.0,1626000000.0,149000000.0,-1.26,292000000.0,0.1795817958179582,9421000000.0,466000000.0,2334000000.0,2122000000.0,8847000000.0,1007000000.0,-10000000.0,2801606340.0000005,7975606340.0,2.897523425792933,1.0999057492931197,0.5915507907865407,11.959227467811159,0.02973014947355646,2.897523425792933,-0.4334763948497854,1.7230051291512918,-3.467334579207921,6.012030772532189,0.0,1.3247269116186693,0.0,0.1725931429784524,0.5447690857681433,-0.02144146056681881,6.969170000000001,0.1795817958179582,-13.6,0.502122814254417,0.033257440880227966,-0.7392149095204382,0.057971014492753624,-12.882352941176471,-0.019736842105263157,-0.2878164114234551,-0.05114099962637344,-0.46044890686925966,Packaging & Containers,Consumer Cyclical,OI
2015Q3,2015,Q3,2015-10-28,2015-09-30,17000000.0,1566000000.0,152000000.0,0.1,276000000.0,0.17624521072796934,9554000000.0,768000000.0,2488000000.0,1924000000.0,8676000000.0,1023000000.0,192000000.0,3330325600.0,8919325600.0,4.778199464941205,1.293139293139293,0.6132509943479171,7.62890625,0.009886410348469947,4.778199464941205,0.022135416666666668,2.126644699872286,48.97537647058823,4.336361458333333,0.0,1.2609970674486803,0.0,0.16391040401925894,0.7162162162162162,0.0017793594306049821,26.85746451612903,0.17624521072796934,-0.6,-0.875910448148667,-0.05927387909006188,-0.5979651271575963,0.0072992700729927005,-0.575,0.08571428571428572,-0.8063280726131469,-0.0809077259873036,-0.38767708256429967,Packaging & Containers,Consumer Cyclical,OI
2015Q2,2015,Q2,2015-07-30,2015-06-30,40000000.0,1543000000.0,140000000.0,0.25,274000000.0,0.17757615035644847,7618000000.0,983000000.0,2385000000.0,2139000000.0,6523000000.0,985000000.0,175000000.0,3693156480.0,7087156480.0,6.105893460544623,1.115007012622721,0.4951430821737989,3.837232960325534,0.02231945999118076,6.105893460544623,0.04069175991861648,2.3934909138042775,23.082228,3.7570259206510688,0.0,1.2883248730964467,0.0,0.20254660015752166,0.6077606358111267,0.005250721974271462,57.70557,0.17757615035644847,-0.4318181818181818,-0.7120950743237427,-0.08408026367795604,-0.3510240611762944,0.022388059701492536,-0.43661971830985913,0.08527131782945736,-0.6921361991741429,-0.10561294816419067,-0.08689189074020572,Packaging & Containers,Consumer Cyclical,OI
2015Q1,2015,Q1,2015-04-29,2015-03-31,71000000.0,1421000000.0,129000000.0,0.44,268000000.0,0.18859957776213934,7326000000.0,905000000.0,2199000000.0,2116000000.0,6298000000.0,1007000000.0,135000000.0,3781244720.0,7145244720.0,5.581389611831312,1.039224952741021,0.4942669942669943,4.001104972375691,0.021376491383119752,5.581389611831312,0.07845303867403315,2.6609744686840253,13.314241971830986,4.178170961325967,0.0,1.1449851042701091,0.0,0.19396669396669397,0.5283553875236295,0.00969150969150969,-9.846991458333333,0.18859957776213934,1.5499999999999998,-0.14077038728603605,-0.07306287203296526,-0.36748911671094325,0.1308016877637131,1.355,10.727272727272727,-0.40564171683656597,-0.17230594266249807,-0.1894845170320189,Packaging & Containers,Consumer Cyclical,OI
2014Q4,2014,Q4,2015-02-11,2014-12-31,-200000000.0,1603000000.0,11000000.0,-0.8,237000000.0,0.14784778540237056,7858000000.0,1158000000.0,2371000000.0,2328000000.0,6583000000.0,1035000000.0,64000000.0,4437749780.0,7385749780.0,7.042853146172654,1.0184707903780068,0.44031560193433444,2.987910189982729,0.0024204026320568885,7.042853146172654,-0.17271157167530224,2.768402857142857,-5.547187225,3.8322536960276334,0.0,1.319806763285024,0.0,0.20399592771697633,0.5395189003436426,-0.025451768897938407,10.850243960880196,0.14784778540237056,-3.162162162162162,-0.2780871000388409,-0.12543641705609,-0.23362384445486606,-0.29673590504451036,-4.333333333333333,-0.946078431372549,0.7413302435015805,-0.12075545994710885,0.37631117197500563,Packaging & Containers,Consumer Cyclical,OI
2014Q3,2014,Q3,2014-10-29,2014-09-30,60000000.0,1745000000.0,204000000.0,0.37,337000000.0,0.19312320916905446,8158000000.0,1699000000.0,2523000000.0,2788000000.0,6335000000.0,1112000000.0,264000000.0,4292987900.0,7529987900.0,10.309591135814754,0.9049497847919655,0.4291493012993381,2.060623896409653,0.029315300084530854,10.309591135814754,0.03531489111241907,2.4601649856733525,17.887449583333336,2.5267733372572105,0.0,1.2661870503597121,0.0,0.21390046580044128,0.4684361549497848,0.007354743809757294,34.07133253968254,0.19312320916905446,-0.4558823529411765,-0.5175926696913482,-0.05174294721598124,-0.015056208111100915,-0.05865921787709497,-0.47368421052631576,-0.02857142857142857,-0.4858533184408415,-0.0684427919691652,-0.12946662724737812,Packaging & Containers,Consumer Cyclical,OI
2014Q2,2014,Q2,2014-07-30,2014-06-30,114000000.0,1797000000.0,210000000.0,0.68,358000000.0,0.19922092376182526,8591000000.0,1800000000.0,2648000000.0,2838000000.0,6669000000.0,1204000000.0,204000000.0,5712343840.0,9165343840.0,10.915309327738226,0.9330514446793516,0.42451402630659996,2.026111111111111,0.03015344410792472,10.915309327738226,0.06333333333333334,3.1788223928770174,12.527069824561405,3.1735243555555557,0.0,1.1951827242524917,0.0,0.2091723897101618,0.4725158562367865,0.013269700849726458,69.66272975609756,0.19922092376182526,0.11475409836065584,-0.2232033237973914,0.011701140454848595,0.26446344017309487,0.11526479750778816,0.12871287128712872,0.2138728323699422,0.5495886490086755,-0.08977643191743422,-0.16263253107089112,Packaging & Containers,Consumer Cyclical,OI
2014Q1,2014,Q1,2014-04-30,2014-03-31,101000000.0,1639000000.0,173000000.0,0.61,321000000.0,0.19585112873703478,8488000000.0,1630000000.0,2577000000.0,2082000000.0,6728000000.0,1204000000.0,90000000.0,5573830800.0,9074830800.0,9.893177955814519,1.2377521613832854,0.43614514608859567,2.2711656441717794,0.025908062836604673,9.893177955814519,0.06196319018404908,3.4007509456985967,13.79661089108911,3.4195280981595086,0.0,1.0946843853820598,0.0,0.19309613572101791,0.6143131604226705,0.011899151743638077,-17.922285530546624,0.19585112873703478,1.6777777777777778,1.271001992281725,0.09419282596858028,0.6269214299778442,0.10309278350515463,1.6870748299319729,0.3007518796992481,0.39081551279976257,-0.05466937930483203,-0.18378783587268654,Packaging & Containers,Consumer Cyclical,OI
2013Q4,2013,Q4,2014-02-13,2013-12-31,-147000000.0,1761000000.0,133000000.0,-0.9,291000000.0,0.16524701873935263,8419000000.0,1456000000.0,2550000000.0,2254000000.0,6816000000.0,1117000000.0,-11000000.0,5893288020.0,9077288020.0,8.839832674595803,1.1313220940550133,0.42368452310250626,2.4498626373626373,0.028410915627529423,8.839832674595803,-0.10096153846153846,3.3465576490630324,-10.022598673469389,4.047587925824176,0.0,1.316025067144136,0.0,0.2091697351229362,0.5882874889086069,-0.017460505998337095,18.532352264150944,0.16524701873935263,-2.153846153846154,0.3508224752038445,0.04771245987925494,0.419334271834967,-0.17329545454545456,-2.1307692307692307,-0.4009009009009009,0.6462228151572325,0.09266991751783102,-0.20439070713024945,Packaging & Containers,Consumer Cyclical,OI
2013Q3,2013,Q3,2013-10-31,2013-09-30,130000000.0,1784000000.0,222000000.0,0.78,352000000.0,0.19730941704035873,8472000000.0,1210000000.0,2672000000.0,2087000000.0,7095000000.0,1178000000.0,136000000.0,4939670920.0,8384670920.0,7.353566783756518,1.280306660277911,0.43248347497639283,3.028099173553719,0.03531234295251576,7.353566783756518,0.10743801652892562,2.7688738340807175,9.499367153846153,4.082372661157025,0.0,1.2156196943972835,0.0,0.210576015108593,0.6665069477719214,0.015344664778092541,32.931139466666664,0.19730941704035873,-0.012658227848101276,0.6631512494754245,-0.10687482377912366,-0.5248424777701718,-0.04607046070460705,-0.015151515151515152,-0.03056768558951965,-0.0730863827892872,0.04682939901372563,-0.38127524634803983,Packaging & Containers,Consumer Cyclical,OI
2013Q2,2013,Q2,2013-07-25,2013-06-30,132000000.0,1781000000.0,229000000.0,0.79,369000000.0,0.20718697361033128,8410000000.0,1034000000.0,2693000000.0,2119000000.0,7216000000.0,1175000000.0,6000000.0,4559596060.0,8083596060.0,6.290723919960577,1.2708824917413875,0.44863258026159336,3.648936170212766,0.03768045423399727,6.290723919960577,0.1276595744680851,2.560132543514879,8.63559859848485,4.409667369439071,0.0,1.2017021276595745,0.0,0.2117717003567182,0.6644643699858424,0.015695600475624256,54.93489228915663,0.20718697361033128,0.8809523809523812,-0.4259065595024526,-0.1895279542445821,-0.6335231652166856,0.15673981191222572,0.9130434782608695,0.27932960893854747,-0.06943349219282462,0.035475418316454704,-0.3313790212328712,Packaging & Containers,Consumer Cyclical,OI
2013Q1,2013,Q1,2013-04-24,2013-03-31,69000000.0,1641000000.0,179000000.0,0.42,319000000.0,0.19439366240097503,8517000000.0,980000000.0,2683000000.0,1929000000.0,7362000000.0,1178000000.0,-126000000.0,4310092630.0,7848092630.0,5.97309668493134,1.3908761016070503,0.45755547728073265,3.976530612244898,0.02635079362575774,5.97309668493134,0.07040816326530612,2.6265037355271175,15.616277644927536,4.398053704081632,0.0,1.1222410865874364,0.0,0.19267347657625924,0.7288750648004148,0.008101444170482565,-18.739533173913042,0.19439366240097503,1.4329896907216495,-0.6308657870143506,-0.20248132302072339,-0.6263252896689584,0.1474820143884892,1.43125,0.3458646616541353,-0.1747611091799173,0.057899689007852695,-0.3230989192819956,Packaging & Containers,Consumer Cyclical,OI
2012Q4,2012,Q4,2013-02-13,2012-12-31,-160000000.0,1748000000.0,133000000.0,-0.97,278000000.0,0.15903890160183065,8598000000.0,881000000.0,2648000000.0,2162000000.0,7543000000.0,1139000000.0,-195000000.0,3489386040.0,6831386040.0,5.370248457806062,1.2247918593894542,0.4388229820888579,4.282633371169126,0.027612109316019928,5.370248457806062,-0.18161180476730987,1.9962162700228834,-5.4521656875,3.960710601589103,0.0,1.2906057945566287,0.0,0.20330309374273087,0.6470860314523589,-0.018608978832286578,14.78553406779661,0.15903890160183065,-2.7962962962962963,-7.109727533200423,-0.1646655275606646,-0.6162116119968571,-0.1871345029239766,-2.7777777777777777,-0.3282828282828283,-0.024775740192555087,-0.04417652533176289,-0.415630245016229,Packaging & Containers,Consumer Cyclical,OI
2012Q3,2012,Q3,2012-10-25,2012-09-30,90000000.0,1747000000.0,198000000.0,0.54,342000000.0,0.19576416714367487,8871000000.0,1286000000.0,2788000000.0,2038000000.0,7435000000.0,1228000000.0,-35000000.0,3155920000.0,6712920000.0,7.803398058252427,1.368007850834151,0.4388456769248112,3.027216174183515,0.028882196237446367,7.803398058252427,0.06998444790046657,1.8064796794504865,8.766444444444444,2.454059097978227,0.011111111111111112,1.1441368078175895,0.00031686481279626864,0.1969338293315297,0.7208047105004907,0.010145417653026716,18.674082840236686,0.19576416714367487,-0.325,-0.9269341921347891,-0.16615796478281328,-0.4210406226068578,-0.09042553191489362,-0.3233082706766917,-0.1,-0.27639778622386035,-0.05066764081191702,-0.25448949702638135,Packaging & Containers,Consumer Cyclical,OI
2012Q2,2012,Q2,2012-07-26,2012-06-30,133000000.0,1766000000.0,220000000.0,0.8,376000000.0,0.2129105322763307,8834000000.0,1102000000.0,2847000000.0,2114000000.0,7590000000.0,1223000000.0,-125000000.0,3159196830.0000005,6842196830.0,6.686933779937985,1.346736045411542,0.4549467964681911,3.647005444646098,0.032086443160704886,6.686933779937985,0.1206896551724138,1.7888996772366934,5.938339906015038,2.866784782214156,0.0,1.1365494685200328,0.0,0.199909440796921,0.7138126773888364,0.015055467511885896,65.816600625,0.2129105322763307,0.11111111111111122,-0.17221680743591042,-0.18426324036701652,0.34692197443019523,-0.005291005291005291,0.09917355371900827,-0.013452914798206279,-0.0931487966137824,-0.005106148106640373,-0.2253647571761385,Packaging & Containers,Consumer Cyclical,OI
2012Q1,2012,Q1,2012-04-26,2012-03-31,121000000.0,1739000000.0,223000000.0,0.72,378000000.0,0.21736630247268546,9161000000.0,1131000000.0,2865000000.0,2116000000.0,7866000000.0,1237000000.0,-258000000.0,3833384940.0,7664384940.0,6.8862220760954935,1.3539697542533082,0.4508241458356075,3.651635720601238,0.030461178205156002,6.8862220760954935,0.10698496905393456,2.2043616676250717,7.920216818181818,3.3893766047745357,0.0,1.1002425222312044,0.0,0.18982643816177272,0.7079395085066162,0.0132081650474839,-22.8177675,0.21736630247268546,1.1535181236673773,1.1178826108872746,-0.1375224827735404,1.1519232926639567,0.24342105263157895,1.1569390402075228,0.43870967741935485,1.7293027601764865,0.16462120712085307,0.1324310870807431,Packaging & Containers,Consumer Cyclical,OI
2011Q4,2011,Q4,2012-02-09,2011-12-31,-771000000.0,1818000000.0,155000000.0,-4.69,304000000.0,0.16721672167216722,8926000000.0,839000000.0,2694000000.0,2245000000.0,7934000000.0,1012000000.0,-428000000.0,3177486660.0,6810486660.0,5.1171953621986255,1.2,0.4518261259242662,4.806912991656734,0.030772285090331548,5.1171953621986255,-0.9189511323003575,1.7477924422442244,-1.0303134435797665,3.787230822407628,-0.0038910505836575876,1.4960474308300395,0.0009441424374068025,0.20367465830159087,0.6939866369710468,-0.08637687654044365,22.37666661971831,0.16721672167216722,-7.700000000000001,-5.995858670261105,-0.11289174426067605,1.1940100642366387,-0.2144702842377261,-7.646551724137931,-0.329004329004329,-2.4204865436263643,0.08658573432913357,-0.1783768968708953,Packaging & Containers,Consumer Cyclical,OI
2011Q3,2011,Q3,2011-10-27,2011-09-30,116000000.0,1862000000.0,231000000.0,0.7,387000000.0,0.20784103114930183,9552000000.0,1940000000.0,2639000000.0,2113000000.0,7458000000.0,1052000000.0,343000000.0,2476837440.0,6308837440.0,11.842844236075502,1.2489351632749646,0.42797319932998323,2.107216494845361,0.03184799763266917,11.842844236075502,0.05979381443298969,1.3302027067669173,5.338011724137931,1.276720329896907,0.0,1.4020912547528517,0.0,0.1949329983249581,0.6980596308566019,0.012144053601340033,18.346944,0.20784103114930183,0.6279069767441859,11.826404949692622,-0.10539950494288386,1.021414348798393,0.09014084507042254,0.589041095890411,0.2094240837696335,0.4906922718894104,-0.06364879206358665,-0.23476366111238153,Packaging & Containers,Consumer Cyclical,OI
2011Q2,2011,Q2,2011-07-28,2011-06-30,73000000.0,1959000000.0,191000000.0,0.43,355000000.0,0.1812149055640633,10144000000.0,2133000000.0,2751000000.0,2192000000.0,7854000000.0,1065000000.0,227000000.0,4223367730.0,8303367730.0,13.03526794717447,1.2550182481751824,0.4278391167192429,2.03469292076887,0.020387831346735455,13.03526794717447,0.03422409751523676,2.155879392547218,14.463588116438356,1.9800130004688232,0.0,1.5061032863849766,0.0,0.19311908517350157,0.7217153284671532,0.007196372239747634,42.6602801010101,0.1812149055640633,-0.02272727272727275,0.5915288676030399,-0.074363328708418,1.28624910129468,0.06606606606606606,0.013888888888888888,0.09142857142857143,-0.6810808970034699,-0.10451652302450676,-0.24060826724965703,Packaging & Containers,Consumer Cyclical,OI
2011Q1,2011,Q1,2011-04-28,2011-03-31,72000000.0,1719000000.0,175000000.0,0.44,333000000.0,0.193717277486911,9976000000.0,1980000000.0,2785000000.0,2077000000.0,7795000000.0,1054000000.0,154000000.0,4931687450.0,8864687450.0,12.120841112913594,1.34087626384208,0.4373496391339214,2.2035353535353535,0.020232277050817177,12.120841112913594,0.03636363636363636,2.8689281268179174,17.123914756944444,2.4907512373737375,0.0,1.3149905123339658,0.0,0.17231355252606256,0.7958594126143477,0.007217321571772253,-31.213211708860758,0.193717277486911,1.1744144625090998,1.751181532608486,-0.05677085692473051,1.4493432709374112,0.25565610859728505,1.1747148750303325,0.383399209486166,-0.6131328944647839,-0.1609221489605968,-0.2417246813930268,Packaging & Containers,Consumer Cyclical,OI
2010Q4,2010,Q4,2011-02-10,2010-12-31,-412100000.0,1598400000.0,126500000.0,-2.522726577086713,265200000.0,0.16591591591591592,9754000000.0,1815000000.0,2738000000.0,2079000000.0,7728000000.0,946000000.0,82000000.0,5014998500.0,8652998500.0,11.110771020170795,1.316979316979317,0.43858929669879027,2.3570247933884296,0.017839284865275626,11.110771020170795,-0.22705234159779614,3.137511574074074,-3.042343181266683,2.7630845730027547,0.0,1.4093023255813955,0.0,0.1638712323149477,0.8249158249158249,-0.04224933360672545,66.33595899470899,0.16591591591591592,-4.00324592510323,0.5661133410977032,-0.16760942816546606,1.3280434280542697,-0.2633333333333333,-3.964748201438849,-0.43018018018018017,-19.976739863643797,-0.23289724212274415,-0.20596133813789005,Packaging & Containers,Consumer Cyclical,OI
2010Q3,2010,Q3,2010-10-28,2010-09-30,139000000.0,1689000000.0,222000000.0,0.84,360000000.0,0.21314387211367672,9883200000.0,1938200000.0,2965600000.0,2155900000.0,7727100000.0,1012100000.0,494500000.0,4575996740.0,8220796740.0,11.88503731320403,1.3755740062155017,0.4396349360531002,2.2417707150964814,0.02468410603837312,11.88503731320403,0.0717160251780002,2.7092935109532266,8.230209964028777,2.3609517800020634,0.01223021582733813,1.313111352633139,0.0003715037611674522,0.1708960660514813,0.8752261236606521,0.014064270681560628,60.770209030544486,0.21314387211367672,-0.011764705882352951,0.07811998538738878,-0.14171546269500132,0.06464261294499397,-0.09297052154195011,-0.014883061658398299,-0.13315111284654432,-0.8859630353707262,-0.18533380196369675,-0.11821058572425817,Packaging & Containers,Consumer Cyclical,OI
2010Q2,2010,Q2,2010-07-29,2010-06-30,141100000.0,1710900000.0,256100000.0,0.85,396900000.0,0.23198316675433983,8358200000.0,1538300000.0,2728000000.0,1919000000.0,6614500000.0,874000000.0,355800000.0,4324601450.0,7142801450.0,9.408505146757513,1.4215737363210006,0.41881027015386085,2.275563934213092,0.03630072928888953,9.408505146757513,0.09172463108626405,2.5276763399380444,7.662298812898653,2.811286127543392,0.11268603827072998,1.5034324942791761,0.003676639381416292,0.20469718360412528,0.9287128712871288,0.016881625230312745,415.8270625,0.23198316675433983,0.7,0.5097748822101473,-0.15739181495599963,-0.06334815807260365,0.27702702702702703,0.6541617819460727,0.4559408754974417,-0.11483112237853814,-0.20344068744282065,0.8951170664688126,Packaging & Containers,Consumer Cyclical,OI
2010Q1,2010,Q1,2010-04-29,2010-03-31,85300000.0,1582500000.0,175900000.0,0.5,310800000.0,0.19639810426540286,8371700000.0,1477000000.0,2536700000.0,1898600000.0,6685100000.0,902100000.0,214700000.0,5948720740.0,8895320740.0,8.824179566378502,1.3360897503423574,0.41425278019995937,2.348002708192282,0.02521894440124417,8.824179566378502,0.05775220040622884,3.7590652385466035,17.43470322391559,4.027569898442789,0.06799531066822978,1.4097106750914532,0.0009749995425066801,0.18902970722792264,0.8269251027072579,0.010189089432253903,-82.27829515905947,0.19639810426540286,1.5253640929064658,-0.3490840199331198,-0.16944590271859258,-0.1442170952229278,-0.06102719033232629,1.5354676710608914,-0.007336343115124154,0.4650112774543046,-0.22986414713886477,1.757529068581248,Packaging & Containers,Consumer Cyclical,OI
2009Q4,2009,Q4,2010-02-10,2009-12-31,-159300000.0,1865900000.0,177200000.0,-0.951720924119225,331000000.0,0.17739428693927864,8727400000.0,1538200000.0,2796700000.0,2034300000.0,6991000000.0,900300000.0,129400000.0,5501813470.0,8299613470.0,9.189812463780237,1.3747726490684757,0.41358251025505877,2.346573917565986,0.029952416745931448,9.189812463780237,-0.1035626056429593,2.948611109920146,-8.634358866917765,3.5767868092575736,-0.02448210922787194,1.7048761523936466,0.0007088571834115634,0.2137979237802782,0.8930836159858428,-0.018252858812475653,-413.6701857142857,0.17739428693927864,-2.286109356917872,-5.023473931574343,-0.05930623764313919,-0.10691066194931415,-0.2623133496768442,-2.2573007103393845,-0.42129327237099934,-0.415879292325854,-0.10814364386280577,2.9401546368396256,Packaging & Containers,Consumer Cyclical,OI
2009Q3,2009,Q3,2009-10-29,2009-09-30,126700000.0,1874600000.0,306200000.0,0.74,448700000.0,0.2393577296489918,9119800000.0,1757200000.0,3245500000.0,2099500000.0,7119700000.0,1035400000.0,288700000.0,6194661300.0,8899061300.0,10.46718728592958,1.5458442486306263,0.4080681593894603,2.1178579558388346,0.03623723956485148,10.46718728592958,0.07210334623264283,3.304524325189374,12.223088595106551,3.525302356020942,0.022888713496448304,1.3771489279505504,0.00046814504612221493,0.20555275334985415,1.0310073827101691,0.013892848527379986,18.96711971830986,0.2393577296489918,-0.15909090909090912,0.6193977681900128,-0.048771502134011394,0.2890521371183931,0.1013745704467354,-0.15137307434695244,0.1303063861203396,12.670301272161563,-0.12115439897685222,0.7866081955959003,Packaging & Containers,Consumer Cyclical,OI
2009Q2,2009,Q2,2009-08-07,2009-06-30,149300000.0,1807000000.0,270900000.0,0.88,407400000.0,0.22545655783065854,8614200000.0,1448200000.0,2917400000.0,1957900000.0,6933700000.0,1039000000.0,162000000.0,4699069640.0,7664069640.0,8.632364512052645,1.4900658869196588,0.4228134939982819,2.514984118215716,0.039436207251182694,8.632364512052645,0.10309349537356718,2.600481261759823,7.868502411252512,3.244765667725453,0.2572002679169457,1.3470644850818094,0.008171830371085967,0.2097699147918553,0.9236426783798968,0.01733184741473381,35.01542205663189,0.22545655783065854,2.259259259259259,0.6016977827738268,-0.09783314466857812,0.22710616395468444,0.37264150943396224,2.3104212860310422,0.6478102189781022,2.17485275537411,-0.16720829897226497,0.5140260781525687,Packaging & Containers,Consumer Cyclical,OI
2009Q1,2009,Q1,2009-05-06,2009-03-31,45100000.0,1519000000.0,164400000.0,0.27,296800000.0,0.19539170506912443,7751600000.0,1016000000.0,2416900000.0,1837100000.0,6495400000.0,1044800000.0,12700000.0,2412635200.0,5375935200.0,6.080919320086187,1.315606118338686,0.42902110532019194,3.2732283464566927,0.023780720010627462,6.080919320086187,0.04438976377952756,1.5883049374588545,13.37380931263858,2.3746409448818895,0.376940133037694,1.1697932618683002,0.007046237242994714,0.19595954383611125,0.7205378041478417,0.005818153671500077,-32.12563515312916,0.19539170506912443,1.1963935568132347,-0.18997691439515713,-0.14699753646179534,-0.1278281909245873,0.03306648103028194,1.1963430561602089,0.1810344827586207,0.6848888583473479,-0.18509482961395327,0.2288139642304192,Packaging & Containers,Consumer Cyclical,OI
2008Q4,2008,Q4,2009-02-17,2008-12-31,-229700000.0,1705000000.0,139200000.0,-1.3747905195116112,287300000.0,0.16850439882697948,7976500000.0,1040600000.0,2444700000.0,2003300000.0,6683100000.0,999500000.0,-32400000.0,4566296400.0,7520896400.0,6.228154177639454,1.220336444865971,0.41799034664326457,3.204016913319239,0.041120563284987276,6.228154177639454,-0.22073803574860656,2.678179706744868,-4.969848062690465,4.3881379973092445,0.0,1.4184092046023011,0.0,0.21375289914122736,0.6955024210053412,-0.02879709145615245,92.06242741935483,0.16850439882697948,-3.988675042416546,0.8112669708056891,-0.03565657170217864,-0.08730292347173543,-0.29462312791554135,-3.922391857506361,-0.48329621380846327,0.7635481900340155,-0.13189145657971826,0.30498714948221395,Packaging & Containers,Consumer Cyclical,OI
2008Q3,2008,Q3,2008-11-07,2008-09-30,78600000.0,2008600000.0,269400000.0,0.46,407300000.0,0.20277805436622523,9237400000.0,2560700000.0,2837100000.0,2381200000.0,6427600000.0,1141200000.0,197300000.0,4864582800.0,7911582800.0,15.476060968681631,1.1914580883588106,0.37429363240738733,1.3502167376108096,0.03115434574681583,15.476060968681631,0.030694731909243565,2.4218773274917855,15.472591603053434,1.8997082047877532,0.0,1.4031720995443393,0.0,0.21744213739796914,0.6881404333949269,0.008508887782276398,24.98501694915254,0.20277805436622523,-0.6592592592592593,1.4152086018224157,0.12288733294754961,0.18184631489746075,-0.2244859101294745,-0.6601815823605707,-0.2844621513944223,-0.39913817474040153,0.00599278834747052,0.386320762282187,Packaging & Containers,Consumer Cyclical,OI
2008Q2,2008,Q2,2008-08-08,2008-06-30,231300000.0,2210600000.0,376500000.0,1.35,525200000.0,0.2375825567719171,10037000000.0,2838300000.0,3114500000.0,2440300000.0,6941300000.0,1234700000.0,118700000.0,6893441500.0,10316841500.0,17.16540671303296,1.2762775068639103,0.3775430905649098,1.335094951203185,0.04335833433003554,17.16540671303296,0.08149244265933833,3.118357685696191,7.45075821444012,2.4287219462354224,0.0,1.365027942010205,0.0,0.22024509315532528,0.7490882268573537,0.023044734482415064,54.57990102929533,0.2375825567719171,0.29807692307692313,11.086977107383625,0.22424887903006768,0.33962584076300323,0.14973730297723292,0.2987085906793936,0.20287539936102236,1.4472426274295471,0.076533197480084,0.7088803762557584,Packaging & Containers,Consumer Cyclical,OI
2008Q1,2008,Q1,2008-05-09,2008-03-31,178100000.0,1960500000.0,313000000.0,1.04,456800000.0,0.23300178525886253,9957400000.0,2498800000.0,3114800000.0,2680500000.0,7210200000.0,1222400000.0,-112600000.0,8821363320.0,12365963320.0,15.984749622578747,1.162022010818877,0.40448309799746923,1.6118136705618697,0.035757792804190926,15.984749622578747,0.07127421162157836,4.499547727620505,12.38259870859068,3.5302398431246997,0.030320044918585063,1.2301210732984293,0.0006121502770163648,0.19688874605820797,0.6921469875023316,0.017886195191515856,-357.1402153846154,0.23300178525886253,9.647710638297873,3.8636536526998486,0.3044278788812025,0.3454510439184712,-0.0017482517482517483,10.47340425531915,0.02287581699346405,0.45519207516086335,0.10172080802695749,0.5502263254326305,Packaging & Containers,Consumer Cyclical,OI
2007Q4,2007,Q4,2008-02-29,2007-12-31,-18800000.0,1994000000.0,306000000.0,-0.12026304342263504,457600000.0,0.22948846539618856,9324600000.0,2187400000.0,2694600000.0,2529500000.0,6885500000.0,1020800000.0,-285300000.0,7738038000.0,11064738000.0,13.992733041631483,1.0652698161692034,0.39834416489715374,1.69808905549968,0.028602819153678676,13.992733041631483,-0.008594678613879492,3.8806609829488465,-102.8994414893617,3.5375505165950445,-0.2872340425531915,1.5050940438871474,0.0006978513157986559,0.21384295304892434,0.6456216643605456,-0.002016172275486348,288.7327611940299,0.22948846539618856,-1.0175310558925124,-1.3511130957404418,0.3397168509662112,0.22987480569949018,0.003728887914016232,-1.0162559446606139,-0.013221541438245728,-1.5084213322204407,0.07637983370783223,0.35984937004145007,Packaging & Containers,Consumer Cyclical,OI
2007Q3,2007,Q3,2007-11-09,2007-09-30,1156500000.0,1967100000.0,310100000.0,6.86,455900000.0,0.23176249301001475,10334500000.0,2085500000.0,3846100000.0,3700700000.0,8011300000.0,1024100000.0,-261100000.0,6498660000.0,9793660000.0,13.478317068441802,1.0392898640797688,0.4683245440030964,2.320738432030688,0.029883357247119626,13.478317068441802,0.5545432749940062,3.303675461339027,1.4048119325551232,3.116116039319108,0.004669260700389105,1.4756371448100771,0.000830940532355901,0.1903430257874111,0.7500472883508525,0.11190672020900866,22.93105151729005,0.23176249301001475,6.7078651685393265,10.203754148961712,0.24326045837077825,0.22117031022829295,0.014238042269187987,6.725450901803607,0.02546296296296296,15.037594659982746,0.08297729769745542,0.6598779545283766,Packaging & Containers,Consumer Cyclical,OI
2007Q2,2007,Q2,2007-08-07,2007-06-30,149700000.0,2017100000.0,302400000.0,0.89,449500000.0,0.22284467800307373,9833800000.0,762300000.0,2837300000.0,2381500000.0,8849700000.0,1001000000.0,-1412200000.0,5374145000.0,10651045000.0,4.9646036718398925,1.1913919798446357,0.5720372592487136,7.3793781975600155,0.03858831762435168,4.9646036718398925,0.19637937819756002,2.6642927965891627,8.974858049432198,7.049908172635446,0.035404141616566465,1.566033966033966,0.000986203386771291,0.20511907909455143,0.6991391979844636,0.01522300636579959,45.08510906040269,0.22284467800307373,1.966666666666667,0.47558899332383414,0.2650127706154559,-0.5391456358577336,0.19230769230769232,1.8139097744360901,0.3554459883460332,0.7546883952430867,0.10030625339849614,-0.29427264583175206,Packaging & Containers,Consumer Cyclical,OI
2007Q1,2007,Q1,2007-05-10,2007-03-31,53200000.0,1877500000.0,223100000.0,0.3,377000000.0,0.20079893475366178,9599400000.0,489400000.0,2704300000.0,2167000000.0,8893800000.0,1125000000.0,-1556600000.0,3941160720.0,9301260720.0,3.200031385677669,1.247946469773881,0.5889743108944309,11.552513281569269,0.022790325663009033,3.200031385677669,0.10870453616673478,2.0991535126498,18.52049210526316,8.053046015529219,0.10150375939849623,1.3337777777777777,0.0013701547294422442,0.1955851407379628,0.7123211813567144,0.005542013042481822,-46.09544701754386,0.20079893475366178,1.4463112840466925,1.0721397071905694,0.3417237102863131,-0.6693798186841029,0.06677985285795134,1.517509727626459,0.2590293453724605,0.04387194643511008,0.1518268464058793,-0.5410271020163716,Packaging & Containers,Consumer Cyclical,OI
