Quarters,Year,Quarter,FillingDate,Date,NetIncome,Revenue,OperatingIncome,EPSDiluted,GrossProfit,GrossProfitRatio,TotalAssets,CommonStockEquity,CurrentAssets,CurrentLiability,TotalLiability,Inventory,RetainedEarnings,MarketCap,EnterpriseValue,bookValuePerShare,currentRatio,debtToAssets,debtToEquity,roic,shareholdersEquityPerShare,roe,priceToSalesRatio,peRatio,pbRatio,payoutRatio,inventoryTurnover,dividendYield,assetTurnover,quickRatio,returnOnAssets,priceToFreeCashFlowsRatio,grossProfitMargin,epsdilutedGrowth,fiveYNetIncomeGrowthPerShare,fiveYRevenueGrowthPerShare,fiveYShareholdersEquityGrowthPerShare,grossProfitGrowth,netIncomeGrowth,operatingIncomeGrowth,threeYNetIncomeGrowthPerShare,threeYRevenueGrowthPerShare,threeYShareholdersEquityGrowthPerShare,Industry,Sector,Symbol
2023Q1,2023,Q1,2023-05-09,2023-03-31,300000000.0,1645000000.0,523000000.0,1.05,811000000.0,0.4930091185,5749000000.0,-8774000000.0,1546000000.0,1555000000.0,14523000000.0,0.0,-8403000000.0,37114480000.0,48512480000.0,-31.224199288256226,0.9942122186495177,2.0433118803270136,-1.3388420332801458,0.1422506058570259,-31.224199288256226,-0.03419193070435377,22.561993920972643,30.92873333333334,-4.230052427627081,0.5633333333333334,0.0,0.004553478857847394,0.286136719429466,0.6244372990353698,0.05218298834579927,129.3187456445993,0.4930091185410334,-0.18604651162790697,-0.1814124744191399,0.4176212391401968,-0.5348584784869806,-0.14179894179894179,-0.19137466307277629,-0.09515570934256055,2.8845774557303945,0.39979092878899297,-0.14591179791631795,Restaurants,Consumer Cyclical,YUM
2022Q4,2022,Q4,2023-02-27,2022-12-31,371000000.0,2019000000.0,578000000.0,1.29,945000000.0,0.4680534918,5846000000.0,-8876000000.0,1609000000.0,1665000000.0,14722000000.0,442000000.0,-8507000000.0,36246640000.0,47730640000.0,-31.363957597173144,0.9663663663663664,2.0271980841601094,-1.335173501577287,0.13071231684317422,-31.363957597173144,-0.0417981072555205,17.95276869737494,24.424959568733158,-4.0836683190626415,0.431266846361186,2.429864253393665,0.004414202254333091,0.34536435169346563,0.6096096096096096,0.06346219637358878,109.50646525679758,0.46805349182763745,0.13157894736842118,0.013283301455571004,0.5245725322715448,-0.6687170366667744,0.16093366093366093,0.12084592145015106,0.05860805860805861,-0.1860264728031049,0.27608353740701963,-0.18553881636021247,Restaurants,Consumer Cyclical,YUM
2022Q3,2022,Q3,2022-11-08,2022-09-30,331000000.0,1640000000.0,546000000.0,1.14,814000000.0,0.4963414634,5779000000.0,-8542000000.0,1595000000.0,1244000000.0,14321000000.0,0.0,-8244000000.0,30306900000.0,41485900000.0,-29.971929824561403,1.2821543408360128,2.0053642498702198,-1.356708030906111,0.13269075314480303,-29.971929824561403,-0.0387497073284945,18.479817073170732,22.890407854984893,-3.547986420042145,0.48942598187311176,0.0,0.005345317402967641,0.28378612216646476,0.795016077170418,0.057276345388475515,77.31352040816327,0.49634146341463414,0.48051948051948035,-0.04142533366910091,0.38249523530274165,-0.6893180508860781,0.022613065326633167,0.47767857142857145,-0.01444043321299639,0.3936842105263158,0.315042647694666,-0.13269242019461397,Restaurants,Consumer Cyclical,YUM
2022Q2,2022,Q2,2022-08-08,2022-06-30,224000000.0,1636000000.0,554000000.0,0.77,796000000.0,0.4865525672,5790000000.0,-8568000000.0,1429000000.0,1183000000.0,14358000000.0,0.0,-8274000000.0,32463860000.0,43663860000.0,-29.958041958041957,1.2079459002535926,2.0055267702936095,-1.3552754435107377,0.1045318238485124,-29.958041958041957,-0.026143790849673203,19.843435207823962,36.23198660714286,-3.788965919701214,0.7232142857142857,0.0,0.004990164447480984,0.2825561312607945,0.8537616229923922,0.0386873920552677,151.7002803738318,0.48655256723716384,-0.4338235294117647,0.3307081268246318,0.3826642970289379,-0.7183406563937537,0.05851063829787234,-0.43859649122807015,0.08840864440078586,-0.16800154862438596,0.34055410238616335,-0.15050273719275473,Restaurants,Consumer Cyclical,YUM
2022Q1,2022,Q1,2022-05-10,2022-03-31,399000000.0,1547000000.0,509000000.0,1.36,752000000.0,0.4861021332,5816000000.0,-8491000000.0,1356000000.0,1302000000.0,14307000000.0,0.0,-8199000000.0,34255170000.0,45295170000.0,-29.380622837370243,1.0414746543778801,1.9609697386519944,-1.3431869037804733,0.17511286701179196,-29.380622837370243,-0.04699093157460841,22.142967032967032,21.46313909774436,-4.034291602873631,0.41353383458646614,0.0,0.0048167911588236165,0.26599037138927095,0.7142857142857143,0.06860385144429161,162.34677725118485,0.4861021331609567,0.2252252252252252,0.7602941176470589,0.348623853211009,-0.8046941419375735,-0.13860252004581902,0.20909090909090908,-0.048598130841121495,0.6230222668321932,0.31475748194014447,-0.14489269153720075,Restaurants,Consumer Cyclical,YUM
2021Q4,2021,Q4,2022-02-23,2021-12-31,330000000.0,1890000000.0,535000000.0,1.11,873000000.0,0.4619047619,5966000000.0,-8373000000.0,1532000000.0,1415000000.0,14339000000.0,0.0,-8048000000.0,40685980000.00001,51533980000.00001,-28.576791808873722,1.0826855123674912,1.8997653369091518,-1.353636689358653,0.14227083758077524,-28.576791808873722,-0.039412396990326046,21.52697354497355,30.82271212121212,-4.8591878657589875,0.44242424242424244,0.0,0.003588459710199926,0.31679517264498824,0.8,0.05531344284277573,126.35397515527953,0.46190476190476193,-0.36571428571428566,0.5438892510641562,1.9161379014410753,-0.8492054105459304,0.12066752246469833,-0.375,0.015180265654648957,0.05546586008869633,0.2958987412758984,-0.1285056568480287,Restaurants,Consumer Cyclical,YUM
2021Q3,2021,Q3,2021-11-03,2021-09-30,528000000.0,1606000000.0,527000000.0,1.75,779000000.0,0.4850560398505604,6419000000.0,-7855000000.0,2062000000.0,1355000000.0,14274000000.0,0.0,-7524000000.0,36203760000.0,46455760000.0,-26.53716216216216,1.5217712177121772,1.75307680324038,-1.4325907065563335,0.18157022064629122,-26.53716216216216,-0.06721833227243794,22.542814445828146,17.141931818181817,-4.609008274984086,0.2784090909090909,0.0,0.004060351742470948,0.25019473438230255,1.1431734317343174,0.08225580308459261,77.85754838709677,0.4850560398505604,0.3565891472868217,0.12418527852611451,-0.35860528803833996,-4.486586269814118,-0.008905852417302799,0.35038363171355497,-0.07054673721340388,0.2494344564829147,0.24037732916237584,-0.13151214368028516,Restaurants,Consumer Cyclical,YUM
2021Q2,2021,Q2,2021-08-05,2021-06-30,391000000.0,1602000000.0,567000000.0,1.29,786000000.0,0.49063670411985016,5649000000.0,-7893000000.0,1514000000.0,1558000000.0,13542000000.0,0.0,-7569000000.0,34278940000.0,44384940000.0,-26.486577181208055,0.9717586649550706,1.8867056116126748,-1.35031040162169,0.19700183497651852,-26.486577181208055,-0.049537564930951475,21.397590511860173,21.917480818414322,-4.342954516660332,0.38107416879795397,0.0,0.004346692167260715,0.2835900159320234,0.6912708600770219,0.06921579040538148,83.60717073170731,0.49063670411985016,0.20560747663551399,0.5868820652927087,-0.267255997429673,-26.916443815669158,0.07967032967032966,0.19938650306748465,0.04419889502762431,0.32434297183717004,0.27322500883080186,-0.1841660006501186,Restaurants,Consumer Cyclical,YUM
2021Q1,2021,Q1,2021-05-05,2021-03-31,326000000.0,1486000000.0,543000000.0,1.07,728000000.0,0.4899057873485868,5550000000.0,-7912000000.0,1454000000.0,1479000000.0,13462000000.0,0.0,-7566000000.0,32562180000.000004,42624180000.0,-26.285714285714285,0.9830966869506423,1.914054054054054,-1.3426440849342771,0.1596484123813243,-26.285714285714285,-0.04120323559150657,21.91263795423957,24.97099693251534,-4.11554347826087,0.4601226993865031,0.0,0.004606571181659213,0.26774774774774773,0.7227856659905342,0.058738738738738736,116.71032258064517,0.4899057873485868,-0.009259259259259267,0.15230561385322583,-0.21583013982918078,-71.09523809523809,-0.1100244498777506,-0.018072289156626505,0.12655601659751037,-0.16957332371694048,0.19550925555709023,-0.2921020347730445,Restaurants,Consumer Cyclical,YUM
2020Q4,2020,Q4,2021-02-22,2020-12-31,332000000.0,1743000000.0,482000000.0,1.08,818000000.0,0.46930579460699945,5852000000.0,-7891000000.0,1689000000.0,1675000000.0,13743000000.0,0.0,-7480000000.0,32785120000.0,42877120000.0,-26.129139072847682,1.0083582089552239,1.8492822966507176,-1.3714358129514637,0.15013660381890237,-26.129139072847682,-0.04207324800405525,18.809592656339646,24.687590361445782,-4.15474844759853,0.4246987951807229,0.0,0.0043007315513867266,0.29784688995215314,0.7755223880597015,0.05673274094326726,83.84941176470588,0.46930579460699945,0.1739130434782609,0.7309572546658639,-0.367484298551293,-13.419228560420466,0.1313969571230982,0.17314487632508835,0.02335456475583864,-0.15028252020171332,0.2333565702335309,-0.3901989055177879,Restaurants,Consumer Cyclical,YUM
2020Q3,2020,Q3,2020-11-05,2020-09-30,283000000.0,1448000000.0,471000000.0,0.92,723000000.0,0.4993093922651934,6061000000.0,-7919000000.0,2030000000.0,1553000000.0,13980000000.0,0.0,-7490000000.0,27663900000.0,37644900000.0,-26.135313531353134,1.3071474565357373,1.8298960567563107,-1.4005556257103169,0.132980230497869,-26.135313531353134,-0.035736835459022606,19.104903314917127,24.438074204946997,-3.4933577471903017,0.5017667844522968,0.0,0.00513304342482441,0.2389044712093714,1.0508692852543464,0.04669196502227355,60.26993464052288,0.4993093922651934,0.3731343283582089,-0.03272892609926082,-0.3920073653119616,-7.243833808038337,0.31693989071038253,0.3737864077669903,0.57,-0.22912028044909755,0.14812874045064686,-0.4730735448973748,Restaurants,Consumer Cyclical,YUM
2020Q2,2020,Q2,2020-08-05,2020-06-30,206000000.0,1198000000.0,300000000.0,0.67,549000000.0,0.4582637729549249,6421000000.0,-8108000000.0,2398000000.0,1475000000.0,14529000000.0,0.0,-7631000000.0,26333730000.0,36776730000.0,-26.75907590759076,1.6257627118644067,1.8199657374240772,-1.4412925505673408,0.06720707827558382,-26.75907590759076,-0.025407005426739022,21.981410684474124,31.958410194174757,-3.247870004933399,0.6893203883495146,0.0,0.005392323837147264,0.1865752997975393,1.2020338983050847,0.03208223018221461,286.23619565217393,0.4582637729549249,1.4814814814814814,0.26426514991924716,-0.44353990954651024,-8.452973978086145,-0.08040201005025126,1.4819277108433735,0.2,0.15511551155115522,-0.044317415166931,-0.5348535836867856,Restaurants,Consumer Cyclical,YUM
2020Q1,2020,Q1,2020-05-06,2020-03-31,83000000.0,1263000000.0,250000000.0,0.27,597000000.0,0.47268408551068886,6085000000.0,-8229000000.0,1991000000.0,1500000000.0,14314000000.0,0.0,-7695000000.0,20696060000.0,31048060000.0,-27.248344370860927,1.3273333333333333,1.8908792111750206,-1.3982257868513792,0.06665274721744857,-27.248344370860927,-0.010086280228460323,16.386429136975455,62.33753012048192,-2.515015190181067,1.6987951807228916,0.0,0.00681289095605637,0.2075595727198028,1.11,0.013640098603122432,101.95103448275862,0.47268408551068886,-0.8291139240506329,-0.6674655153488711,-0.30138512131177353,-7.991666569676091,-0.2772397094430993,-0.8299180327868853,-0.5421245421245421,-0.6495860927152317,0.053646123000275756,-0.673719707570088,Restaurants,Consumer Cyclical,YUM
2019Q4,2019,Q4,2020-02-20,2019-12-31,488000000.0,1694000000.0,546000000.0,1.58,826000000.0,0.48760330578512395,5231000000.0,-8016000000.0,1527000000.0,1541000000.0,13247000000.0,0.0,-7628000000.0,30521190000.0,41185190000.0,-26.455445544554454,0.990914990266061,2.1542726056203403,-1.405813373253493,0.1662505950936208,-26.455445544554454,-0.06087824351297405,18.01723140495868,15.635855532786886,-3.807533682634731,0.2581967213114754,0.0,0.004128279401949923,0.3238386541770216,0.7968851395197923,0.09329000191168037,88.46721739130435,0.48760330578512395,0.9506172839506173,9.258807276076444,-0.3831561790154497,-8.541597598673894,0.21649484536082475,0.9137254901960784,0.1375,1.207735380279601,1.7940309746923468,-0.7119330037671375,Restaurants,Consumer Cyclical,YUM
2019Q3,2019,Q3,2019-11-05,2019-09-30,255000000.0,1339000000.0,480000000.0,0.81,679000000.0,0.5070948469006722,5003000000.0,-8097000000.0,1548000000.0,987000000.0,13100000000.0,0.0,-7669000000.0,34709580000.0,44593580000.0,-26.46078431372549,1.56838905775076,2.113731760943434,-1.306039273805113,0.160188457008245,-26.46078431372549,-0.031493145609485,25.92201643017177,34.029,-4.28672100778066,0.5019607843137255,0.0,0.0036877426923633185,0.2676394163501899,1.2340425531914894,0.0509694183489906,89.22771208226222,0.5070948469006722,-0.11956521739130432,-0.08622112211221115,-0.42203729036834364,-5.679491996399359,0.011922503725782414,-0.11764705882352941,0.01910828025477707,-0.47481243301178994,-0.4827140345482785,-4.470795069082485,Restaurants,Consumer Cyclical,YUM
2019Q2,2019,Q2,2019-08-09,2019-06-30,289000000.0,1310000000.0,471000000.0,0.92,671000000.0,0.5122137404580153,4674000000.0,-7994000000.0,1122000000.0,1186000000.0,12668000000.0,0.0,-7614000000.0,33613430000.0,43555430000.0,-26.039087947882734,0.9460370994940978,2.1810012836970474,-1.2752064048036027,0.16411743428984807,-26.039087947882734,-0.03615211408556417,25.659106870229007,29.0773615916955,-4.204832374280711,0.4429065743944637,0.0,0.0038080017421607973,0.28027385537013266,0.663575042158516,0.06183140778776209,260.56922480620153,0.5122137404580153,0.10843373493975914,0.2570364157678128,-0.40601528220018135,-6.1296083148214215,0.05172413793103448,0.10305343511450382,0.08775981524249422,0.1385277641655377,-0.41838051840044355,-26.44479706589183,Restaurants,Consumer Cyclical,YUM
2019Q1,2019,Q1,2019-05-08,2019-03-31,262000000.0,1254000000.0,433000000.0,0.83,638000000.0,0.5087719298245614,4744000000.0,-7904000000.0,1186000000.0,1327000000.0,12648000000.0,0.0,-7580000000.0,30978640000.0,40774640000.0,-25.662337662337663,0.8937452901281085,2.123524451939292,-1.2745445344129556,0.17484703235053864,-25.662337662337663,-0.03314777327935223,24.70385964912281,29.55977099236641,-3.9193623481781374,0.49236641221374045,0.0,0.004164159562847175,0.2643338954468803,0.6186887716654107,0.05522765598650928,121.0103125,0.5087719298245614,-0.20192307692307698,-0.04701689288155458,-0.33189112649465075,-6.042226345083489,-0.1459170013386881,-0.2155688622754491,-0.4156545209176788,-0.09496130467997474,-0.353297332678776,-69.43290043290044,Restaurants,Consumer Cyclical,YUM
2018Q4,2018,Q4,2019-02-21,2018-12-31,334000000.0,1558000000.0,741000000.0,1.04,747000000.0,0.47946084724005134,4130000000.0,-7926000000.0,1207000000.0,1301000000.0,12056000000.0,0.0,-7592000000.0,28770960000.0,38550960000.0,-25.322683706070286,0.9277478862413528,2.438740920096852,-1.2707544789301035,0.26270626922578855,-25.322683706070286,-0.04213979308604592,18.466598202824134,21.5351497005988,-3.62994700984103,0.3383233532934132,0.0,0.003927571412285166,0.37723970944309926,0.6833205226748655,0.08087167070217918,98.19440273037543,0.47946084724005134,-0.25714285714285706,0.47265434494839426,-0.47233963824905756,-6.179108440345862,0.125,-0.2643171806167401,0.3399638336347197,0.6801858844031369,-0.45448840953436787,-13.035918819679948,Restaurants,Consumer Cyclical,YUM
2018Q3,2018,Q3,2018-11-07,2018-09-30,454000000.0,1391000000.0,553000000.0,1.4,664000000.0,0.47735442127965494,4155000000.0,-7458000000.0,1169000000.0,1194000000.0,11613000000.0,0.0,-7141000000.0,28753560000.0,38255560000.0,-23.452830188679247,0.9790619765494137,2.3345367027677497,-1.300616787342451,0.20970274667815988,-23.452830188679247,-0.060874229015821936,20.67114306254493,15.833458149779737,-3.8553982300884955,0.2488986784140969,0.0,0.003929948152507029,0.334777376654633,0.6080402010050251,0.10926594464500601,81.45484419263457,0.47735442127965494,0.4432989690721649,3.2360559417411454,-0.4308221464940646,-5.820978311346555,0.04897314375987362,0.4143302180685358,0.23162583518930957,0.4785401634323786,-0.4434907403838919,-6.602977513569398,Restaurants,Consumer Cyclical,YUM
2018Q2,2018,Q2,2018-08-07,2018-06-30,321000000.0,1368000000.0,449000000.0,0.97,633000000.0,0.46271929824561403,4326000000.0,-7247000000.0,1203000000.0,924000000.0,11573000000.0,0.0,-6965000000.0,25343280000.0,34696280000.0,-22.367283950617285,1.301948051948052,2.234396671289875,-1.3337932937767352,0.16689652297463012,-22.367283950617285,-0.044294190699599834,18.52578947368421,19.737757009345795,-3.4970718918173036,0.3613707165109034,0.0,0.0045771502346973235,0.31622746185852985,0.9090909090909091,0.07420249653259361,170.08912751677852,0.46271929824561403,-0.2362204724409449,0.6006985633320151,-0.33991429445974897,-5.568037298056792,0.030944625407166124,-0.2586605080831409,-0.18806509945750452,0.842356185973207,-0.405761316872428,-7.229766148132411,Restaurants,Consumer Cyclical,YUM
2018Q1,2018,Q1,2018-05-09,2018-03-31,433000000.0,1371000000.0,553000000.0,1.27,614000000.0,0.44784828592268416,4836000000.0,-6754000000.0,1889000000.0,1109000000.0,11590000000.0,0.0,-6539000000.0,28263160000.0,36761160000.0,-20.343373493975903,1.703336339044184,1.9602977667493797,-1.4036126739709802,0.17257162707364287,-20.343373493975903,-0.06411015694403316,20.61499635302699,16.318221709006927,-4.184655019247853,0.27713625866050806,0.0,0.0042458097396044885,0.2834987593052109,1.3372407574391343,0.08953680727874276,192.26639455782313,0.44784828592268416,0.007936507936507943,0.7608862750706088,-0.2588044485634846,-5.036735691129104,-0.2025974025974026,-0.006880733944954129,-0.5448559670781893,0.578030353458031,-0.3101720382674864,-6.219916573146717,Restaurants,Consumer Cyclical,YUM
2017Q4,2017,Q4,2018-02-22,2017-12-31,436000000.0,1577000000.0,1215000000.0,1.26,770000000.0,0.48826886493341787,5311000000.0,-6334000000.0,2507000000.0,1512000000.0,11645000000.0,13000000.0,-6063000000.0,27502570000.0,35784570000.0,-18.795252225519288,1.658068783068783,1.8459800414234608,-1.5478370697821282,0.13980112106913262,-18.795252225519288,-0.0688348594884749,17.439803424223207,15.769822247706422,-4.342053994316387,0.231651376146789,62.07692307692308,0.003672384071743114,0.29693089813594425,1.3869047619047619,0.08209376765204293,123.88545045045045,0.48826886493341787,0.0677966101694916,0.7544576424904684,-0.4850606725966214,-4.987664933640814,0.1702127659574468,0.0430622009569378,0.8895800933125972,7.634324753295148,-0.4836951155503126,-6.3579225801254085,Restaurants,Consumer Cyclical,YUM
2017Q3,2017,Q3,2017-11-08,2017-09-30,418000000.0,1436000000.0,643000000.0,1.18,658000000.0,0.4582172701949861,5454000000.0,-6121000000.0,1999000000.0,1403000000.0,11575000000.0,15000000.0,-5817000000.0,25395450000.0,34266450000.0,-17.742028985507247,1.4248039914468995,1.8061972863953062,-1.6093775526874694,0.1375140699506784,-17.742028985507247,-0.06828949518052606,17.684853760445684,15.188666267942583,-4.148905407613135,0.24880382775119617,51.86666666666667,0.004095221781854624,0.26329299596626327,0.9536707056307911,0.07664099743307665,126.3455223880597,0.4582172701949861,1.0344827586206897,0.18329794762915783,-0.46352853273559363,-4.714762554999241,0.018575851393188854,1.029126213592233,0.5346062052505967,0.3285550294159851,-0.4502363606509208,-4.137612311608668,Restaurants,Consumer Cyclical,YUM
2017Q2,2017,Q2,2017-08-08,2017-06-30,206000000.0,1448000000.0,419000000.0,0.58,646000000.0,0.44613259668508287,5596000000.0,-6102000000.0,1785000000.0,1478000000.0,11698000000.0,31000000.0,-5710000000.0,25816000000.0,34695000000.0,-17.434285714285714,1.2077131258457374,1.7600071479628305,-1.6140609636184857,0.07406911595728888,-17.434285714285714,-0.033759423139954114,17.828729281767956,31.330097087378647,-4.230744018354638,0.5097087378640777,25.870967741935484,0.004067245119305857,0.25875625446747674,0.8971583220568335,0.0368120085775554,335.27272727272725,0.44613259668508287,-0.24675324675324684,-0.17315494173500218,-0.39274891774891774,-4.797162930746069,0.053833605220228384,-0.2642857142857143,-0.13429752066115702,-0.2140633019674937,-0.4241055823078295,-4.434492680464412,Restaurants,Consumer Cyclical,YUM
2017Q1,2017,Q1,2017-05-10,2017-03-31,280000000.0,1417000000.0,484000000.0,0.77,613000000.0,0.4326040931545519,5151000000.0,-5812000000.0,1277000000.0,1558000000.0,10963000000.0,34000000.0,-5433000000.0,22812300000.0,31395300000.0,-16.280112044817926,0.8196405648267009,1.7682003494467093,-1.567102546455609,0.1184913684563946,-16.280112044817926,-0.04817618719889883,16.099011997177136,20.368125,-3.9250344115622853,0.37857142857142856,23.647058823529413,0.004646616079921797,0.27509221510386334,0.5648267008985879,0.054358377014172,107.60518867924529,0.4326040931545519,-0.06097560975609748,-0.2036989468276394,-0.327133697080728,-4.534197992922659,35.05882352941177,0.04868913857677903,6.761904761904762,-0.12133274362376535,-0.3486685423067905,-4.198773663311479,Restaurants,Consumer Cyclical,YUM
2016Q4,2016,Q4,2017-02-22,2016-12-31,267000000.0,-2577000000.0,-84000000.0,0.82,17000000.0,0.006596818005432673,5478000000.0,-5656000000.0,1482000000.0,1369000000.0,11134000000.0,36000000.0,-5223000000.0,23178780000.0,31601780000.0,-15.453551912568306,1.0825420014609204,1.6661190215407082,-1.6136845827439887,-0.03923255875936171,-15.453551912568306,-0.047206506364922206,-8.994481955762515,21.702977528089885,-4.098086987270156,0.6928838951310862,-72.05555555555556,0.007981438194762623,-0.4704271631982475,0.829072315558802,0.04874041621029573,-108.31205607476636,-0.006596818005432673,-0.4743589743589744,-0.0471311475409836,-1.7964138596568184,-4.941800131291422,-0.9829659318637275,-0.5707395498392283,-1.128440366972477,0.006766763699504682,-1.7463880683668143,-4.16062950012362,Restaurants,Consumer Cyclical,YUM
2016Q3,2016,Q3,2016-10-11,2016-09-03,622000000.0,3316000000.0,654000000.0,1.56,998000000.0,0.30096501809408926,10432000000.0,-1896000000.0,4003000000.0,2299000000.0,12262000000.0,255000000.0,-1572000000.0,35773920000.0,42055920000.0,-4.836734693877551,1.7411918225315355,0.8787384969325154,-4.834915611814346,0.10025767363134988,-4.836734693877551,-0.3280590717299578,10.788275030156816,14.378585209003216,-18.868101265822787,0.28938906752411575,9.090196078431372,0.005031598438191845,0.3178680981595092,1.4462809917355373,0.05962423312883436,80.753769751693,0.30096501809408926,0.9259259259259258,0.9430249906751211,0.21177676935160136,-2.1381979786395244,0.229064039408867,0.8348082595870207,0.3319755600814664,3.7080088614393123,0.10071893731526078,-1.994242181831712,Restaurants,Consumer Cyclical,YUM
2016Q2,2016,Q2,2016-07-19,2016-06-11,339000000.0,3008000000.0,491000000.0,0.81,812000000.0,0.2699468085106383,8184000000.0,-389000000.0,1879000000.0,2279000000.0,8515000000.0,255000000.0,-123000000.0,33825000000.0,38393000000.0,-0.948780487804878,0.8244844229925405,0.6553030303030303,-13.7866323907455,0.07332363322536614,-0.948780487804878,-0.87146529562982,11.24501329787234,24.944690265486727,-86.95372750642674,0.551622418879056,8.611764705882353,0.0055284552845528455,0.3675464320625611,0.5221588415971917,0.04142228739002932,626.3888888888889,0.2699468085106383,-0.12903225806451613,0.23239425748687867,0.2271064301552108,-1.247576515100331,-0.03218116805721097,-0.1329923273657289,-0.12943262411347517,0.3358736220814164,0.14697305650742462,-1.1937680348463402,Restaurants,Consumer Cyclical,YUM
2016Q1,2016,Q1,2016-04-26,2016-03-19,391000000.0,2619000000.0,564000000.0,0.93,839000000.0,0.3203512791141657,8221000000.0,156000000.0,1963000000.0,4648000000.0,8011000000.0,210000000.0,454000000.0,32576960000.0,36473960000.0,0.375,0.42233218588640276,0.587641406154969,30.96794871794872,0.08476688346056484,0.375,2.5064102564102564,12.438701794578083,20.82925831202046,208.82666666666668,0.49104859335038364,8.476190476190476,0.005893735940984058,0.31857438267850624,0.2908777969018933,0.04756112395085756,65.28448897795592,0.3203512791141657,0.4761904761904763,0.6839943910256411,0.22798076923076926,-0.9005187885586091,-0.13505154639175257,0.4218181818181818,0.2789115646258503,0.2690096439169139,0.12999260355029585,-0.9255887483645878,Restaurants,Consumer Cyclical,YUM
2015Q4,2015,Q4,2016-02-16,2015-12-26,275000000.0,3951000000.0,441000000.0,0.63,970000000.0,0.24550746646418628,8075000000.0,911000000.0,1688000000.0,3088000000.0,7106000000.0,229000000.0,1150000000.0,32042000000.0,35282000000.0,2.1039260969976907,0.5466321243523317,0.4925077399380805,4.365532381997805,0.06111024888537728,2.1039260969976907,0.3018660812294182,8.109845608706657,29.12909090909091,35.172338090010975,0.72,13.017467248908297,0.006179389551214031,0.4892879256965944,0.3740284974093264,0.034055727554179564,-3560.222222222222,0.24550746646418628,-0.33684210526315783,0.09636553665649605,0.21167559030204636,-0.3685551752031042,0.03965702036441586,-0.34679334916864607,-0.26865671641791045,-0.13874630793374487,0.004091758149177217,-0.5536238503584286,Restaurants,Consumer Cyclical,YUM
2015Q3,2015,Q3,2015-10-15,2015-09-05,421000000.0,3427000000.0,603000000.0,0.95,933000000.0,0.2722497811496936,8306000000.0,1825000000.0,1919000000.0,2642000000.0,6421000000.0,230000000.0,2079000000.0,34396040000.0,36752040000.0,4.185779816513762,0.7263436790310371,0.3873103780399711,1.7627397260273974,0.08922528866106146,4.185779816513762,0.23068493150684932,10.036778523489932,20.42520190023753,18.84714520547945,0.42042755344418054,10.843478260869565,0.005145941218814724,0.4125933060438237,0.46025738077214234,0.050686250902961714,54.42411392405063,0.2722497811496936,0.7924528301886791,0.27934751882404346,0.2990298373498998,0.27241250206363066,0.15185185185185185,0.7914893617021277,0.6253369272237197,-0.056954751748183575,0.013068703231959179,-0.12359639708860709,Restaurants,Consumer Cyclical,YUM
2015Q2,2015,Q2,2015-07-21,2015-06-13,235000000.0,3105000000.0,371000000.0,0.53,810000000.0,0.2608695652173913,8294000000.0,1569000000.0,1729000000.0,2689000000.0,6669000000.0,279000000.0,1726000000.0,39815070000.0,42578070000.0,3.5903890160183067,0.6429899590925995,0.40981432360742703,2.1663479923518163,0.05214199277744429,3.5903890160183067,0.14977692797960485,12.822888888888889,42.356457446808506,25.376080305927342,0.7531914893617021,8.225806451612904,0.004445552902456281,0.3743670122980468,0.3666790628486426,0.028333735230286955,156.7522440944882,0.2608695652173913,-0.34567901234567905,-0.1106319309980636,0.3056680161943321,0.4780278542877798,0.02402022756005057,-0.35082872928176795,-0.26679841897233203,-0.24454015638070603,0.04291267942583742,-0.2180183173543267,Restaurants,Consumer Cyclical,YUM
2015Q1,2015,Q1,2015-04-27,2015-03-21,362000000.0,2622000000.0,506000000.0,0.81,791000000.0,0.3016781083142639,8305000000.0,1707000000.0,1783000000.0,2290000000.0,6542000000.0,276000000.0,1978000000.0,34693980000.0,37405980000.0,3.8972602739726026,0.7786026200873363,0.4078266104756171,1.984182776801406,0.07597256326818523,3.8972602739726026,0.2120679554774458,13.231876430205949,23.959930939226517,20.324534270650265,0.49171270718232046,6.634057971014493,0.005130573085013596,0.3157134256472005,0.4576419213973799,0.04358819987959061,120.04837370242214,0.3016781083142639,5.05,0.6255328823964077,0.2100242427782808,0.7711422529846728,-0.1278941565600882,5.209302325581396,12.767441860465116,-0.1608841299276186,0.014812299302333853,-0.1539561029891409,Restaurants,Consumer Cyclical,YUM
2014Q4,2014,Q4,2015-02-17,2014-12-27,-86000000.0,3997000000.0,-43000000.0,-0.2,907000000.0,0.22692019014260695,8345000000.0,1547000000.0,1646000000.0,2411000000.0,6741000000.0,301000000.0,1737000000.0,32254740000.0,35020740000.0,3.507936507936508,0.6827042720862713,0.40071899340922706,2.1616031027795732,-0.012604907464657238,3.507936507936508,-0.055591467356173235,8.069737302977233,-93.76377906976744,20.849864253393665,-2.0813953488372094,10.26578073089701,0.005549571938884021,0.47896944278010783,0.3973454997926172,-0.01030557219892151,546.6905084745763,0.22692019014260695,-1.2247191011235956,-1.4279415469891663,0.27669992216797556,0.6222067363530777,0.06705882352941177,-1.2128712871287128,-1.0781818181818181,-1.2547198654742797,0.025182147780055706,-0.10521641459655723,Restaurants,Consumer Cyclical,YUM
2014Q3,2014,Q3,2014-10-14,2014-09-06,404000000.0,3354000000.0,550000000.0,0.89,850000000.0,0.2534287418008348,9177000000.0,2505000000.0,2070000000.0,2112000000.0,6609000000.0,266000000.0,2462000000.0,32055480000.0,34757480000.0,5.654627539503386,0.9801136363636364,0.36907486106570775,1.3520958083832335,0.07206667655083976,5.654627539503386,0.16127744510978043,9.557388193202147,19.83631188118812,12.796598802395211,0.4034653465346535,9.413533834586467,0.005084933995684981,0.36547891467799937,0.6553030303030303,0.04402310123133922,114.07644128113878,0.2534287418008348,0.21917808219178087,0.28876333112555924,0.2863794372748149,1.958962526214632,0.011904761904761904,0.20958083832335328,0.14822546972860126,0.11673906252762724,0.08455979183415119,0.33066749424339587,Restaurants,Consumer Cyclical,YUM
2014Q2,2014,Q2,2014-07-22,2014-06-14,334000000.0,3204000000.0,479000000.0,0.73,840000000.0,0.26217228464419473,8810000000.0,2264000000.0,1882000000.0,2153000000.0,6484000000.0,282000000.0,2258000000.0,35336580000.0,37904580000.0,5.076233183856503,0.8741291221551324,0.35925085130533485,1.3979681978798586,0.06627044063772743,5.076233183856503,0.14752650176678445,11.028895131086143,26.44953592814371,15.60803003533569,0.4880239520958084,8.382978723404255,0.004612783693271958,0.36367763904653805,0.5494658615884812,0.037911464245175934,127.11,0.26217228464419473,-0.16091954022988508,0.1616273734996819,0.3636561211848996,4.012247051286883,0.0,-0.16290726817042606,-0.16112084063047286,0.11620877561446344,0.2015612260497351,0.32460156764344206,Restaurants,Consumer Cyclical,YUM
2014Q1,2014,Q1,2014-04-28,2014-03-22,399000000.0,2724000000.0,571000000.0,0.87,840000000.0,0.30837004405286345,8705000000.0,2275000000.0,1809000000.0,2150000000.0,6370000000.0,258000000.0,2248000000.0,33645690000.0,35930690000.0,5.089485458612975,0.8413953488372093,0.34681217690982197,1.327032967032967,0.07999130670479171,5.089485458612975,0.1753846153846154,12.351574889867841,21.08125939849624,14.789314285714287,0.41102756892230574,7.3023255813953485,0.004874324170495537,0.31292360712234346,0.5060465116279069,0.045835726593911545,84.53690954773869,0.30837004405286345,0.20065420560747665,0.9080721630441475,0.2809135024354212,13.117263236390752,-0.1984732824427481,0.24299065420560748,0.0,0.5992729306487696,0.1886362692866533,0.35015514409643145,Restaurants,Consumer Cyclical,YUM
2013Q4,2013,Q4,2014-02-18,2013-12-28,321000000.0,4179000000.0,571000000.0,0.7246049661399548,1048000000.0,0.2507776980138789,8695000000.0,2166000000.0,1691000000.0,2265000000.0,6466000000.0,294000000.0,2102000000.0,32724410000.000004,35140410000.0,4.889390519187359,0.7465783664459161,0.3437607820586544,1.3799630655586335,0.08347217130207585,4.889390519187359,0.1481994459833795,7.830679588418283,25.486300623052962,15.108222530009236,0.5109034267912772,10.649659863945578,0.00501154948248112,0.48062104657849336,0.433112582781457,0.03691776883266245,138.66275423728814,0.2507776980138789,1.1957726246665297,0.6552250697118576,0.2994290266896828,22.096814647604713,0.12446351931330472,1.111842105263158,0.6314285714285715,0.25086915687663736,0.25266767471542495,0.4674376367865613,Restaurants,Consumer Cyclical,YUM
2013Q3,2013,Q3,2013-10-15,2013-09-07,152000000.0,3466000000.0,350000000.0,0.33,932000000.0,0.26889786497403345,8730000000.0,2194000000.0,1830000000.0,1989000000.0,6470000000.0,300000000.0,2326000000.0,31394110000.0,33573110000.0,4.864745011086474,0.9200603318250377,0.3358533791523482,1.3363719234275295,0.02932373773387133,4.864745011086474,0.06927985414767548,9.05773514137334,51.63504934210526,14.309074749316318,0.9868421052631579,8.446666666666667,0.004777966312789246,0.3970217640320733,0.5535444947209653,0.01741122565864834,52.58644891122278,0.26889786497403345,-0.4590163934426229,-0.4382852919438285,0.27408033099090007,5.247076926805034,0.32011331444759206,-0.45907473309608543,-0.10256410256410256,-0.5534604085536654,0.2701164118559426,0.4788074487428678,Restaurants,Consumer Cyclical,YUM
2013Q2,2013,Q2,2013-07-16,2013-06-15,281000000.0,2904000000.0,390000000.0,0.61,706000000.0,0.24311294765840222,8764000000.0,2223000000.0,1605000000.0,1990000000.0,6479000000.0,319000000.0,2324000000.0,32283940000.0,34769940000.0,4.89647577092511,0.8065326633165829,0.3407120036513008,1.343229869545659,0.05772132675397437,4.89647577092511,0.12640575798470535,11.117059228650138,28.722366548042704,14.522690058479531,0.5338078291814946,6.890282131661442,0.004646273038544862,0.3313555454130534,0.42814070351758793,0.0320629849383843,347.1391397849462,0.24311294765840222,-0.15277777777777776,0.32630585273757085,0.15729678478856116,3.0383305327217407,-0.044654939106901215,-0.1661721068249258,-0.19917864476386038,0.023636055574381688,0.17542076132384504,1.0156945514774385,Restaurants,Consumer Cyclical,YUM
2013Q1,2013,Q1,2013-04-29,2013-03-23,337000000.0,2535000000.0,487000000.0,0.72,739000000.0,0.29151873767258385,8945000000.0,2293000000.0,1898000000.0,2089000000.0,6587000000.0,288000000.0,2413000000.0,31708950000.0,33891950000.0,5.039560439560439,0.9085686931546194,0.3292342090553382,1.2843436546009595,0.06850746568597899,5.039560439560439,0.14696903619712168,12.508461538461539,23.522959940652818,13.828587003924989,0.44807121661721067,6.236111111111111,0.004762062446091718,0.2833985466741196,0.5409286740067017,0.03767467859139184,193.34725609756097,0.29151873767258385,0.0,0.41716708488362053,0.12446606549596576,5.462338716692279,-0.2880539499036609,0.0,-0.03564356435643564,0.4567324791391182,0.12616509290283265,1.2902700367705162,Restaurants,Consumer Cyclical,YUM
2012Q4,2012,Q4,2013-02-20,2012-12-29,337000000.0,4153000000.0,505000000.0,0.72,1038000000.0,0.24993980255237178,9011000000.0,2154000000.0,1909000000.0,2188000000.0,6758000000.0,313000000.0,2286000000.0,29577040000.0,31743040000.0,4.713347921225383,0.8724862888482633,0.32648984574409057,1.3658310120705663,0.07191512591080626,4.713347921225383,0.1564531104921077,7.1218492655911385,21.941424332344216,13.73121634168988,0.44807121661721067,9.952076677316294,0.00510531141723445,0.460881145266896,0.5173674588665448,0.03739873487959161,537.7643636363637,0.24993980255237178,-0.28,0.551450737446361,0.3539357122062018,1.011138796940769,0.04426559356136821,-0.28450106157112526,-0.2473919523099851,0.6182227084852905,0.28008557651977983,1.17963601430325,Restaurants,Consumer Cyclical,YUM
2012Q3,2012,Q3,2012-10-16,2012-09-08,471000000.0,3569000000.0,671000000.0,1.0,994000000.0,0.27850938638274025,8974000000.0,2197000000.0,2079000000.0,2057000000.0,6680000000.0,291000000.0,2450000000.0,30245000000.0,32324000000.0,4.776086956521739,1.0106951871657754,0.3366391798529084,1.375056895766955,0.09619344618453878,4.776086956521739,0.21438324988620847,8.47436256654525,16.053609341825904,13.766499772416932,0.2781316348195329,8.848797250859107,0.004331294428831212,0.39770447960775573,0.6047642197374817,0.05248495654111879,48.62540192926045,0.27850938638274025,0.4492753623188407,0.9690635442753621,0.5711987168156074,0.7439460641671253,0.23785803237858033,0.4229607250755287,0.4186046511627907,0.44696693569382967,0.31825210504898754,1.499238407403837,Restaurants,Consumer Cyclical,YUM
2012Q2,2012,Q2,2012-07-24,2012-06-16,331000000.0,3168000000.0,473000000.0,0.69,803000000.0,0.2534722222222222,9177000000.0,2135000000.0,2231000000.0,2313000000.0,6950000000.0,305000000.0,2378000000.0,30220349999.999996,32547349999.999996,4.591397849462366,0.964548205793342,0.36079328756674295,1.5508196721311476,0.06648726683298085,4.591397849462366,0.15503512880562062,9.539251893939392,22.82503776435045,14.154730679156906,0.3957703927492447,7.754098360655738,0.0043348273597096,0.34521085322000655,0.5650670125378296,0.03606843194943882,138.62545871559632,0.2534722222222222,-0.28125000000000006,0.7361657503768465,0.502324947381332,0.6448083109349747,-0.012300123001230012,-0.27729257641921395,-0.26666666666666666,0.10415557684800736,0.2932409192766688,3.533523086654017,Restaurants,Consumer Cyclical,YUM
2012Q1,2012,Q1,2012-04-25,2012-03-24,458000000.0,2743000000.0,645000000.0,0.96,813000000.0,0.2963908129784907,9343000000.0,2142000000.0,2425000000.0,2391000000.0,7064000000.0,291000000.0,2362000000.0,32847600000.0,35073600000.0,4.606451612903226,1.014219991635299,0.3558814085411538,1.5522875816993464,0.08945569349109007,4.606451612903226,0.2138188608776844,11.97506379876048,17.92991266375546,15.335014005602241,0.28602620087336245,6.632302405498282,0.0039881148089967,0.2935887830461308,0.6022584692597239,0.04902065717649577,109.492,0.2963908129784907,0.29729729729729726,1.7009865868528988,0.4117084826762244,0.679665701209401,-0.20760233918128654,0.28651685393258425,0.27218934911242604,1.1054355331952255,0.23991832419088077,11.77741935483871,Restaurants,Consumer Cyclical,YUM
2011Q4,2011,Q4,2012-02-21,2011-12-31,356000000.0,4111000000.0,507000000.0,0.74,1026000000.0,0.2495743128192654,8834000000.0,1823000000.0,2321000000.0,2450000000.0,6918000000.0,273000000.0,2052000000.0,27439650000.0,29558650000.0,3.9204301075268817,0.9473469387755102,0.37548109576635724,1.8195282501371366,0.07638571199473315,3.9204301075268817,0.19528250137136588,6.674689856482607,19.26941713483146,15.051919912232583,0.36797752808988765,11.300366300366301,0.004774113372437331,0.46536110482227755,0.6057142857142858,0.04029884537016074,342.995625,0.2495743128192654,-0.07500000000000007,0.7555802743789397,0.5594620803742051,0.45140488323194217,0.17525773195876287,-0.07049608355091384,0.0389344262295082,0.7488509382247522,0.21780693473693596,17.91592990840303,Restaurants,Consumer Cyclical,YUM
2011Q3,2011,Q3,2011-10-11,2011-09-03,383000000.0,3274000000.0,488000000.0,0.8,873000000.0,0.2666463042150275,8549000000.0,1993000000.0,2351000000.0,2267000000.0,6466000000.0,186000000.0,2082000000.0,24692850000.0,26683850000.0,4.249466950959488,1.0370533745037493,0.37747104924552577,1.6191670847967887,0.07975062176514083,4.249466950959488,0.1921726041144004,7.542104459376909,16.11804830287206,12.389789262418464,0.3028720626631854,12.908602150537634,0.00469771614050221,0.38296876827699144,0.6691662990736656,0.04480056146917768,44.3318671454219,0.2666463042150275,0.23076923076923078,0.8991421631871699,0.6391228067807208,0.7115743185208852,0.18292682926829268,0.2120253164556962,0.16467780429594273,0.36105188343994327,0.1573124551091857,4.45696575669661,Restaurants,Consumer Cyclical,YUM
2011Q2,2011,Q2,2011-07-19,2011-06-11,316000000.0,2816000000.0,419000000.0,0.65,738000000.0,0.26207386363636365,8207000000.0,1805000000.0,1841000000.0,1711000000.0,6319000000.0,173000000.0,1907000000.0,24868800000.0,27201800000.0,3.8322717622080678,1.075978959672706,0.4006336054587547,1.821606648199446,0.06898664015969631,3.8322717622080678,0.17506925207756233,8.83125,19.674683544303797,13.777728531855956,0.3670886075949367,12.011560693641618,0.004664479186772181,0.34312172535640306,0.7305669199298656,0.038503716339710004,96.3906976744186,0.26207386363636365,0.20370370370370366,0.8898956356157112,0.4819374472084862,0.47520661173697193,0.005449591280653951,0.19696969696969696,0.04488778054862843,0.4376706096451318,0.08172217007065657,2.1606365049138705,Restaurants,Consumer Cyclical,YUM
2011Q1,2011,Q1,2011-04-26,2011-03-19,264000000.0,2425000000.0,401000000.0,0.54,734000000.0,0.302680412371134,8426000000.0,1783000000.0,2436000000.0,2288000000.0,6567000000.0,156000000.0,1960000000.0,24123000000.0,26299000000.0,3.7695560253699787,1.0646853146853146,0.4397104201281747,2.0779584969153113,0.05449523185171914,3.7695560253699787,0.14806505888951205,9.94762886597938,22.84375,13.529444756029164,0.44696969696969696,10.83974358974359,0.0048915972308585165,0.2877996676952291,0.8041958041958042,0.031331592689295036,72.00895522388059,0.302680412371134,-0.03571428571428574,0.812311901504788,0.35732428856069476,0.564507463161074,-0.210752688172043,-0.0364963503649635,-0.08863636363636364,0.06793627540743462,0.034737977004066695,3.8337842436142737,Restaurants,Consumer Cyclical,YUM
2010Q4,2010,Q4,2011-02-15,2010-12-25,274000000.0,3562000000.0,440000000.0,0.56,930000000.0,0.2610892756878158,8316000000.0,1576000000.0,2313000000.0,2448000000.0,6647000000.0,189000000.0,1717000000.0,23489180000.0,25651180000.0,3.331923890063425,0.9448529411764706,0.4314574314574315,2.2766497461928936,0.06114471249744144,3.331923890063425,0.17385786802030456,6.5943795620437955,21.431733576642333,14.904302030456853,0.42700729927007297,13.925925925925926,0.004981016791561051,0.42833092833092834,0.6870915032679739,0.03294853294853295,142.35866666666666,0.2610892756878158,-0.24324324324324317,0.598816067653277,0.43391575574284924,0.2693043390717809,0.13276492082825822,-0.23249299719887956,-0.19117647058823528,0.21874742593558663,0.12197992645143049,0.4216988679287309,Restaurants,Consumer Cyclical,YUM
2010Q3,2010,Q3,2010-10-12,2010-09-04,357000000.0,2862000000.0,544000000.0,0.74,821000000.0,0.28686233403214534,8088000000.0,1556000000.0,2175000000.0,2301000000.0,6445000000.0,149000000.0,1681000000.0,20977550000.0,23332550000.0,3.2896405919661733,0.9452411994784876,0.44868941641938676,2.332262210796915,0.07609667595412428,3.2896405919661733,0.2294344473007712,7.329682040531097,14.690161064425771,13.481715938303342,0.27450980392156865,13.697986577181208,0.004671660894623061,0.3538575667655786,0.6618861364624077,0.04413946587537092,41.87135728542914,0.28686233403214534,0.25423728813559326,1.0126849906048092,0.539436292712399,0.17330514515327697,0.17959770114942528,0.24825174825174826,0.2921615201900237,0.45145552057787164,0.2253238538472193,0.20118327306625264,Restaurants,Consumer Cyclical,YUM
2010Q2,2010,Q2,2010-07-20,2010-06-12,286000000.0,2574000000.0,421000000.0,0.59,696000000.0,0.2703962703962704,7145000000.0,1149000000.0,1464000000.0,2213000000.0,5919000000.0,138000000.0,1325000000.0,19866000000.0,22571000000.0,2.429175475687104,0.6615454134658835,0.45276417074877534,2.815491731940818,0.07322682144714288,2.429175475687104,0.24891209747606616,7.717948717948718,17.365384615384617,17.289817232375977,0.34265734265734266,13.608695652173912,0.004933051444679351,0.3602519244226732,0.3569814731134207,0.04002799160251924,71.71841155234657,0.2703962703962704,0.17999999999999994,0.8604651150354431,0.4543254940105207,-0.09650278225878084,0.04504504504504504,0.18672199170124482,0.1565934065934066,0.47475893501412725,0.199993962330887,-0.12977961350105413,Restaurants,Consumer Cyclical,YUM
2010Q1,2010,Q1,2010-04-21,2010-03-20,241000000.0,2345000000.0,364000000.0,0.5,666000000.0,0.28400852878464816,7141000000.0,1043000000.0,1404000000.0,1596000000.0,6024000000.0,113000000.0,1138000000.0,17983560000.0,20910560000.0,2.20042194092827,0.8796992481203008,0.47206273631144097,3.2320230105465004,0.0625507637533825,2.20042194092827,0.23106423777564716,7.66889552238806,18.655145228215765,17.24214765100671,0.4107883817427386,14.858407079646017,0.005505027925505295,0.3283853801988517,0.4680451127819549,0.03374877468141717,78.53082969432315,0.28400852878464816,0.11111111111111108,0.8379589590376602,0.40180321200990976,-0.2502075119319361,-0.19951923076923078,0.11574074074074074,-0.029333333333333333,0.39427552307625385,0.18395903206029787,-0.19765286321189887,Restaurants,Consumer Cyclical,YUM
2009Q4,2009,Q4,2010-02-17,2009-12-26,216000000.0,3365000000.0,375000000.0,0.45,832000000.0,0.2472511144130758,7148000000.0,1025000000.0,1208000000.0,1653000000.0,6034000000.0,122000000.0,996000000.0,16770120000.000002,19683120000.0,2.1624472573839664,0.7307924984875983,0.45691102406267486,3.1863414634146343,0.05972258039535983,2.1624472573839664,0.21073170731707316,4.983690936106984,19.409861111111113,16.36109268292683,0.4583333333333333,20.762295081967213,0.005903356684388662,0.4707610520425294,0.35813672111312767,0.0302182428651371,-729.1356521739132,0.2472511144130758,-0.3478260869565217,0.12857527605709662,0.4835579392314161,-0.210944010158327,0.12129380053908356,-0.3532934131736527,-0.20212765957446807,0.04495853339153211,0.25223841341257314,-0.19942801605548363,Restaurants,Consumer Cyclical,YUM
2009Q3,2009,Q3,2009-10-13,2009-09-05,334000000.0,2778000000.0,470000000.0,0.69,742000000.0,0.26709863210943124,7121000000.0,902000000.0,1206000000.0,1534000000.0,6132000000.0,116000000.0,979000000.0,16066880000.0,19019880000.0,1.9110169491525424,0.7861799217731421,0.474231147310771,3.7439024390243905,0.08725507968714849,1.9110169491525424,0.37028824833702884,5.78361411087113,12.026107784431137,17.81250554323725,0.2634730538922156,17.551724137931036,0.005477105698181601,0.39011374806909144,0.4335071707953064,0.04690352478584468,33.68318658280923,0.26709863210943124,0.09523809523809515,1.2113347457627117,0.5615459295587308,-0.2702730028211271,0.14506172839506173,0.10231023102310231,0.19289340101522842,0.6456444621775977,0.38196137049485857,-0.23029227661387072,Restaurants,Consumer Cyclical,YUM
2009Q2,2009,Q2,2009-07-21,2009-06-13,303000000.0,2476000000.0,394000000.0,0.63,648000000.0,0.2617124394184168,6924000000.0,476000000.0,1071000000.0,1552000000.0,6367000000.0,134000000.0,646000000.0,16454700000.0,19808700000.0,1.0127659574468084,0.6900773195876289,0.525418833044483,7.642857142857143,0.08349226531044714,1.0127659574468084,0.6365546218487395,6.645678513731825,13.57648514851485,34.568697478991595,0.29042904290429045,13.64179104477612,0.005348016068357369,0.35759676487579434,0.36211340206185566,0.043760831889081454,-16454.7,0.2617124394184168,0.3695652173913043,1.1137077097192496,0.40541036256876234,-0.5591736393575237,0.06754530477759473,0.38990825688073394,0.1225071225071225,0.8160023959441489,0.3057827030832537,-0.6101427223139245,Restaurants,Consumer Cyclical,YUM
2009Q1,2009,Q1,2009-04-28,2009-03-21,218000000.0,2217000000.0,351000000.0,0.46,607000000.0,0.2737934145241317,6570000000.0,168000000.0,1065000000.0,1505000000.0,6394000000.0,124000000.0,521000000.0,12400260000.0,15753260000.0,0.3605150214592275,0.707641196013289,0.554337899543379,21.678571428571427,0.06770332399725203,0.3605150214592275,1.2976190476190477,5.593261163734777,14.220481651376145,73.81107142857142,0.39908256880733944,12.983870967741936,0.00701598192295968,0.33744292237442924,0.38006644518272426,0.033181126331811264,80.52116883116884,0.2737934145241317,0.06976744186046518,0.9173668621169075,0.40551839829197617,-0.8239767260996054,-0.20757180156657964,0.06862745098039216,-0.025,0.5190103509214846,0.25954240899126196,-0.8503727128981251,Restaurants,Consumer Cyclical,YUM
2008Q4,2008,Q4,2008-12-31,2008-12-31,204000000.0,3383000000.0,360000000.0,0.43,766000000.0,0.2264262488915164,6527000000.0,-108000000.0,951000000.0,1722000000.0,6635000000.0,143000000.0,303000000.0,14679000000.0,18052000000.0,-0.2317596566523605,0.5522648083623694,0.5498697717174812,-33.23148148148148,0.07376708324711773,-0.2317596566523605,-1.8888888888888888,4.339048182086905,17.988970588235293,-135.91666666666666,0.43137254901960786,18.3006993006993,0.0059949587846583555,0.5183085644246974,0.2584204413472706,0.031254787804504365,-1129.1538461538462,0.2264262488915164,-0.2586206896551724,0.19056596205527251,0.5925820473704559,-1.1204322501532802,0.07735583684950774,-0.2765957446808511,-0.11547911547911548,0.20824034334763955,0.3823147540886527,-1.088289393010423,Restaurants,Consumer Cyclical,YUM
2008Q3,2008,Q3,2008-09-30,2008-09-30,282000000.0,2835000000.0,407000000.0,0.58,711000000.0,0.2507936507936508,6820000000.0,366000000.0,1138000000.0,1703000000.0,6454000000.0,157000000.0,349000000.0,15326700000.0,18651700000.0,0.7787234042553192,0.6682325308279506,0.5306451612903226,9.887978142076502,0.08000418235048097,0.7787234042553192,0.7704918032786885,5.4062433862433865,13.5875,41.87622950819672,0.3120567375886525,13.528662420382165,0.005741614307058923,0.4156891495601173,0.32002348796241925,0.041348973607038125,53.58986013986014,0.2507936507936508,0.28888888888888875,1.151219512195122,0.7831905266198134,-0.5434801977047581,0.1321656050955414,0.25892857142857145,0.2920634920634921,0.6000000009345794,0.534646798024113,-0.722255318986702,Restaurants,Consumer Cyclical,YUM
2008Q2,2008,Q2,2008-06-30,2008-06-30,224000000.0,2653000000.0,315000000.0,0.45,628000000.0,0.23671315491895967,6826000000.0,582000000.0,1156000000.0,1646000000.0,6244000000.0,139000000.0,504000000.0,16843200000.000002,19921200000.0,1.2125,0.7023086269744836,0.49853501318488136,5.847079037800687,0.06732471101230374,1.2125,0.3848797250859107,6.348737278552583,18.798214285714288,28.940206185567014,0.3169642857142857,14.568345323741006,0.004215351002184857,0.38866100205098153,0.34143377885783716,0.032815704658658074,391.70232558139537,0.23671315491895967,-0.09999999999999998,1.241530054644809,0.6729704717630856,-0.14394578313253018,-0.4562770562770563,-0.11811023622047244,-0.25707547169811323,0.43589743493761135,0.47710112207288286,-0.5490278954831933,Restaurants,Consumer Cyclical,YUM
2008Q1,2008,Q1,2008-03-31,2008-03-31,254000000.0,2408000000.0,424000000.0,0.5,1155000000.0,0.4796511627906977,6913000000.0,379000000.0,1300000000.0,1960000000.0,6534000000.0,130000000.0,374000000.0,18084060000.0,21287060000.0,0.779835390946502,0.6632653061224489,0.5329090120063649,9.720316622691293,0.07144615168243029,0.779835390946502,0.6701846965699209,7.509991694352159,17.799271653543308,47.715197889182065,0.2952755905511811,9.638461538461538,0.004147298781357726,0.3483292347750615,0.3821428571428571,0.036742369448864456,76.95344680851063,0.4796511627906977,0.08695652173913039,1.6176356793640743,0.6112504167751426,-0.3377050158048548,0.5277777777777778,0.09956709956709957,0.28484848484848485,0.8892722950693962,0.40392128577782593,-0.7342715471130772,Restaurants,Consumer Cyclical,YUM
2007Q4,2007,Q4,2008-02-25,2007-12-29,231000000.0,3262000000.0,330000000.0,0.46,756000000.0,0.2317596566523605,7242000000.0,1139000000.0,1481000000.0,2062000000.0,6103000000.0,128000000.0,0.0,18730440000.0,21153440000.0,2.343621399176955,0.7182347235693501,0.4435238884286109,2.820017559262511,0.0634786605777782,2.343621399176955,0.20280948200175591,5.742011036174127,20.27103896103896,16.444635645302895,0.3333333333333333,19.578125,0.004110955215147108,0.4504280585473626,0.4917555771096023,0.03189726594863297,398.52,0.2317596566523605,-0.07999999999999996,0.6193654895205284,0.5982094334164406,1.312057474608915,0.12166172106824925,-0.14444444444444443,-0.1770573566084788,0.1771473601260835,0.4026375867189752,-0.14483532644452185,Restaurants,Consumer Cyclical,YUM
2007Q3,2007,Q3,2007-10-16,2007-09-08,270000000.0,2564000000.0,401000000.0,0.5,674000000.0,0.2628705148205928,6598000000.0,1422000000.0,1165000000.0,1866000000.0,5176000000.0,96000000.0,1541000000.0,16464807684.99,18372807684.989998,2.738666667883852,0.6243301178992497,0.36602000606244317,1.6983122362869199,0.07773376669531336,2.738666667883852,0.189873417721519,6.421531858420437,15.245192300916665,11.57862706398734,0.2851851851851852,19.6875,0.00467664132331144,0.38860260685056075,0.40568060021436225,0.04092149136101849,40.95723304723881,0.2628705148205928,0.282051282051282,1.101224490729796,0.5317054837094786,2.052097562332098,0.13468013468013468,0.2616822429906542,0.29354838709677417,0.6250000007222223,0.3101533158985246,0.045767283599968275,Restaurants,Consumer Cyclical,YUM
2007Q2,2007,Q2,2007-07-20,2007-06-16,214000000.0,2367000000.0,310000000.0,0.39,594000000.0,0.2509505703422053,6430000000.0,1457000000.0,1104000000.0,1695000000.0,4973000000.0,98000000.0,1579000000.0,17803756114.2,19761756114.2,2.7914485955220107,0.6513274336283186,0.3723172628304821,1.643102264927934,0.06333343516580872,2.7914485955220107,0.14687714481811942,7.521654463117871,20.79878050724299,12.219461986410431,0.3691588785046729,18.091836734693878,0.004437265905759675,0.3681181959564541,0.40589970501474926,0.03328149300155521,139.0918446421875,0.2509505703422053,0.1142857142857144,0.7395714269456608,0.5244677325771359,3.1871728932830163,-0.4515235457063712,0.10309278350515463,-0.0189873417721519,0.34426229466083985,0.20981428978962538,0.21503306488177373,Restaurants,Consumer Cyclical,YUM
2007Q1,2007,Q1,2007-05-03,2007-03-24,194000000.0,2223000000.0,316000000.0,0.35,1083000000.0,0.48717948717948717,6379000000.0,1459000000.0,1041000000.0,1488000000.0,4920000000.0,97000000.0,1613000000.0,15813700000.0,17714700000.0,2.742481203007519,0.6995967741935484,0.3514657469822856,1.536668951336532,0.05915775659088277,2.742481203007519,0.13296778615490062,7.113675213675213,20.3784793814433,10.838725154215215,0.20618556701030927,11.75257731958763,0.0025294523103385038,0.34848722370277474,0.415994623655914,0.03041229032763756,63.76491935483871,0.48717948717948717,-0.16666666666666669,0.7436355808877032,0.5350114179500798,5.159238807245386,2.493793103448276,-0.16379310344827586,-0.03951367781155015,0.49459917399131637,0.23448150833937645,0.33903025180400687,Restaurants,Consumer Cyclical,YUM
