Quarters,Year,Quarter,FillingDate,Date,NetIncome,Revenue,OperatingIncome,EPSDiluted,GrossProfit,GrossProfitRatio,TotalAssets,CommonStockEquity,CurrentAssets,CurrentLiability,TotalLiability,Inventory,RetainedEarnings,MarketCap,EnterpriseValue,bookValuePerShare,currentRatio,debtToAssets,debtToEquity,roic,shareholdersEquityPerShare,roe,priceToSalesRatio,peRatio,pbRatio,payoutRatio,inventoryTurnover,dividendYield,assetTurnover,quickRatio,returnOnAssets,priceToFreeCashFlowsRatio,grossProfitMargin,epsdilutedGrowth,fiveYNetIncomeGrowthPerShare,fiveYRevenueGrowthPerShare,fiveYShareholdersEquityGrowthPerShare,grossProfitGrowth,netIncomeGrowth,operatingIncomeGrowth,threeYNetIncomeGrowthPerShare,threeYRevenueGrowthPerShare,threeYShareholdersEquityGrowthPerShare,Industry,Sector,Symbol
2023Q1,2023,Q1,2023-05-05,2023-03-31,-19442000.0,45957000.0,9168000.0,-0.49,28237000.0,0.6144221773,1575876000.0,791132000.0,98997000.0,45573000.0,784357000.0,0.0,242318000.0,275123700.0,947750700.0,19.84129611516565,2.1722730564149826,0.5737723018816201,1.142911675927658,0.09134546632839545,19.84129611516565,-0.02457491290960295,5.9865461191983815,-3.537749459932106,0.34775953949530547,-0.504011932928711,0.0,0.03561670623068823,0.029162827532115472,1.8127399995611437,-0.012337265114767914,19.81730893899013,0.6144221772526492,-0.6333333333333334,-1.3737357824327692,0.318487317452357,0.8045591432794887,0.022709163346613544,-0.6333697387213307,0.05634289664707916,-33.22526533880995,0.5644146424806041,1.0567061324069091,REIT—Office,Real Estate,CIO
2022Q4,2022,Q4,2023-02-23,2022-12-31,-11903000.0,44613000.0,8679000.0,-0.3,27610000.0,0.6188779055,1574439000.0,802831000.0,88691000.0,44900000.0,771265000.0,0.0,251542000.0,332845220.00000006,1195257220.0,20.212769707193033,1.9753006681514476,0.5656611656596413,1.1093231327639317,0.004958018530737901,20.212769707193033,-0.014826283489302232,7.460722659314551,-6.990784256069898,0.4145893967721725,-0.8231538267663614,0.0,0.02943710593170002,0.028335807230384917,1.61728285077951,-0.007560153172018732,34.94438005249344,0.6188779055432273,-7.3559322033898304,-7.691290139521217,0.11262499321354592,0.7360126630760773,-0.017787264318747775,-6.984414278531926,-0.040888495966405126,-6.699302616716353,0.554201873934854,0.9935475210290292,REIT—Office,Real Estate,CIO
2022Q3,2022,Q3,2022-11-07,2022-09-30,1989000.0,45522000.0,9049000.0,0.0472,28110000.0,0.6175036246,1584279000.0,824145000.0,81381000.0,47012000.0,759943000.0,0.0,273843000.0,412269470.0,1251373470.0,19.930473265459117,1.7310686633200034,0.543538101559132,1.0448598244241,0.0049073102526338685,19.930473265459117,0.002413410261543782,9.056488511049603,51.81868652589241,0.500238999205237,5.246354952237305,0.0,0.02531111508208454,0.02873357533616238,1.3126861226920785,0.001255460685901915,18.58492854888879,0.6175036246210623,1.3599999999999999,1.8200645453334745,0.3460393043149446,0.9983499337655726,-0.019258949131253925,-0.31390134529147984,-0.03188188723654649,2.8439644525503067,0.20389966979576915,0.81729562588133,REIT—Office,Real Estate,CIO
2022Q2,2022,Q2,2022-08-04,2022-06-30,2899000.0,45498000.0,9347000.0,0.02,28662000.0,0.6299617566,1611377000.0,875110000.0,106897000.0,205225000.0,735384000.0,0.0,281735000.0,565034400.0,1193048400.0,20.05660982764943,0.5208770861249847,0.4060911878474125,0.7477528539269349,0.005746305220171355,20.05660982764943,0.0033127264001097004,12.418884346564685,48.72666436702311,0.6456724297516884,3.644705070714039,0.0,0.0186997464225187,0.028235478103510226,0.31113655743695945,0.001799082399711551,9.368834355828222,0.629961756560728,-0.9807692307692307,-0.800224839925776,0.25416362690051264,0.9431291759556745,0.010541903183725276,-0.9372211875785006,0.028046634403871534,1.2783419489584482,0.003990066491043541,1.1157842433842784,REIT—Office,Real Estate,CIO
2022Q1,2022,Q1,2022-05-05,2022-03-31,46178000.0,44852000.0,9092000.0,1.04,28363000.0,0.6323686792,1632183000.0,886228000.0,83111000.0,196587000.0,745056000.0,0.0,289388000.0,769163640.0,1404883640.0,20.3477981356477,0.42276956258552195,0.4058748314374062,0.747507413442139,0.010906041157415877,20.3477981356477,0.05210622999950351,17.148926246321235,4.164123825198146,0.8679071751287479,0.22881025596604443,0.0,0.013736998800411314,0.027479761766909715,0.3164400494437577,0.028292170669587908,52.470403165290946,0.6323686792116293,-0.8925619834710745,22.328528072196395,0.19652306482925672,0.9316920879919812,0.12802258988227808,-0.8919663766461337,-0.9792791458231253,39.52036227638928,0.09763252919879087,1.08903180859397,REIT—Office,Real Estate,CIO
2021Q4,2021,Q4,2022-02-25,2021-12-31,427441000.0,39672000.0,438785000.0,9.68,25144000.0,0.6337971365,1601513000.0,869616000.0,72681000.0,180701000.0,730918000.0,0.0,275502000.0,858884880.0,1491211880.0,19.96638655462185,0.40221692187646996,0.40814404878386873,0.7516513035638719,0.2842420880951986,19.96638655462185,0.49152844473882723,21.649649122807016,0.5023411886084863,0.9876599326599326,0.019626100444271842,0.0,0.009767315964393274,0.024771575379032202,0.286307214680605,0.26689823935241236,114.65557068482178,0.6337971365194596,484.99999999999994,73.53291671818575,0.04252051059711361,0.9150928669907787,-0.1536571409337238,492.58083140877596,60.27426337103756,58.06317773999522,0.0542164733335171,0.986726126009885,REIT—Office,Real Estate,CIO
2021Q3,2021,Q3,2021-11-03,2021-09-30,866000.0,44889000.0,7161000.0,-0.02,29709000.0,0.6618325202165342,1152383000.0,445787000.0,217784000.0,133429000.0,705835000.0,0.0,-146930000.0,777874440.0,1363511440.0,10.235271157643385,1.6322088901213379,0.5235533672398847,1.3534131771451388,0.006800640842401963,10.235271157643385,0.0019426317950052379,17.328843146427854,224.55959584295613,1.7449464430322104,9.685912240184757,0.0,0.010783231288586883,0.038953195248454725,0.3516327035352135,0.0007514862680202675,25.8894508420422,0.6618325202165342,-1.5235602094240839,1.2442871636949997,0.30999323780178123,0.5646591503293348,0.15218150087260035,-0.4789410348977136,-0.0775473399458972,1.5752367431489902,0.15191377095657463,-0.07528522117882652,REIT—Office,Real Estate,CIO
2021Q2,2021,Q2,2021-08-05,2021-06-30,1662000.0,39964000.0,7763000.0,0.0382,25785000.0,0.6452056851166049,1128152000.0,452515000.0,68771000.0,127876000.0,674728000.0,0.0,-139358000.0,540481260.0,1139597260.0,10.406950002299801,0.5377944258500422,0.5429321580779894,1.3535683899981217,0.007252584836931287,10.406950002299801,0.0036728064263063104,13.524203282954659,81.2998285198556,1.1943941305813068,5.0324909747292415,0.0,0.015475097138428075,0.03542430452634042,0.3584879101629704,0.001473205738233855,26.808256534894102,0.6452056851166049,-0.9642990654205608,-0.9312641090830966,0.18393474561883683,0.41342672020280014,0.015237420269312544,-0.9659544830694226,-0.05120997311170863,2.7306554643819427,0.09831547687057668,-0.025375135471765068,REIT—Office,Real Estate,CIO
2021Q1,2021,Q1,2021-05-07,2021-03-31,48817000.0,39516000.0,8182000.0,1.07,25398000.0,0.6427269966595809,1088151000.0,458692000.0,65384000.0,83095000.0,628538000.0,0.0,-132556000.0,460876139.99999994,1018762140.0,10.569670714565524,0.7868584150670919,0.5263754754625047,1.2487159139466135,0.007889215436712718,10.569670714565524,0.10642653458093884,11.663026116003643,2.3602235901427777,1.004761670140312,0.17135424135034927,0.0,0.01815021276649297,0.0363148129257796,0.566688729767134,0.04486233987746186,29.687976037103834,0.6427269966595809,124.05230563002681,3.016875921769229,-0.2858231762335982,1.3014940036628797,0.008097165991902834,129.87667560321717,0.1080715059588299,-0.13778805963608923,0.041637165648097725,-0.038692038125281464,REIT—Office,Real Estate,CIO
2020Q4,2020,Q4,2021-02-25,2020-12-31,373000.0,39840000.0,7384000.0,0.008556419608652766,25194000.0,0.6323795180722892,1157292000.0,416926000.0,124973000.0,108240000.0,739417000.0,0.0,-172958000.0,425903610.0,1077840610.0,9.564058449751107,1.1545916481892091,0.5851954390076143,1.624369792241309,0.006711488697994825,9.564058449751107,0.0008946431740884473,10.690351656626506,285.45818364611256,1.0215328619467243,22.423592493297587,0.0,0.01963824631587415,0.03442519260480501,0.5383684405025868,0.0003223041375901674,34.64884559062805,0.6323795180722892,-0.5721790195673617,1.0690136988795846,-0.3478707860167359,0.8182532261217154,-0.044777251184834124,-0.8707553707553708,-0.14537037037037037,1.2481522370445617,-0.0947088785416495,-0.1785724163641402,REIT—Office,Real Estate,CIO
2020Q3,2020,Q3,2020-11-05,2020-09-30,2886000.0,41261000.0,8640000.0,0.02,26375000.0,0.6392234797993263,1172812000.0,424100000.0,91117000.0,113736000.0,747694000.0,0.0,-164917000.0,327819360.0,967953360.0,9.728626155575437,0.8011271716958571,0.5785522317302347,1.5999363357698655,0.007789980678323387,9.728626155575437,0.006804998821032775,7.945017328712344,28.397380457380454,0.7729765621315726,2.9466389466389464,0.0,0.0259411158633218,0.03518125667199858,0.6432000422029964,0.0024607524479626744,20.117788278613073,0.6392234797993263,1.6666666666666667,1.3304336255181999,-0.1922162832060398,0.7375979671868322,0.03297693181373125,5.5,0.11397627643115008,2.1287008154494376,0.15729856730310932,-0.024549032294324397,REIT—Office,Real Estate,CIO
2020Q2,2020,Q2,2020-08-06,2020-06-30,444000.0,39617000.0,7756000.0,-0.03,25533000.0,0.6444960496756443,1211911000.0,439551000.0,120831000.0,135259000.0,771256000.0,0.0,-159390000.0,478272520.0,1116030520.0,9.245530267973582,0.893330573196608,0.5815583817623572,1.6034476090374041,0.006736393024584881,9.245530267973582,0.0010101216923633434,12.072406290228942,269.2975900900901,1.088093349804687,21.68018018018018,0.0,0.020126600625099682,0.03268969421021841,0.7406826902461204,0.00036636353659633424,23.22049424673496,0.6444960496756443,-0.4999999999999999,1.064225864055383,-0.11433557799769127,0.5718545547022321,0.00412930627654554,-0.46116504854368934,0.008320332813312533,-0.9719195595868529,0.0022386650905135757,-0.10427236879712384,REIT—Office,Real Estate,CIO
2020Q1,2020,Q1,2020-05-07,2020-03-31,824000.0,40122000.0,7692000.0,-0.02,25428000.0,0.6337670106176163,1298217000.0,525363000.0,202255000.0,132739000.0,771745000.0,0.0,-151264000.0,393731340.0,953253340.0,9.647122553160234,1.5237044124183547,0.5438466758638965,1.3438917472300105,0.006208242466896638,9.647122553160234,0.0015684393457476068,9.813352774039181,119.45732402912621,0.7494462685800104,17.820388349514563,0.0,0.037294465815192655,0.030905464956937093,1.351403882807615,0.0006347166922016889,36.66368749418009,0.6337670106176163,-2.0,1.2500573991183002,-0.1965033577456959,0.5544316435747121,0.03791991509857545,-0.7100633356790992,0.136860774460538,1.3043822593513277,-0.14397155910020484,-0.08416280800519958,REIT—Office,Real Estate,CIO
2019Q4,2019,Q4,2020-02-26,2019-12-31,2842000.0,39061000.0,6766000.0,0.02,24499000.0,0.6271984844218018,1228474000.0,548008000.0,124149000.0,35446000.0,679342000.0,0.0,-142383000.0,730742480.0,1267863480.0,10.139096005476512,3.502482649664278,0.4943124559412735,1.1081042612516605,0.005815452635776981,10.139096005476512,0.005186055678019299,18.707725864673204,64.28065446868403,1.3334522123764616,5.163265306122449,0.0,0.02008094561575235,0.03179635873449499,2.8844157309710545,0.0023134392750680925,59.72069957502452,0.6271984844218018,1.2857142857142858,1.3833781932344316,-0.3494791552479009,0.19869095808181844,-0.002564937708655647,3.5580558055805582,0.0020734597156398106,1.3886184558619976,-0.17285003851469927,-0.02750002436830424,REIT—Office,Real Estate,CIO
2019Q3,2019,Q3,2019-11-01,2019-09-30,-1111000.0,38946000.0,6752000.0,-0.07,24562000.0,0.6306681045550249,1190017000.0,467100000.0,78270000.0,77686000.0,721857000.0,0.0,-128823000.0,612884490.0,1252296490.0,10.96710572656195,1.0075174420101434,0.547633353136972,1.395189466923571,0.005988172649518073,10.96710572656195,-0.0023785056733033614,15.736776305653983,-137.91280153015302,1.3121055234425176,-10.054905490549055,0.0,0.018226925598981952,0.0327272635601004,0.5679916587287285,-0.000933600108233748,32.90654979865772,0.6306681045550249,-2.5,0.8790657098717696,-0.2507062750414813,1.336892790989992,-0.07817601801463689,-1.9610726643598615,-0.2220301878096555,0.6795155045893987,0.16225705862023243,0.6765342181364687,REIT—Office,Real Estate,CIO
2019Q2,2019,Q2,2019-08-01,2019-06-30,1156000.0,41171000.0,8679000.0,-0.02,26645000.0,0.6471788394743873,1149594000.0,375768000.0,61884000.0,178585000.0,772796000.0,0.0,-114565000.0,484797200.0,1182886200.0,9.479515640766902,0.34652406417112297,0.6173222894343569,1.8885855102084266,0.007928293658369927,9.479515640766902,0.003076366268548679,11.7752107065653,104.84368512110727,1.2901503055076537,9.662629757785467,0.0,0.02304056211545776,0.035813513292518924,0.23848027549906206,0.0010055724020828223,30.660080951176322,0.6471788394743873,0.7142857142857143,1.1075775131343637,-0.0029173063343269157,0.8290601488366959,0.1447413644956178,2.061524334251607,0.3230182926829268,-0.9475571546713866,0.33790752836929333,0.2874666158941275,REIT—Office,Real Estate,CIO
2019Q1,2019,Q1,2019-05-06,2019-03-31,-1089000.0,37120000.0,6560000.0,-0.07,23276000.0,0.6270474137931035,1144625000.0,385375000.0,80483000.0,186257000.0,758239000.0,0.0,-104449000.0,453019250.0,1132694250.0,9.740300770883357,0.43210724966041547,0.6071761493939063,1.803409665909828,0.006018492184217238,9.740300770883357,-0.002825819007460266,12.204182381465516,-103.99890955004591,1.1755283814466428,-10.236914600550964,0.0,0.024608225809388894,0.032429835098831496,0.22999404049243788,-0.0009514032980233701,160.3040516631281,0.6270474137931035,0.6818181818181818,-1.0996274546828442,-0.058427487940620915,1.5117688875737747,0.11251314405888538,0.8398764887516542,29.898678414096917,0.9506503005264426,-0.2641500218029482,1.120902762577921,REIT—Office,Real Estate,CIO
2018Q4,2018,Q4,2019-02-27,2018-12-31,-6801000.0,34167000.0,-227000.0,-0.22,20922000.0,0.6123452454122399,1100431000.0,397413000.0,79365000.0,190749000.0,702054000.0,0.0,-92108000.0,405326000.0,1034542000.0,10.049893789196844,0.41607033326518095,0.5864556705509023,1.6238874923568176,-0.0002158504603225015,10.049893789196844,-0.017113179488340846,11.86308426259256,-14.8995000735186,1.0199112761786857,-1.639170710189678,0.0,0.027503787075095112,0.03104874362863278,0.22140614105447473,-0.006180305716578322,33.47588371324744,0.6123452454122399,-1.7500000000000002,0.5169745122562613,0.18017996200652794,2.023958520395259,0.030945106928156104,-4.247685185185185,-1.044817374136229,-0.38718826972851333,-0.383465570664672,0.9106169102159023,REIT—Office,Real Estate,CIO
2018Q3,2018,Q3,2018-11-01,2018-09-30,-1296000.0,33547000.0,5065000.0,-0.08,20294000.0,0.6049423197305274,1013875000.0,415005000.0,61619000.0,92009000.0,598124000.0,0.0,-74079000.0,465300540.0,997620540.0,11.068570971355417,0.6697062243910922,0.5385437060781655,1.3156853531885158,0.005223189517734095,11.068570971355417,-0.003122853941518777,13.87010880257549,-89.75704861111112,1.1211926121372031,-7.9830246913580245,0.0,0.022235091323986,0.03308790531377142,0.42144790183569,-0.0012782640858093946,24.857125914845877,0.6049423197305274,-0.14285714285714277,-2.5416891680677303,0.04909286761182401,2.456639833342144,0.09768498485504111,-0.6240601503759399,0.06609134918964428,0.827476645963234,-0.23640334671588287,0.976921110126958,REIT—Office,Real Estate,CIO
2018Q2,2018,Q2,2018-08-02,2018-06-30,-798000.0,30236000.0,4751000.0,-0.07,18488000.0,0.6114565418706178,907339000.0,385814000.0,60499000.0,88676000.0,521189000.0,0.0,-61556000.0,463573560.0,928528560.0,10.677903243662128,0.6822477333213045,0.528589645105082,1.2431119658695642,0.0054418854512320695,10.677903243662128,-0.0020683541810302374,15.331841513427703,-145.22981203007518,1.201546755690566,-12.964912280701755,0.0,0.022317925120664776,0.03332381833030433,0.41729442013622625,-0.0008794948745727892,48.516332810047096,0.6114565418706178,-1.0564516129032258,0.8733593487194801,0.5205368490238711,0.0,-0.0713747551358682,-1.01695599515543,-0.21315004968532628,0.8481148469700827,-0.11059944454045748,0.8153756855201735,REIT—Office,Real Estate,CIO
2018Q1,2018,Q1,2018-05-04,2018-03-31,47063000.0,31534000.0,6038000.0,1.24,19909000.0,0.6313502885774085,860035000.0,396626000.0,63980000.0,29589000.0,463095000.0,0.0,-50332000.0,417003880.0,820283880.0,10.995093283064897,2.1622900402176484,0.4904323661246345,1.0634426386570723,0.007306477571122593,10.995093283064897,0.11865838346452326,13.22394494830976,2.215136519133927,1.051378074054651,0.21923804262371716,0.0,0.02474317505151271,0.03666594964158435,1.3330967589306837,0.05472219153871645,231.02708033240998,0.6313502885774085,14.777777777777779,166.9253040247878,1.0693149875501908,0.0,0.03305313408053134,45.1906103286385,0.15737013609354034,22.561130657778254,-0.046633292798393344,0.7716288799143619,REIT—Office,Real Estate,CIO
2017Q4,2017,Q4,2018-03-01,2017-12-31,-1065000.0,31181000.0,5217000.0,-0.09,19272000.0,0.6180686956800616,896489000.0,359624000.0,95541000.0,68476000.0,536657000.0,0.0,-86977000.0,401839870.0,879047870.0,11.643215592320393,1.3952479700917109,0.5460290087218025,1.3611688875047272,0.006081964881520013,11.643215592320393,-0.002961426378662158,12.887331066995927,-94.32860798122066,1.1173889117522746,-8.418779342723004,0.0,0.022312370347919934,0.03478124104144055,0.47298323500204453,-0.0011879677274344693,36.28678616579375,0.6180686956800616,0.25,0.5637387458484349,1.4298691391593166,14.168187637062985,0.3709895425766522,0.4,0.6499051233396584,0.7486002302515069,-0.09130145186901463,0.37651495221794906,REIT—Office,Real Estate,CIO
2017Q3,2017,Q3,2017-11-07,2017-09-30,-1775000.0,24750000.0,3162000.0,-0.12,14057000.0,0.567959595959596,878460000.0,301817000.0,104691000.0,153707000.0,576335000.0,0.0,-75522000.0,416707740.0,929925740.0,9.973465071707091,0.6811075617896387,0.6057350363135487,1.7630352167041619,0.0037501601112001934,9.973465071707091,-0.005881047124582114,16.836676363636364,-58.691230985915496,1.3806635809116121,-5.051830985915493,0.0,0.021518678774721103,0.028174305033809167,0.24250034155894007,-0.0020205814721216673,30.769234290777522,0.567959595959596,-1.4444444444444444,-3.6160999049624123,-0.04104197664835717,2.1146456694840756,-0.029413795484360974,-1.176388750869522,-0.15409309791332262,0.7280719751148597,-0.3298305144835977,1.1251658558204864,REIT—Office,Real Estate,CIO
2017Q2,2017,Q2,2017-08-04,2017-06-30,10063000.0,25157000.0,3738000.0,0.27,14483000.0,0.5757045752673212,757347000.0,312307000.0,151577000.0,25133000.0,444437000.0,0.0,-64781000.0,384263900.0,727224900.0,10.32180982913045,6.030995106035889,0.5428291126788645,1.316364987015981,0.00512599695018266,10.32180982913045,0.03222149999839901,15.274631315339667,9.546454834542383,1.2304043777436944,0.890887409321276,0.0,0.023330320646826313,0.03321727028693584,3.4607886046234033,0.013287172194515856,42.80538041662025,0.5757045752673212,3.4545454545454546,2.907057786476208,0.5107673788919209,0.0,-0.08259960727180592,7.8595773687798225,0.20736434108527133,2.2268710526753477,-0.20180979703226737,0.9915797112188809,REIT—Office,Real Estate,CIO
2017Q1,2017,Q1,2017-05-05,2017-03-31,-1467000.0,25399000.0,3096000.0,-0.11,15787000.0,0.6215599039332257,748034000.0,310859000.0,95048000.0,25732000.0,435378000.0,0.0,-65877000.0,358558650.0,708690650.0,10.533665412896886,3.6937665163998137,0.5357563960996425,1.2892147243605623,0.004313299339630527,10.533665412896886,-0.004719181365184859,14.117038072365053,-61.10406441717791,1.153444648538405,-6.379004771642808,0.0,0.02609893806773313,0.03395433897389691,2.7528757966734028,-0.001961140803760257,121.17561676241974,0.6215599039332257,0.47619047619047616,-5.322101499863791,1.0373352232651005,0.0,0.23557955701651404,0.5553197938769324,1.6016806722689076,-1.1799320437897667,-0.13624680692362973,1.716356884514034,REIT—Office,Real Estate,CIO
2016Q4,2016,Q4,2017-03-03,2016-12-31,-3299000.0,21303000.0,1190000.0,-0.21,12777000.0,0.5997746796225883,661494000.0,254202000.0,49534000.0,78555000.0,405435000.0,0.0,-53608000.0,321110940.0,677464940.0,10.425805922401771,0.6305645725924511,0.5594260870091037,1.455759592764809,0.0018932132283103788,10.425805922401771,-0.012977867994744338,15.073507956625827,-24.33396029099727,1.2632116977836525,-1.74022431039709,0.0,0.017878556239784293,0.0322043737358162,0.39411877028833303,-0.004987195651056548,50.49708130209152,0.5997746796225883,-1.625,-0.7119290139256514,1.1030035922600279,12.582208389484656,0.12019989479221463,-0.6970164609053497,-0.27394752898108604,0.6199936455449592,0.19342031624183448,2.1370684419495483,REIT—Office,Real Estate,CIO
2016Q3,2016,Q3,2016-11-07,2016-09-30,-1944000.0,18791000.0,1639000.0,-0.08,11406000.0,0.6069927092757171,487429000.0,156238000.0,45619000.0,21882000.0,330832000.0,0.0,-42798000.0,304043320.0,594790320.0,6.541534081393402,2.084772872680742,0.6211550810477013,1.9378704284489048,0.0035540193595392567,6.541534081393402,-0.01244255558826918,16.18026289180991,-39.100221193415635,1.946026702850779,-2.950617283950617,0.0,0.018865732685723863,0.038551255670056565,1.1903847911525454,-0.003988273163886433,27.209890817970287,0.6069927092757171,-1.1666666666666665,-4.630302315411876,-0.07750323716003875,1.0428768388825442,0.1572646103896104,-1.168647523206385,-0.03870967741935484,-4.630302315411876,-0.07750323716003875,1.0428768388825442,REIT—Office,Real Estate,CIO
2016Q2,2016,Q2,2016-08-04,2016-06-30,11527000.0,16092000.0,1705000.0,0.48,9856000.0,0.6124782500621426,476082000.0,152626000.0,77749000.0,34618000.0,313407000.0,0.0,-35124000.0,269062420.0,551247420.0,7.362921510926721,2.245912531053209,0.6088047857301894,1.8990276885982729,0.003835908604134232,7.362921510926721,0.07552448468806101,16.720259756400697,5.835482345796825,1.7628871882903305,0.4945779474277783,0.0,0.02118839189805845,0.03380089984498469,0.6407360332774857,0.024212215542700626,-98.95638837808018,0.6124782500621426,1.857142857142857,4.188601067475534,0.41057533839166205,0.0,-0.02579816151032915,2.619188088214637,1.3531483015741508,4.188601067475534,0.41057533839166205,0.0,REIT—Office,Real Estate,CIO
2016Q1,2016,Q1,2016-05-05,2016-03-31,-7119000.0,16274000.0,-4828000.0,-0.56,10117000.0,0.6216664618409733,439058000.0,58619000.0,40357000.0,74967000.0,372159000.0,0.0,-41660000.0,145509600.0,482428600.0,4.592525853964275,0.5383301986207265,0.7860396576306548,5.887459697367747,-0.011895170728221958,4.592525853964275,-0.1214452651870554,8.94123141206833,-5.109903076274757,2.482294136713352,-0.5145385587863464,0.0,0.025173596793613615,0.037065717968924376,0.32016754038443584,-0.016214258708416654,33.581721670897764,0.6216664618409733,-3.6666666666666674,-69.93286046728527,2.018125661229716,0.0,-0.07072655460641132,-3.586984536082474,-3.0685518423307627,-69.93286046728527,2.018125661229716,0.0,REIT—Office,Real Estate,CIO
2015Q4,2015,Q4,2016-03-04,2015-12-31,-1552000.0,17543000.0,2334000.0,-0.12,10887000.0,0.6205894088810352,443600000.0,65845000.0,39263000.0,65061000.0,369880000.0,0.0,-29598000.0,152469240.0,489002240.0,5.260025563189008,0.6034798112540539,0.7769860234445446,5.234581213455844,0.005653960194569873,5.260025563189008,-0.023570506492520314,8.691172547454824,-24.56012242268041,2.3155781000835294,-2.3002577319587627,0.0,0.023414558897256913,0.039546889089269614,0.3461367024792118,-0.0034986474301172228,90.1118439716312,0.6205894088810352,0.4000000000000001,-0.5686625686078353,2.373164260730431,5.852493118037187,0.19716296459203872,0.3789515806322529,232.4,-0.5686625686078353,2.373164260730431,5.852493118037187,REIT—Office,Real Estate,CIO
2015Q3,2015,Q3,2015-11-06,2015-09-30,-2499000.0,14615000.0,10000.0,-0.2,9094000.0,0.6222374273007184,451316000.0,69835000.0,42008000.0,67425000.0,372526000.0,0.0,-25104000.0,141693280.0,476123280.0,5.598893610198028,0.6230329996292177,0.7643114802045573,4.939442972721415,2.3962714016989565e-05,5.598893610198028,-0.03578434882222381,9.695058501539513,-14.174997999199679,2.028972291830744,-1.4657863145258103,0.0,0.025851614134417666,0.032383075273201035,0.3439673711531331,-0.0055371402742202805,20.577008422887015,0.6222374273007184,-0.3333333333333335,-9.936118687671618,0.3738835327523105,0.7484965968723752,0.21140269082189955,-0.38987764182424917,-0.9875311720698254,-9.936118687671618,0.3738835327523105,0.7484965968723752,REIT—Office,Real Estate,CIO
2015Q2,2015,Q2,2015-08-07,2015-06-30,-1798000.0,11634000.0,802000.0,-0.15,7507000.0,0.6452638817259756,347077000.0,72730000.0,34293000.0,46913000.0,265187000.0,0.0,-19664000.0,153326000.0,383128000.0,5.881924787707238,0.7309914096305928,0.694644127960078,3.314931940052248,0.0025458862668164993,5.881924787707238,-0.02472157294101471,13.179130135808837,-21.31896551724138,2.108153444245841,-2.0022246941045605,0.0,0.02347938379661636,0.033519939379446057,0.4887344659262891,-0.0051804066532786675,52.61702127659574,0.6452638817259756,-1.5,0.16620783036262296,0.7096198554072503,0.0,0.050958980820383595,-1.4199192462987886,-0.4184191443074692,0.16620783036262296,0.7096198554072503,0.0,REIT—Office,Real Estate,CIO
2015Q1,2015,Q1,2015-05-08,2015-03-31,-743000.0,11259000.0,1379000.0,-0.06,7143000.0,0.634425792699174,296593000.0,76206000.0,42786000.0,9014000.0,209415000.0,0.0,-15634000.0,156311670.0,321995670.0,6.206205717077938,4.746616374528511,0.6394925031946135,2.488898511928195,0.005170022119746561,6.206205717077938,-0.009749888460226229,13.883264055422329,-52.59477456258412,2.0511727423037556,-4.806191117092867,0.0,0.02284538320139501,0.037961111691779646,3.6872642556023965,-0.0025051164390258703,58.52177836016473,0.634425792699174,0.5714285714285715,-6.6955752765650836,1.1705341417094364,0.0,1.0441967763334499,0.42802155504234024,1.677524328774358,-6.6955752765650836,1.1705341417094364,0.0,REIT—Office,Real Estate,CIO
2014Q4,2014,Q4,2015-03-24,2014-12-31,-1299000.0,10521911.0,515028.0,-0.14,3494282.0,0.33209575713004985,301506000.0,80111000.0,54768000.0,9863000.0,210271000.0,0.0,-11320000.0,121230003.2,276308003.2,8.4584737518179,5.552874378992193,0.6299708795181522,2.3709602925940256,0.0019028807679091987,8.4584737518179,-0.016215001685161837,11.521671605091509,-23.331409391839877,1.5132753704235373,-2.0708237105465743,0.0,0.022189226503295183,0.03489784946236559,4.343810199736389,-0.004308371972697061,67.12624761904762,0.33209575713004985,0.3636363636363636,-0.7353287737216792,1.6740101479826073,10.019268343306265,-0.5157674674104824,0.2649380544794641,-0.1350550679658609,-0.7353287737216792,1.6740101479826073,10.019268343306265,REIT—Office,Real Estate,CIO
2014Q3,2014,Q3,2014-11-14,2014-09-30,-1767198.0,9998420.0,595446.0,-0.22,7216124.0,0.7217264327763787,252165765.0,38449588.0,29958427.0,15939509.0,199635868.0,0.0,-7136038.0,111259785.7,282008894.7,4.693029037894327,1.8795075180797602,0.7122469816630342,4.671163316496395,0.0027226222513041616,4.693029037894327,-0.045961428767455195,11.12773675240688,-15.739575545581198,2.8936535210728396,-1.1849260807221376,0.0,0.018820807417751478,0.03965018804198103,1.0180525636015514,-0.007008080577472521,35.925019599612526,0.7217264327763787,0.0833333333333333,-10.62056009514807,0.4309186617363115,0.4656012192900444,0.17802787222208707,0.19093935288809616,-0.030893774372261682,-10.62056009514807,0.4309186617363115,0.4656012192900444,REIT—Office,Real Estate,CIO
2014Q2,2014,Q2,2014-08-14,2014-06-30,-2184259.0,8393209.0,614428.0,-0.24,6125597.0,0.7298277690928464,229254469.0,41759915.0,31660134.0,7350945.0,171964037.0,0.0,-3443504.0,102169366.28,246995891.28,5.182724934877613,4.3069474741002685,0.6761153345281133,3.711752334744934,0.0031117453299181457,5.182724934877613,-0.05230515914603753,12.172860973675265,-11.693824573917286,2.446589421458353,0.0,0.0,0.0,0.036610884998712935,2.239647419481441,-0.009527661595988342,146.58445664275467,0.7298277690928464,-1.4343537630419243,-0.5544076798597761,0.8927410700792511,0.0,0.07883023579257412,-1.9868989339231133,-0.30970824593668794,-0.5544076798597761,0.8927410700792511,0.0,REIT—Office,Real Estate,CIO
2014Q1,2014,Q1,2014-03-31,2014-03-31,2213255.0,7982461.0,890099.0,0.552545,5677999.0,0.7113093317962969,199740485.0,31066081.0,21167871.0,6468134.0,167733590.0,0.0,0.0,99338012.0,252198045.0,3.877865045255788,3.2726395278762004,0.7979786371300741,5.13063234464624,0.004663913098222456,3.877865045255788,0.07124345681066112,12.44453458651411,11.22080510379509,3.197635775172285,0.608605876864618,0.0,0.013559764010578347,0.03996416149685428,1.8638403286017267,0.011080652978288303,45.42204481024234,0.7113093317962969,2.5518349319143354,36.13605118191487,1.358700656154872,0.0,0.47516280573001346,1.7759174964837072,0.34316855946858693,36.13605118191487,1.358700656154872,0.0,REIT—Office,Real Estate,CIO
2013Q4,2013,Q4,2013-12-31,2013-12-31,-2852436.0,5865051.0,662686.0,-0.3560591327315872,3849066.0,0.656271531142696,143639341.0,26624375.0,19472744.0,4485809.0,115931226.0,0.0,0.0,99338012.0,202126678.0,3.323423162525137,4.34096592164312,0.7652251064003419,4.128413530834057,0.004847450537166581,3.323423162525137,-0.1071362614145872,16.93728017028326,-8.706419004668291,3.731092729876288,-0.09636675459151406,0.0,0.0027671179890332415,0.04083178716337887,2.632311808193349,-0.01985832001276029,115.58471514557752,0.656271531142696,-8.94048153992077,-3.5050010186821567,0.7621650676121685,3.3295862493340818,-0.23214360523641553,-16.88092242252831,-0.6183084492294011,-3.5050010186821567,0.7621650676121685,3.3295862493340818,REIT—Office,Real Estate,CIO
2013Q3,2013,Q3,2013-09-30,2013-09-30,179614.0,6832376.0,1736182.0,0.044841,5012742.0,0.7336747860480747,142084445.0,25652589.0,19443360.0,4888951.0,115364104.0,0.0,0.0,99338012.0,200697339.0,3.202118677390081,3.977000383108769,0.7665351685752793,4.2456815567426744,0.012885778678378177,3.202118677390081,0.007001788396485049,14.539306970225292,138.26596479116327,3.8724361116143093,1.741812998986716,0.0,0.003149388574436138,0.048086727579503864,2.4263194701685493,0.0012641355638894885,20.342552171069258,0.7336747860480747,1.2571209918811148,0.0,0.0,0.0,0.578291937639619,1.1285608250728467,5.388841982861043,0.0,0.0,0.0,REIT—Office,Real Estate,CIO
2013Q2,2013,Q2,2013-06-30,2013-06-30,-1397113.0,4408889.0,-395590.0,-0.17439649587511374,3176055.0,0.7203753598695726,,,,,,,,99338012.0,,,0.0,0.0,0.0,0.0,,0.0,22.531302557174836,-17.775586513045116,0.0,-0.6522493169843814,0.0,0.009173386719275195,0.0,0.0,0.0,74.16577659483129,0.7203753598695726,-10.08969196713174,0.0,0.0,0.0,0.3062514317723707,-21.17956533473036,-1.515274980917671,0.0,0.0,0.0,REIT—Office,Real Estate,CIO
2013Q1,2013,Q1,2013-03-31,2013-03-31,-62991.0,3384262.0,767726.0,-0.015726,2431427.0,0.7184511719246323,,,,,,,,99338012.0,,,0.0,0.0,0.0,0.0,,0.0,29.352931894752828,-394.2547824292359,0.0,0.0,0.0,0.0,0.0,0.0,0.0,671.6838546526566,0.7184511719246323,0.8010284261597578,0.0,0.0,0.0,0.1567543111384298,0.9005150267463292,1.0215764444421038,0.0,0.0,0.0,REIT—Office,Real Estate,CIO
2012Q4,2012,Q4,2012-12-31,2012-12-31,-633171.0,3328321.0,379766.0,-0.07903641558681485,2101939.0,0.6315313336664342,61016126.0,6149404.0,7478168.0,847966.0,55006264.0,0.0,0.0,99338012.0,149487996.0,0.767607565973839,8.818947929516042,0.8728282749383335,8.660449045143237,0.00637463780238136,0.767607565973839,-0.10296461250553712,29.84628345643344,-39.22242648510434,16.15408777826274,-6.017429730673072,0.0,0.038354522335317116,0.05454821894133364,6.347412514180993,-0.01037710915963429,-710.1151762098792,0.6315313336664342,0.0,0.0,0.0,0.0,0.0,0.0,0.0,0.0,0.0,0.0,REIT—Office,Real Estate,CIO
