Quarters,Year,Quarter,FillingDate,Date,NetIncome,Revenue,OperatingIncome,EPSDiluted,GrossProfit,GrossProfitRatio,TotalAssets,CommonStockEquity,CurrentAssets,CurrentLiability,TotalLiability,Inventory,RetainedEarnings,MarketCap,EnterpriseValue,bookValuePerShare,currentRatio,debtToAssets,debtToEquity,roic,shareholdersEquityPerShare,roe,priceToSalesRatio,peRatio,pbRatio,payoutRatio,inventoryTurnover,dividendYield,assetTurnover,quickRatio,returnOnAssets,priceToFreeCashFlowsRatio,grossProfitMargin,epsdilutedGrowth,fiveYNetIncomeGrowthPerShare,fiveYRevenueGrowthPerShare,fiveYShareholdersEquityGrowthPerShare,grossProfitGrowth,netIncomeGrowth,operatingIncomeGrowth,threeYNetIncomeGrowthPerShare,threeYRevenueGrowthPerShare,threeYShareholdersEquityGrowthPerShare,Industry,Sector,Symbol
2023Q4,2023,Q4,2023-05-18,2023-03-31,85893000.0,617559000.0,125631000.0,1.06,222421000.0,0.3601615392,2901125000.0,977367000.0,1017489000.0,378802000.0,1906265000.0,463994000.0,626215000.0,6783452339.999999,7891221339.999999,12.13306601782655,2.686070823279708,0.4566838726356155,1.355577792170188,0.0426323891304123,12.13306601782655,0.08788203407727087,10.984298407115755,19.74390328664734,6.940537525821927,0.11061436904055046,0.8516015293301207,0.0014006142482899792,0.21286880089620405,1.383501143077386,0.02960679046921453,927.081090610906,0.36016153922135374,0.07070707070707077,17.57929116345694,0.7257471516096141,0.6715382221463766,-0.006681046995091931,0.0469648951730863,0.00918971458867191,30.899075049533607,0.425829051913876,0.08260634221586588,Building Products & Equipment,Industrials,WMS
2023Q3,2023,Q3,2023-02-02,2022-12-31,82040000.0,655167000.0,124487000.0,0.99,223917000.0,0.3417708767,3005658000.0,1098126000.0,1157366000.0,370280000.0,1889917000.0,459029000.0,550011000.0,6727031990.0,7609109990.0,13.380847356428283,3.1256508588095495,0.43543477002373526,1.1918195179788111,0.03896529774852285,13.380847356428283,0.07470909531328827,10.267659985927253,20.499244240614335,6.125919967289728,0.11877133105802047,0.939483126338423,0.0014484842668334033,0.21797789369249596,1.8072134600842606,0.027295187942207665,39.08769844451805,0.34177087673829726,-0.45,0.741118309805276,0.3913924453126149,0.8146772644862904,-0.3001784581342218,-0.4602880130520305,-0.42786956821472066,1.9408047451002923,0.39015714432615467,0.17247375854123478,Building Products & Equipment,Industrials,WMS
2023Q2,2023,Q2,2022-11-03,2022-09-30,152007000.0,884209000.0,217585000.0,1.8,319963000.0,0.3618635413,3177599000.0,1198341000.0,1347880000.0,439300000.0,1961929000.0,479171000.0,477790000.0,10380666420.0,11234536420.0,14.35723528143196,3.068244935124061,0.4126470961250932,1.0942019007945152,0.06549365338783897,14.35723528143196,0.12684786717637134,11.74005966915062,17.07267826481675,8.66253129952159,0.06708243699303322,1.1775462204515716,0.0009823068758238742,0.2782632421523295,1.9242180742089687,0.04783706188225764,70.1856380195128,0.3618635413120654,-0.18918918918918923,4.634834896000133,0.45992148234128555,1.1206412801441616,-0.09129043160175743,-0.1877624955916771,-0.1352188134670339,13.451888712289813,0.2864769743329491,0.1537546445525549,Building Products & Equipment,Industrials,WMS
2023Q1,2023,Q1,2022-08-04,2022-06-30,187146000.0,914186000.0,251607000.0,2.22,352107000.0,0.3851590377,3225363000.0,1178824000.0,1401340000.0,504758000.0,2028576000.0,489492000.0,335822000.0,7488780079.999999,8339029079.999999,14.178100644664678,2.776261099378316,0.4073789523845843,1.1146235570365042,0.07749153975541158,14.178100644664678,0.15875652345048963,8.191746624866273,10.003927521827878,6.352755016864265,0.05434259882658459,1.148290472571564,0.0013580316007891103,0.28343662403270575,1.7658283771629177,0.058023236454315376,35.06377158482226,0.3851590376575445,2.46875,6.016099684333329,0.6968131717318119,1.2191415413645863,0.8509638383211813,3.00989908079964,2.114834668284289,1.5686897292209654,0.5302106578552708,0.8250600240054139,Building Products & Equipment,Industrials,WMS
2022Q4,2022,Q4,2022-05-19,2022-03-31,46671000.0,678187000.0,80777000.0,0.64,190229000.0,0.2804963823,2649758000.0,1088423000.0,871898000.0,391241000.0,1544713000.0,494324000.0,158876000.0,8537092550.0,9461605550.0,15.147491475888943,2.2285445543795257,0.3564997256353222,0.8678960293929842,0.02463084424697449,15.147491475888943,0.04287946873596019,12.588109990312406,45.73017800132845,7.843542951591431,0.22857877482805167,0.9871218067502286,0.001249605757173149,0.2559429955490275,0.9249490723109286,0.017613306573656916,264.10185769528226,0.2804963822662481,-0.36633663366336633,3.2211061681922515,1.1330654426549893,1.554008281638025,-0.08971322202921853,-0.3671299749135535,-0.2677538662363798,20.119414007056264,0.9875574533222418,0.7843043936293584,Building Products & Equipment,Industrials,WMS
2022Q3,2022,Q3,2022-02-03,2021-12-31,73745000.0,715357000.0,110314000.0,1.01,208977000.0,0.2921296639,2555759000.0,1005141000.0,807019000.0,364084000.0,1535249000.0,465518000.0,121918000.0,9701576710.0,10650453710.0,14.103876969705475,2.2165736478395095,0.3799458399637837,0.9660833654183841,0.039774287190090934,14.103876969705475,0.07336781605764764,13.561867305415339,32.88893046986236,9.651956004182496,0.122964268763984,1.0877774865848366,0.0009346934288168918,0.27990002187217183,0.8935108381582272,0.02885444206593814,155.55874530994453,0.29212966393003775,0.14772727272727273,5.235941943911414,0.8581515021596584,1.2698892463338571,0.044587292621602846,-0.02141748165448055,-0.011177741325373563,2.7419798783431477,0.8042515515763132,0.6728231678979436,Building Products & Equipment,Industrials,WMS
2022Q2,2022,Q2,2021-11-04,2021-09-30,75359000.0,706471000.0,111561000.0,0.88,200057000.0,0.2831779365,2506624000.0,916737000.0,817573000.0,413839000.0,1575103000.0,425244000.0,57386000.0,7622090880.0,8569212880.0,13.010005108991825,1.9755822916641497,0.38343485101874075,1.048421739277459,0.04273244789166807,13.010005108991825,0.08220351093061587,10.78896498228519,25.285934261335743,8.314370293770187,0.12350216961477727,1.1908786484935707,0.0012210560260336335,0.28184163241076443,0.9072876166818497,0.030063942577746004,-159.83247106190237,0.2831779365324267,0.011494252873563229,1.45260297723302,0.5125471738765293,1.1198198105581116,-0.0052903476016925135,-0.008264571571453012,0.02100378891878535,1.1236047891388015,0.40391655342394167,0.5678311710149313,Building Products & Equipment,Industrials,WMS
2022Q1,2022,Q1,2021-08-05,2021-06-30,75987000.0,669300000.0,109266000.0,0.87,201121000.0,0.3004945465,2474618000.0,1011369000.0,795596000.0,407450000.0,1448724000.0,330713000.0,-8666000.0,8338718379.999999,9037625380.0,14.138297872340425,1.9526224076573813,0.3401494695342877,0.8322778333130638,0.042627566674223454,14.138297872340425,0.07513281502596975,12.458865053040489,27.434687446536905,8.244981188863807,0.12437653809204206,1.415665546863897,0.0011333875985868225,0.27046598707356045,1.0960093262977053,0.030706557537365363,105.81861348696732,0.3004945465411624,2.782608695652174,2.170182672794919,0.4269452383188112,1.4628125117235224,0.5809286494729478,2.846663966791536,2.322164791730009,0.8623600751164886,0.3652691238349268,0.816368070742249,Building Products & Equipment,Industrials,WMS
2021Q4,2021,Q4,2021-05-27,2021-03-31,19754000.0,443809000.0,32890000.0,0.23,127217000.0,0.2866480851,2413832000.0,1049695000.0,742978000.0,318270000.0,1350406000.0,300961000.0,-75202000.0,7336347620.0,7991835620.0,14.79318751937766,2.3344267445879283,0.35234307938580645,0.8102324961060118,0.012446842359161958,14.79318751937766,0.01881879974659306,16.530416508002315,92.84635542168674,6.98902787952691,0.3871620937531639,1.0519369619319447,0.0010424805906348261,0.18386076578651703,1.354824520061583,0.008183668126033626,-415.84557419793674,0.28664808509967127,-0.6290322580645161,3.41056241491317,0.3899240634893859,1.6262848926405105,-0.24502537016705736,-0.6326477479822963,-0.6035582126972264,5.328615208070582,0.40792836815858124,1.0380156449892972,Building Products & Equipment,Industrials,WMS
2021Q3,2021,Q3,2021-02-04,2020-12-31,53774000.0,486145000.0,82963000.0,0.62,168505000.0,0.3466146931,2342436000.0,1013744000.0,663534000.0,277559000.0,1315538000.0,238860000.0,-86903000.0,5888211000.0,6508053000.0,14.389552874378992,2.3906052406875657,0.3602395113463079,0.8323975283700816,0.03164329725901413,14.389552874378992,0.05304495020439085,12.112046817307593,27.374804738349386,5.808380616802664,0.16931974560196378,1.3298166289876916,0.0015463100761844303,0.20753822089482915,1.4870351889147893,0.022956443633892237,43.97731753950946,0.3466146931471063,-0.33333333333333337,4.180459657894905,0.1941054818066623,1.4332368068770964,-0.18144634382119626,-0.3298020838526347,-0.31759257736029084,0.3294209982791339,0.20268255184674566,0.9514754000025469,Building Products & Equipment,Industrials,WMS
2021Q2,2021,Q2,2020-11-05,2020-09-30,80236000.0,544187000.0,121574000.0,0.93,205857000.0,0.378283568,2373372000.0,942613000.0,700579000.0,282491000.0,1417769000.0,223268000.0,-133011000.0,4360996920.0,5105976920.0,13.496169981243646,2.480004672715237,0.39979531232356325,1.0066305047776765,0.044736672298058354,13.496169981243646,0.08512082901466456,8.013783717729384,13.58803068448078,4.626497746158816,0.0955306844807817,1.515353745274737,0.0017576256394145767,0.22928853968109508,1.642753220456581,0.03380675258661516,32.60046587077917,0.3782835679646886,0.12048192771084348,3.167502899393732,0.09520976808937086,1.3162649016396355,0.09206219529662658,0.1386484261913547,0.1351659227996788,2.5544596845796717,0.07376550062107115,0.9934572795559273,Building Products & Equipment,Industrials,WMS
2021Q1,2021,Q1,2020-08-06,2020-06-30,70466000.0,508639000.0,107098000.0,0.83,188503000.0,0.3706027261,2415031000.0,852230000.0,729364000.0,258901000.0,1550518000.0,239239000.0,-205669000.0,3427372000.0,4297792000.0,12.283511098299222,2.8171540472999332,0.4578119287081615,1.297337573190336,0.03829428010334647,12.283511098299222,0.08268425190382878,6.738319318809608,12.159665654358129,4.021651432125131,0.10979763290097352,1.3381430285195977,0.002257414718915834,0.21061385961505255,1.8425575799243727,0.029178093366089296,27.765939175942577,0.3706027260984706,82.0,4.085187380611897,0.12602170997589252,1.114423019045828,0.7332812284492667,29.570932754880694,14.845243379198106,2.1658580634590825,0.13137280716656072,0.9226023594568319,Building Products & Equipment,Industrials,WMS
2020Q4,2020,Q4,2020-06-01,2020-03-31,2305000.0,370768000.0,6759000.0,0.01,108755000.0,0.2933235878,2369888000.0,772820000.0,666211000.0,238213000.0,1585306000.0,282398000.0,-267619000.0,2030094080.0,3025824080.0,11.207274098351146,2.7967029507205736,0.49367860422095894,1.5138880981341063,-0.0010984042203149712,11.207274098351146,0.002982583266478611,5.475375652699262,220.1837396963124,2.6268653502756143,3.5926247288503252,0.9278146445796358,0.004079121298654296,0.15644958749105442,1.5711191244810316,0.000972619803129937,-176.33058976808826,0.29332358779614204,-0.9642857142857143,1.074537426286824,0.3730820709727115,1.0048265758060408,-0.11837902689732324,-0.9010219855719684,-0.8352267186738177,1.1143067234610886,0.21516596796149626,0.8896508974662661,Building Products & Equipment,Industrials,WMS
2020Q3,2020,Q3,2020-02-06,2019-12-31,23288000.0,393424000.0,41020000.0,0.28,123358000.0,0.313549758,2249175000.0,781847000.0,525785000.0,222085000.0,1452775000.0,261347000.0,-261986000.0,2660850720.0,3631776720.0,11.412491971740527,2.3674944278091723,0.4753911989951871,1.367579590380215,0.0182543579816189,11.412491971740527,0.02978587882283874,6.763315710276953,28.564611817244938,3.4032882648395404,0.322998969426314,1.0333617757234634,0.0028269154460495247,0.174919248168773,1.1494923115023528,0.010354018695743995,25.600857450738918,0.3135497580218797,1.8,18.019629799592078,0.09385822760895651,0.7781648526767752,-0.15810379187027382,2.0686519963104493,-0.28310526223806776,1.048560828778034,0.06308092979011275,0.8367355909420037,Building Products & Equipment,Industrials,WMS
2020Q2,2020,Q2,2019-11-12,2019-09-30,7589000.0,495905000.0,57219000.0,0.1,146524000.0,0.295467882,2295320000.0,749398000.0,564220000.0,241348000.0,1532344000.0,248914000.0,-277725000.0,1943363940.0000002,3013806940.0,12.443924147321576,2.337786101397153,0.4899752539950857,1.5007379256416484,0.051448515512898654,12.443924147321576,0.010126795107539652,3.918823040703361,64.0191046251153,2.593233422026747,0.8806166820397945,1.403621331062134,0.003438882374240205,0.21605048533537807,1.262397036644182,0.0033062928044891343,20.90267973153208,0.2954678819531967,1.025252525252525,-0.7100425448321485,0.16315599961639898,0.8816953654334448,3.3572830528652786,1.0333018847225575,1.2855994848937093,-0.7110060203723009,0.24229630892880133,1.0275839023570448,Building Products & Equipment,Industrials,WMS
2020Q1,2020,Q1,2019-08-01,2019-06-30,-227885000.0,413708000.0,-200347000.0,-3.96,-62158000.0,-0.1502460673,1068415000.0,447283000.0,480655000.0,243983000.0,608074000.0,230284000.0,-278727000.0,1872947280.0,2198929280.0,7.768566763929415,1.9700347975063837,0.3138658667278164,0.7497244473856597,-0.2578140166520955,7.768566763929415,-0.5094872821010412,4.527220358320362,-2.0547066283432436,4.187387582358373,-0.30559712135506945,2.066431015615501,0.03718257355327161,0.387216577827904,0.988536086530619,-0.2132925876181072,35.260788071615494,-0.1502460672745028,-130.8360655737705,-3.574455726882276,-0.7972610563584608,-0.7030081514245816,-2.0446020435600967,-130.2597844583097,-30.880238627889636,-12.812226054303485,0.0958507806017981,0.35324093445470167,Building Products & Equipment,Industrials,WMS
2019Q4,2019,Q4,2019-05-30,2019-03-31,1763000.0,272218000.0,6705000.0,0.0305,59504000.0,0.2185895128,1042159000.0,486649000.0,466513000.0,206285000.0,541524000.0,264540000.0,17582000.0,1505354500.0,1815669500.0,8.489297863061491,2.2614974428581816,0.30629299367946733,0.6559265507583495,0.004667393434918562,8.489297863061491,0.00362273424994195,5.529959444268932,213.46490357345436,3.0933064693444354,2.8723766307430516,0.8040901186966054,0.003363991671064855,0.26120582367949613,0.9495697699784279,0.0016916804441548746,-174.5136216090888,0.21858951281693348,-0.878,1.026130861931894,-0.7572889459288792,-0.64743221541731,-0.17811019489219465,-0.8885024032380471,-0.7307553306830502,1.2663010914380783,0.055283409252202785,0.5071339221299691,Building Products & Equipment,Industrials,WMS
2019Q3,2019,Q3,2019-02-07,2018-12-31,15812000.0,318113000.0,24903000.0,0.25,72399000.0,0.2275889385,1007040000.0,482095000.0,426388000.0,190055000.0,512052000.0,246451000.0,22017000.0,1386615000.0,1680681000.0,8.431182231549492,2.243497934808345,0.3116301239275501,0.6509588359140833,0.024427053300334706,8.431182231549492,0.032798514815544653,4.35887561966974,21.923460030356694,2.87622771445462,0.5986592461421705,0.9970095475368329,0.006826696667784496,0.3158891404512234,0.9065586277656468,0.015701461709564664,17.770280661284122,0.227588938521846,-0.4444444444444445,11.74906135316392,0.12589338914578563,0.3976554754734441,-0.2408857852851436,-0.44848273456574816,-0.4673041134569723,0.8768069598792878,-0.0372907770980359,0.42569147981116573,Building Products & Equipment,Industrials,WMS
2019Q2,2019,Q2,2018-11-08,2018-09-30,28670000.0,406555000.0,46749000.0,0.45,95373000.0,0.2345881861,1094235000.0,472402000.0,508960000.0,220797000.0,605043000.0,247161000.0,11631000.0,1707870000.0,2054430000.0,8.298090604085791,2.3051037831129952,0.33280967982197607,0.7708942807185406,0.03603296615939039,8.298090604085791,0.06068983619883066,4.20083383552041,14.89248343215905,3.6152895203661286,0.19103592605510988,1.259025493504234,0.003206918559375128,0.37154267593341467,1.1530047962608188,0.026200953177333935,47.56635566077148,0.23458818610028165,-0.11764705882352941,0.8022058247683272,0.1321538347560719,0.0,-0.043313839764873456,-0.11183395291201982,-0.08435835161391414,0.8269373906097931,0.0038244806446193157,0.4241504103446702,Building Products & Equipment,Industrials,WMS
2019Q1,2019,Q1,2018-08-09,2018-06-30,32280000.0,387847000.0,51056000.0,0.51,99691000.0,0.2570369244,1090906000.0,440518000.0,517760000.0,233421000.0,634802000.0,261721000.0,-11976000.0,1615758700.0,1981723700.0,7.783828674417783,2.2181380424212045,0.3523300816018979,0.8725159925360598,0.03969249433466401,7.783828674417783,0.07327736891568562,4.165969312641325,12.513620662949194,3.667860791159499,0.19024163568773234,1.101004504797093,0.00380069127896387,0.355527423994368,1.0594548048376111,0.029590083838570876,546.4182279337166,0.25703692435419123,8.931570762052878,1.3189798593492656,0.23553379682608927,0.0,1.0719318299906475,9.91466445733223,151.60766961651916,1.8557801605994204,0.052595353892000256,0.33986987871706764,Building Products & Equipment,Industrials,WMS
2018Q4,2018,Q4,2018-05-30,2018-03-31,-3621000.0,250114000.0,-339000.0,-0.0643,48115000.0,0.1923722782,1043242000.0,408675000.0,458453000.0,221243000.0,617904000.0,263792000.0,-39214000.0,1458221800.0,1820352800.0,7.2586231394977085,2.072169514967705,0.3639788275395354,0.9291441854774576,-0.00017581063596509294,7.2586231394977085,-0.008860341347036154,5.830228615751217,-100.67811378072356,3.568169817091821,-1.3717205191935928,0.7657510462788863,0.0034062033635761037,0.23974686601958126,0.856741230231013,-0.003470910872069951,-174.13682827800335,0.19237227824112205,-1.1260784313725491,0.6589139307019727,0.26980916721100223,0.27899740756652575,-0.381761879063552,-1.1127861703784456,-1.0124636935181441,0.8565876591658393,0.13445373827152485,0.298467445885585,Building Products & Equipment,Industrials,WMS
2018Q3,2018,Q3,2018-02-09,2017-12-31,32105000.0,320832000.0,27199000.0,0.51,77826000.0,0.2425755536,1013234000.0,412314000.0,415356000.0,197568000.0,586210000.0,215045000.0,-29007000.0,1333620450.0,1690640450.0,7.3736788454316216,2.1023445092322643,0.37052349210547614,0.9105366298500658,0.04020550338883603,7.3736788454316216,0.07786541325300621,4.1567563397666065,10.384834527332192,3.234477728139234,0.15069303846752843,1.1300239484759005,0.003627718816099438,0.3166415655218834,0.9887684240362812,0.03168567181914543,13.01969569759155,0.24257555356074206,0.7586206896551726,23.318073232198333,0.16116468330039346,0.22235083167051725,-0.13335040812463114,0.7972904887197,-0.21006621747211895,31.124765588701873,0.09288708237084263,0.14888287241205486,Building Products & Equipment,Industrials,WMS
2018Q2,2018,Q2,2017-11-06,2017-09-30,17863000.0,401049000.0,34432000.0,0.29,89801000.0,0.2239152822,1110109000.0,374184000.0,512338000.0,226531000.0,720033000.0,214283000.0,-56746000.0,1119197250.0,1575762250.0,6.770232861097541,2.2616683809279965,0.42135321846773605,1.2500481046757745,0.02155645756737952,6.770232861097541,0.047738545742201696,2.7906745809115594,15.663623831383306,2.9910344910525306,0.2418406762581873,1.4525090651148247,0.0038599094127509696,0.3612699293492801,1.2841244686157745,0.016091212664702294,31.227601841517856,0.22391528217250262,0.035714285714285546,0.15659961296609431,0.15036463362567307,0.0,0.03530130621750308,0.006819975200090181,0.0931834777915357,-0.2563344000799177,0.024968417249383954,0.023753893611968117,Building Products & Equipment,Industrials,WMS
2018Q1,2018,Q1,2017-08-03,2017-06-30,17742000.0,358359000.0,31497000.0,0.28,86739000.0,0.2420449884,1113329000.0,353331000.0,495849000.0,228811000.0,743712000.0,262188000.0,-70289000.0,1111590300.0,1591353300.0,6.389002404932825,2.167068016834855,0.43875619875167177,1.3824996957527078,0.02218016643032692,6.389002404932825,0.05021353914601323,3.1018902832076214,15.663260906323979,3.146031058695671,0.2453500169090294,1.035974186461623,0.003916011141874843,0.3218805941460251,0.9796251054363645,0.01593599017002162,-32.23308878965377,0.24204498840548166,1.9655172413793107,0.30433072627585384,0.16824574693047778,0.0,1.2098545259993376,2.0993927376378734,2.7372862658576946,-0.7913275757068778,-0.8171670885805477,-0.7557488153922964,Building Products & Equipment,Industrials,WMS
2017Q4,2017,Q4,2017-05-30,2017-03-31,-16138000.0,244184000.0,-18130000.0,-0.29,39251000.0,0.1607435377,1046285000.0,327301000.0,440566000.0,255754000.0,704077000.0,258430000.0,-83678000.0,1208573400.0,1630921400.0,5.930870148225999,1.7226162640662512,0.4098290618712875,1.3101029327744187,-0.012933717954552237,5.930870148225999,-0.04930629603942548,4.9494373095698325,-18.72247800223076,3.692544171878485,-0.35995786342793407,0.7929922996556127,0.004806493341653888,0.23338191792867144,0.6857879055655044,-0.015424095729175129,-52.391772151898735,0.16074353766012514,-3.071428571428571,-0.5508867099493792,0.26477294158012277,0.045042206822665416,-0.4347575639751732,-2.7826134982878603,-1.8561579146203249,0.7515343933558746,-0.7738455863209166,-0.7536859016449257,Building Products & Equipment,Industrials,WMS
2017Q3,2017,Q3,2017-02-09,2016-12-31,9053000.0,294716000.0,21176000.0,0.14,69441000.0,0.2356200546,987166000.0,338988000.0,394786000.0,216676000.0,633862000.0,222631000.0,-61729000.0,1123874200.0,1493850200.0,6.213464816613817,1.8220107441525595,0.38704027488791143,1.1270988943561424,0.017597041088626125,6.213464816613817,0.026705960092982643,3.8134142700090936,31.03596045509776,3.315380485444913,0.4057218601568541,1.0118761538150571,0.0032681593722856165,0.29854755937704497,0.7692268640735476,0.00917069672172664,20.723833231915325,0.2356200545610011,-0.631578947368421,7.450151662153888,0.09323426637428917,0.03001962051126165,-0.2327978610570974,-0.6185640852785034,-0.5104494174218606,7.450151662153888,0.09323426637428917,0.03001962051126165,Building Products & Equipment,Industrials,WMS
2017Q2,2017,Q2,2017-01-20,2016-09-30,23734000.0,360785000.0,43256000.0,0.38,90512000.0,0.250875175,1054879000.0,334048000.0,454897000.0,239626000.0,706672000.0,223226000.0,-67109000.0,1309561740.0,1729776740.0,6.1373165040695215,1.8983624481483645,0.4066997257505363,1.2843034533959192,0.0318443623744174,6.1373165040695215,0.07104966950857362,3.629756614049919,13.794153324344823,3.9202801393811666,0.15475688885143676,1.2107594993414745,0.0028047551236492297,0.34201552974322175,0.9351990184704498,0.022499262948641505,37.95061118034022,0.2508751749656998,0.0,0.560453508382187,0.05084293375314692,0.0,-0.06308096805581434,0.29885623597657746,0.21992216143042473,0.560453508382187,0.05084293375314692,0.0,Building Products & Equipment,Industrials,WMS
2017Q1,2017,Q1,2017-01-10,2016-06-30,18273000.0,357576000.0,35458000.0,0.38,96606000.0,0.2701691389,1074628000.0,313064000.0,468513000.0,248260000.0,747145000.0,238718000.0,-87170000.0,1492595580.0,1938540580.0,5.740712216232075,1.8871868202690727,0.4235074835198785,1.453737893849181,0.024086481564354577,5.740712216232075,0.05836825696982087,4.17420514799651,20.42077901822361,4.767701109038408,0.20056914573414328,1.0932145879238264,0.0024554541425079123,0.3327439821035744,0.8915451542737453,0.017004023717974964,-117.27788009743065,0.27016913886838045,4.454545454545454,0.362311245378101,0.18213095987382158,0.0,0.7435388391568004,3.9013972689742777,16.538124452234882,0.362311245378101,0.18213095987382158,0.0,Building Products & Equipment,Industrials,WMS
2016Q4,2016,Q4,2016-09-15,2016-03-31,-6298000.0,245398000.0,-2282000.0,-0.11,55408000.0,0.2257883112,1037648000.0,307176000.0,436763000.0,241628000.0,715439000.0,230466000.0,-63396000.0,1161574200.0,1582274200.0,5.63274287600396,1.8075843859155396,0.411753311334865,1.390912701513139,-0.0033572402391242144,5.63274287600396,-0.02050290387269839,4.733429775303792,-46.108852016513175,3.78146144230018,-0.5666878374087012,0.8243732264195153,0.0030725544696154575,0.23649445669437036,0.8005611932391942,-0.006069495628575393,-153.50524646491343,0.22578831123318038,-1.9166666666666665,0.38751623368456134,0.2862575701984354,-0.00748896898972886,-0.24432988284712845,-1.789618856569709,-1.0947359681169047,0.38751623368456134,0.2862575701984354,-0.00748896898972886,Building Products & Equipment,Industrials,WMS
2016Q3,2016,Q3,2016-05-31,2015-12-31,7976000.0,312827000.0,24088000.0,0.12,73323000.0,0.234388336,1000847000.0,320129000.0,402276000.0,211475000.0,666337000.0,204131000.0,-42101000.0,1300815990.0,1706467990.0,5.91374946890067,1.9022390353469678,0.41171527716024525,1.2871811051169997,0.015464071086668954,5.91374946890067,0.024914956158298685,4.158259964772862,40.772818141925775,4.063411905825465,0.5639418254764292,1.1732857821692932,0.0034578295735740454,0.31256225976597823,0.8425582220120582,0.007969250045211707,12.681361221326418,0.23438833604516235,-0.5555555555555556,6.727313241557499,0.16950514481613016,-0.019664846661940502,-0.12434465874484982,-0.46300410691442806,-0.27793764988009595,6.727313241557499,0.16950514481613016,-0.019664846661940502,Building Products & Equipment,Industrials,WMS
2016Q2,2016,Q2,2016-05-31,2015-09-30,14853000.0,383329000.0,33360000.0,0.27,83735000.0,0.2184415998,1106635000.0,313954000.0,500859000.0,228459000.0,776147000.0,220257000.0,-47055000.0,1558806260.0,2057738260.0,5.8266953713670615,2.192336480506349,0.45400064158462367,1.6002758365875256,0.028859822150757324,5.8266953713670615,0.0473094784586277,4.066497082140929,26.237229179290377,4.965078514686865,0.2954958594223389,1.3602019459086432,0.0028156160984367617,0.34639153831209024,1.1295856149243408,0.013421769598828882,62.18559301073124,0.21844159977460614,0.5000000000000001,-0.013537172082952987,0.12784043085803623,0.0,0.15359711239081916,0.38683473389355744,0.12395134934806779,-0.013537172082952987,0.12784043085803623,0.0,Building Products & Equipment,Industrials,WMS
2016Q1,2016,Q1,2016-05-31,2015-06-30,10710000.0,349124000.0,29681000.0,0.18,72586000.0,0.2079089378,1117865000.0,311517000.0,514366000.0,207532000.0,790191000.0,258977000.0,-54933000.0,1572762590.0,2084060590.0,5.809391492456595,2.478490064182873,0.4617239112057359,1.6568758687326854,0.02001813549701988,5.809391492456595,0.034380146187848494,4.504882477286007,36.71247875816993,5.048721546496659,0.35331465919701216,1.0678091104615468,0.002405957532344408,0.3123132041883412,1.1300955997147428,0.009580763330098,-52.99601004144624,0.2079089377986045,1.4,-0.1879697564456368,0.17379750182030454,0.0,46.72255095332019,1.447723757368003,2.405683163627753,-0.1879697564456368,0.17379750182030454,0.0,Building Products & Equipment,Industrials,WMS
2015Q4,2015,Q4,2016-03-29,2015-03-31,-23921000.0,208876000.0,-21115000.0,-0.45,1521000.0,0.0072818323,1041699000.0,298184000.0,446731000.0,197594000.0,727102000.0,269842000.0,-62621000.0,1597029540.0,2054535540.0,5.590146416452635,2.2608530623399496,0.4426700995201109,1.5464578917715237,-0.01664247248189577,5.590146416452635,-0.08022227886137419,7.645825944579559,-16.690664478909746,5.355852560834921,-0.22933823836796122,0.7684311560098132,0.0034351274429150506,0.20051473602259387,0.7991993684018746,-0.02296344721459846,-50.77188173581307,0.007281832283268542,-26.139664804469273,-1.3783592633248547,0.1193133085759032,-0.014994629538656015,-0.9696510166211066,-26.259767687434003,-6.623169107856191,-1.3783592633248547,0.1193133085759032,-0.014994629538656015,Building Products & Equipment,Industrials,WMS
2015Q3,2015,Q3,2015-02-09,2014-12-31,947000.0,278176000.0,3755000.0,0.0179,50117000.0,0.1801629184,911635000.0,340071000.0,418164000.0,140240000.0,551076000.0,230949000.0,0.0,1217618280.0,1545290280.0,6.418129317178122,2.981774101540217,0.37122861671611995,0.9951598342699025,-0.01741189875030221,6.418129317178122,0.0027847126041326666,4.37715072472104,321.4409398099261,3.5804825462918037,2.5163674762407604,0.9874864147495768,0.0019570993957153796,0.3051396666428998,1.2352467199087278,0.0010387929379631101,17.205045569512937,0.18016291844012425,-0.9649019607843137,1.694731084358402,0.06247452461551066,0.06394730135041356,-0.3920938356662866,-0.9577043322912014,-0.9087773000024294,1.694731084358402,0.06247452461551066,0.06394730135041356,Building Products & Equipment,Industrials,WMS
2015Q2,2015,Q2,2014-11-10,2014-09-30,22390000.0,364724000.0,41163000.0,0.51,82442000.0,0.2260394161,1018224000.0,340696000.0,514917000.0,190546000.0,655642000.0,247368000.0,0.0,1079302100.0,1470304100.0,6.613144920222059,2.7023238483095944,0.390467127076164,1.1669729025289408,0.034468646688113426,6.613144920222059,0.06571841172188696,2.959229718910738,12.051162349263064,3.16793299598469,0.0,1.1411419423692637,0.0,0.35819623187039396,1.3366903529856307,0.02198926758748566,46.55374827467219,0.2260394161064257,2.1333333333333333,0.5552684070506795,0.12234154171579621,0.0,0.14450321380478393,0.5722210518924233,0.38998446680624027,0.5552684070506795,0.12234154171579621,0.0,Building Products & Equipment,Industrials,WMS
2015Q1,2015,Q1,2014-09-05,2014-06-30,14241000.0,328297000.0,29614000.0,-0.45,72033000.0,0.2194141281,1012329000.0,242297000.0,500728000.0,182234000.0,747474000.0,260971000.0,-91219000.0,149597450.0,637759450.0,26.157508366619886,2.747719964441323,0.4868792655352163,2.034205953850027,0.024650862004554797,26.157508366619886,0.05877497451474843,0.45567717645912087,2.626175303700583,0.6174135461850538,0.0,0.981963513187289,0.0,0.3242987210679532,1.2223679445109035,0.014067561039938597,-4.981931863593979,0.2194141280608717,0.6186440677966102,5.250613758354866,5.389690662696427,0.0,2.0133026563480443,2.306274078150798,2.1547219839351164,5.250613758354866,5.389690662696427,0.0,Building Products & Equipment,Industrials,WMS
2014Q4,2014,Q4,2014-03-31,2014-03-31,-10902000.0,181232000.0,-25646000.0,-1.18,23905000.0,0.1319027545,937595000.0,223039000.0,428499000.0,164592000.0,691980000.0,260300000.0,0.0,149597450.0,599714450.0,24.07848429234589,2.6034011373578303,0.48426879409553164,2.0357336609292545,-0.014155171491629861,24.07848429234589,-0.04887934397123373,0.8254472168270504,-3.4305047239038706,0.670723281578558,-9.918547055586131,0.604406454091433,0.7228198074231881,0.19329454615265654,0.9395596383785361,-0.011627621734330922,-3.5213485394157664,0.13190275448044494,-46.77327935222672,-5.241856693553154,4.592519380916681,3.2427218490603145,-0.5971655825553571,-7.033898305084746,-1.9771021450070485,-5.241856693553154,4.592519380916681,3.2427218490603145,Building Products & Equipment,Industrials,WMS
2014Q3,2014,Q3,2013-12-31,2013-12-31,-1357000.0,260644000.0,26247000.0,-0.0247,59342000.0,0.2276745292,885948000.0,318197000.0,370456000.0,162359000.0,545632000.0,202848000.0,42159000.0,851883607.65,1152813607.65,6.032375202260414,2.2817090521621837,0.3456918464740594,0.9625012177990364,-0.0025682899626742212,6.032375202260414,-0.004264653657954034,3.268379888468562,-156.94244798268235,2.677220739510429,-0.23728813559322035,0.9923785297365515,0.00037798590923502674,0.2941978535986311,0.9603348135921015,-0.0015316926049835883,11.45482133214108,0.22767452924295206,-1.1372222222222221,0.0,0.0,0.0,-0.09523083490882478,-1.0920624151967435,-0.1387084071667651,0.0,0.0,0.0,Building Products & Equipment,Industrials,WMS
2014Q2,2014,Q2,2013-09-30,2013-09-30,14740000.0,332727000.0,30474000.0,0.18,65588000.0,0.1971225659,,,,,,,,851883607.65,,,0.0,0.0,0.0,0.0,,0.0,2.560308023244281,14.448500808175034,0.0,0.12313432835820895,0.0,0.0021305727492595453,0.0,0.0,0.0,30.952823473948115,0.19712256594745842,0.0,0.0,0.0,0.0,0.1639396628216504,0.13611839062740866,0.05596174503621054,0.0,0.0,0.0,Building Products & Equipment,Industrials,WMS
2014Q1,2014,Q1,2013-06-30,2013-06-30,12974000.0,292579000.0,28859000.0,0.18,56350000.0,0.1925975548,,,,,,,,851883607.65,,,0.0,0.0,0.0,0.0,,0.0,2.911636199624717,16.415207485162632,0.0,0.1909973793741329,0.0,0.0029088480841130315,0.0,0.0,0.0,-20.83660130246551,0.1925975548484341,2.0,0.0,0.0,0.0,2.838817358130663,2.3044439975869695,5.197062245491565,0.0,0.0,0.0,Building Products & Equipment,Industrials,WMS
2013Q4,2013,Q4,2013-03-31,2013-03-31,-9946000.0,184537000.0,-6876000.0,-0.18,14679000.0,0.0795450235,907739000.0,299359000.0,387421000.0,167145000.0,585115000.0,232409000.0,87331000.0,851883607.65,1200512607.65,5.6752446068739655,2.3178737024739,0.38556236980012976,1.1691313773763274,-0.007457258326835853,5.6752446068739655,-0.033224322636032325,4.616329558029013,-21.41271887316509,2.8456923214267817,-0.19434948723104767,0.7308580992990805,0.002269089324693499,0.2032930170456486,0.8844954979209668,-0.010956893997063032,79.14927136021555,0.07954502349122398,0.0,0.0,0.0,0.0,0.0,0.0,0.0,0.0,0.0,0.0,Building Products & Equipment,Industrials,WMS
