Quarters,Year,Quarter,FillingDate,Date,NetIncome,Revenue,OperatingIncome,EPSDiluted,GrossProfit,GrossProfitRatio,TotalAssets,CommonStockEquity,CurrentAssets,CurrentLiability,TotalLiability,Inventory,RetainedEarnings,MarketCap,EnterpriseValue,bookValuePerShare,currentRatio,debtToAssets,debtToEquity,roic,shareholdersEquityPerShare,roe,priceToSalesRatio,peRatio,pbRatio,payoutRatio,inventoryTurnover,dividendYield,assetTurnover,quickRatio,returnOnAssets,priceToFreeCashFlowsRatio,grossProfitMargin,epsdilutedGrowth,fiveYNetIncomeGrowthPerShare,fiveYRevenueGrowthPerShare,fiveYShareholdersEquityGrowthPerShare,grossProfitGrowth,netIncomeGrowth,operatingIncomeGrowth,threeYNetIncomeGrowthPerShare,threeYRevenueGrowthPerShare,threeYShareholdersEquityGrowthPerShare,Industry,Sector,Symbol
2023Q1,2023,Q1,2023-04-27,2023-03-31,8218000000.0,56182000000.0,12625000000.0,2.7,15804000000.0,0.2813000605,278661000000.0,71775000000.0,99258000000.0,84587000000.0,191480000000.0,23905000000.0,0.0,113133633795.98,139900633795.97998,24.070149686085323,1.173442727605897,0.20526733199120079,0.7969348659003831,0.06523534001190961,24.070149686085323,0.11449669104841519,2.013698939090456,3.4416413298850084,1.5762261761892025,0.14395229982964225,1.689102698180297,0.010456660502334503,0.20161414765611263,0.3651033846808611,0.029491030319994546,25.17997636233697,0.2813000605176035,-0.2285714285714285,2.705615694533347,-0.08249911846988757,-0.20241466706577466,-0.3427050407586092,-0.23928538368971583,-0.40425632314080784,3.1233990992695255,0.06227384202093027,-0.08308072882849062,Oil & Gas Integrated,Energy,BP
2022Q4,2022,Q4,2022-12-31,2022-12-31,10803000000.0,69257000000.0,21192000000.0,3.5,24044000000.0,0.3471706831,288120000000.0,67553000000.0,107688000000.0,99018000000.0,205130000000.0,28081000000.0,34732000000.0,105831036255.0,132129036255.0,22.29616541138724,1.087559837605284,0.19260377620435928,0.8214735096886889,0.10634022322688064,22.29616541138724,0.1599188785102068,1.5280915467750553,2.4491121969591783,1.5666371035335218,0.10071276497269277,1.6100922331825789,0.01028053809639039,0.24037553797029015,0.30068270415480014,0.03749479383590171,10.717066962531646,0.3471706831078447,6.555555555555555,434.9013903046848,0.11260023526662483,-0.252767528956493,5.46517881150847,6.445060483870968,16.959322033898307,632.4916356022671,0.08514859872935945,-0.23520208987126276,Oil & Gas Integrated,Energy,BP
2022Q3,2022,Q3,2022-09-30,2022-09-30,-1984000000.0,55011000000.0,1180000000.0,-0.63,3719000000.0,0.0676046609,283482000000.0,58181000000.0,108440000000.0,104142000000.0,210149000000.0,29492000000.0,0.0,89864574782.15001,115015574782.15001,18.484119621405494,1.041270572871656,0.1920933251493922,0.9359584744160465,-0.009809790330984046,18.484119621405494,-0.0341004795379935,1.6335746447465054,-11.32366113686366,1.5445690995711658,-0.5745967741935484,1.7391835073918351,0.012685755235181291,0.19405464897242153,0.28426571412110385,-0.006998680692248538,17.33833200504534,0.06760466088600461,-1.2226148409893993,-2.1732262271779423,-0.041182507626471236,-0.382239268921599,-0.7810807628914528,-1.2143242951280113,-0.9142130134496547,-1.8572882651987144,-0.13107903686596944,-0.35909285409690755,Oil & Gas Integrated,Energy,BP
2022Q2,2022,Q2,2022-06-30,2022-06-30,9257000000.0,67866000000.0,13755000000.0,2.83,16988000000.0,0.2503168008,299133000000.0,66609000000.0,126800000000.0,109507000000.0,217570000000.0,34257000000.0,0.0,91610317575.0,119424317575.0,20.613018271157326,1.1579168454984612,0.20366191627135755,0.914621147292408,0.06879087106244444,20.613018271157326,0.13897521355972917,1.3498705916806648,2.474082250594145,1.3753444365626266,0.11472399265420763,1.4851855095308988,0.011592580706103944,0.22687567068828915,0.3035239756362607,0.030946100898262646,11.176078757472245,0.25031680075442786,1.4586709886547813,64.27339470757262,0.21940420553350606,-0.3013293088240561,0.6421459642339294,1.4612356751370204,0.5925668634942688,4.329080234004286,-0.02052894948070061,-0.31156740352298123,Oil & Gas Integrated,Energy,BP
2022Q1,2022,Q1,2022-03-31,2022-03-31,-20070000000.0,49258000000.0,8637000000.0,-6.17,10345000000.0,0.210016647,295512000000.0,63299000000.0,120131000000.0,101185000000.0,216993000000.0,30109000000.0,0.0,95620937290.2,130278937290.2,19.46216647460879,1.1872411918762662,0.2337367010476732,1.0912020727025704,0.07017201338772401,19.46216647460879,-0.31706662032575555,1.9412265477729505,-1.1910928910089686,1.5106231897849887,-0.05321375186846039,1.2924042645056295,0.011169101979817731,0.16668697041067707,0.34112763749567626,-0.06791602371477301,17.05080907457204,0.21001664704210485,-8.91025641025641,-14.853787110866147,-0.11805390392018303,-0.35157671668761553,0.32645210924477497,-8.785104732350659,0.9611716621253406,-8.072248912409075,-0.23211535552863477,-0.35331780670147994,Oil & Gas Integrated,Energy,BP
2021Q4,2021,Q4,2021-12-31,2021-12-31,2578000000.0,50554000000.0,4404000000.0,0.78,7799000000.0,0.1542706809,287272000000.0,75463000000.0,92590000000.0,80287000000.0,196833000000.0,23711000000.0,51815000000.0,87881751757.79,131727751757.79,22.866859726904195,1.1532377595376586,0.24293004539251997,0.9247843313941931,0.018255988915575335,22.866859726904195,0.034162437220889706,1.7383738528660442,8.522280038575445,1.1645674271867006,0.4177657098525989,1.803171523765341,0.01225510391472747,0.17597955944192264,0.3265908553065876,0.008974073352084435,26.28042815723385,0.15427068085611426,2.0292953285827395,3.9762662513891125,-0.04917010550914639,-0.2402301509288162,3.076842655514898,2.013364779874214,4.440625,2.400746653596356,-0.3249875971611167,-0.2332114529796457,Oil & Gas Integrated,Energy,BP
2021Q3,2021,Q3,2021-09-30,2021-09-30,-2544000000.0,36174000000.0,-1280000000.0,-0.7578,1913000000.0,0.052883286338253996,286536000000.0,74475000000.0,90476000000.0,78112000000.0,197270000000.0,25232000000.0,0.0,91784097220.89,132932097220.89,22.175973960952614,1.158285538713642,0.2507259122762934,0.964645854313528,-0.03913542472385933,22.175973960952614,-0.03415911379657603,2.5372946652537736,-9.019663641989975,1.2324148670143,-0.43278301886792453,1.3578392517438174,0.011995542074683207,0.12624591674344585,0.3953937935272429,-0.008878465533126727,27.72933450782175,0.052883286338253996,-1.8254901960784315,-2.467073919738989,-0.28168571529773356,-0.2385729989535378,-0.5962431405656395,-1.8164313222079589,-1.7285145133750712,-1.7542270320989466,-0.5480354360453171,-0.27138861645964074,Oil & Gas Integrated,Energy,BP
2021Q2,2021,Q2,2021-08-03,2021-06-30,3116000000.0,36467000000.0,1757000000.0,0.918,4738000000.0,0.1299256862368717,284086000000.0,78797000000.0,86753000000.0,70570000000.0,190854000000.0,22608000000.0,0.0,89264862112.14,132118862112.14,23.32179416111901,1.2293184072552077,0.27143189034306514,0.9785905554780004,0.006960854855227971,23.32179416111901,0.039544652715204895,2.4478257633515232,7.161814996160142,1.1328459473347972,0.34082156611039793,1.4034412597310686,0.011897178518752993,0.1283660581654851,0.48774266685560436,0.01096850953584478,29.994913344133064,0.1299256862368717,-0.33158584534731317,3.024015366748216,-0.2762511697607459,-0.21673826670171048,-0.4366230677764566,-0.33233340475680306,-0.6915379213483146,0.09529415395464745,-0.5244016565083236,-0.2233524331910634,Oil & Gas Integrated,Energy,BP
2021Q1,2021,Q1,2021-04-27,2021-03-31,4667000000.0,34544000000.0,5696000000.0,1.3734,8410000000.0,0.24345761926817971,269925000000.0,75959000000.0,78117000000.0,60715000000.0,179339000000.0,20873000000.0,0.0,82374365783.55,125851365783.55,22.45360716779396,1.2866178044964176,0.27842178382884136,0.989389012493582,0.026640984680055484,22.45360716779396,0.06144104056135547,2.384621519903601,4.412597267171096,1.0844582706927421,0.2279837154488965,1.2520481004168065,0.012916639659427626,0.12797628971010466,0.5252738203079964,0.017289987959618412,26.779702790490898,0.24345761926817971,2.4266467065868262,8.283826713412108,-0.1838557766357231,-0.28028149569641136,2.7865826204412425,2.4366715758468334,-0.37803013758462545,0.8549548054650523,-0.5027403596289178,-0.2559802085962078,Oil & Gas Integrated,Energy,BP
2020Q4,2020,Q4,2021-03-22,2020-12-31,1358000000.0,44789000000.0,9158000000.0,0.4008,2221000000.0,0.0495880684989618,267654000000.0,71250000000.0,72982000000.0,59799000000.0,182086000000.0,16873000000.0,47300000000.0,69197680806.84,121929680806.84,21.128598284691073,1.2204551915583872,0.30608920471952594,1.149838596491228,0.07680915038748445,21.128598284691073,0.019059649122807016,1.5449704348576658,12.738895582997054,0.971195520096,0.7798232695139912,2.522847152255082,0.015303981111102798,0.16733917669827464,0.49377079884279,0.005073714571797918,-105.96888331828484,0.0495880684989618,4.0090090090090085,1.3728096705834076,-0.17305792892959643,-0.33462157435669415,-0.43428425878757004,4.017777777777778,6.039200614911606,48.23159750497384,-0.35353187167853556,-0.2918973099342016,Oil & Gas Integrated,Energy,BP
2020Q3,2020,Q3,2020-10-27,2020-09-30,-450000000.0,44251000000.0,1301000000.0,-0.1332,3926000000.0,0.08872115884386793,260250000000.0,67955000000.0,70825000000.0,58077000000.0,178095000000.0,13840000000.0,0.0,58930989084.18,110272989084.18,20.133622707488442,1.2195016960242437,0.31543131604226704,1.2080200132440586,-0.016712149360648056,20.133622707488442,-0.0066220292840850565,1.3317436687121196,-32.739438380100005,0.8672060787900817,-2.3555555555555556,2.913656069364162,0.017987140831555407,0.17003266090297792,0.5345833979027842,-0.001729106628242075,22.432808939543204,0.08872115884386793,0.9733557369179068,-9.854403753011283,-0.268183359042284,-0.39331826783033835,0.0827357970215113,0.9732905982905983,1.1520392660979315,-1.2481621420257447,-0.2807292185360689,-0.3271109613123671,Oil & Gas Integrated,Energy,BP
2020Q2,2020,Q2,2020-08-04,2020-06-30,-16848000000.0,31676000000.0,-8557000000.0,-4.9992,3626000000.0,0.11447152418234625,263181000000.0,68864000000.0,73971000000.0,57073000000.0,180370000000.0,12504000000.0,0.0,78598408174.44,129691408174.44,20.431819387943246,1.2960769540763584,0.32414953967041693,1.2388185408921932,-0.042446315850717925,20.431819387943246,-0.2446561338289963,2.481323657483268,-1.1662869209170228,1.1413569960275325,-0.1257716049382716,2.2432821497120923,0.026959833528652725,0.12035823254718235,0.601668039177895,-0.0640167793267751,109.31628397001391,0.11447152418234625,-2.852057327785483,-5.560297889515905,-0.6925694212478991,-0.40824087110282875,7.822384428223844,-2.8597938144329897,-2.457373737373737,-114.8991310951351,-0.45432772160242,-0.30747097848689403,Oil & Gas Integrated,Energy,BP
2020Q1,2020,Q1,2020-04-28,2020-03-31,-4365000000.0,59650000000.0,-2475000000.0,-1.2978,411000000.0,0.006890192791282481,273864000000.0,88286000000.0,64304000000.0,63698000000.0,183384000000.0,11641000000.0,0.0,82026834186.87,142377834186.87,26.251111131443338,1.0095136425005495,0.2866021090760377,0.8890424302833971,-0.013618899739946165,26.251111131443338,-0.049441587567677775,1.375135527022129,-4.697985921355671,0.9291035292896949,-0.4815578465063001,5.088823984193798,0.025625760409225522,0.21780883942394766,0.2861471317780778,-0.015938568048374374,-28.913230238586532,0.006890192791282481,-241.33333333333334,-2.514751922243644,-0.006179913079942173,-0.2772357974489711,-0.9413694721825963,-230.73684210526315,-1.6603521878335112,-3.9138480532424134,0.032849947396031934,-0.12538865122460982,Oil & Gas Integrated,Energy,BP
2019Q4,2019,Q4,2020-02-04,2019-12-31,19000000.0,71109000000.0,3748000000.0,0.0054,7010000000.0,0.09858105162497012,295194000000.0,98412000000.0,82059000000.0,73595000000.0,194486000000.0,20880000000.0,73706000000.0,127399131872.58,182373131872.58002,29.1530156085732,1.1150078130307766,0.2623562809542199,0.7869568751778239,0.0014599620596839349,29.1530156085732,0.00019306588627403162,1.7916034801864744,1676.3043667444738,1.2945487529222046,109.26315789473684,3.069875478927203,0.01629524447683317,0.24088904246021262,0.30764318228140497,6.436445185200241e-05,34.74205941439324,0.09858105162497012,1.0244565217391304,1.0038809007930958,-0.1349674513085426,-0.20507702711583248,0.14505063704671675,1.0253671562082778,0.1395560960778352,-0.9641460290073369,0.3074793568980594,-0.03136755403124951,Oil & Gas Integrated,Energy,BP
2019Q3,2019,Q3,2019-10-29,2019-09-30,-749000000.0,68291000000.0,3289000000.0,-0.2208,6122000000.0,0.08964578055673515,286263000000.0,97922000000.0,75907000000.0,64968000000.0,186248000000.0,19240000000.0,0.0,128986991120.0,184800991120.0,28.840557855474998,1.16837520009851,0.26376444039222674,0.7710831069626846,0.5253287594159516,28.840557855474998,-0.007648945078736137,1.8887846293069366,-43.05306779706275,1.3172422042033456,-2.2109479305740987,3.231237006237006,0.012838503988819923,0.23856034485770078,0.30485777613594384,-0.002616475059647946,61.36393488106565,0.08964578055673515,-1.4125560538116593,-1.524138557852516,-0.34350203821408376,-0.297426928836981,-0.07842842089417432,-1.411086717892426,-0.14593612048818488,-1.4272360565183857,0.3413207139941074,-0.009740022464475398,Oil & Gas Integrated,Energy,BP
2019Q2,2019,Q2,2019-07-30,2019-06-30,1822000000.0,72676000000.0,3851000000.0,0.5352,6643000000.0,0.09140569101216357,293162000000.0,101485000000.0,71543000000.0,66855000000.0,189539000000.0,20042000000.0,0.0,142625580307.36,199883580307.36,29.94195564916925,1.0701219056166331,0.26583254309903737,0.7679164408533281,0.01227209429676424,29.94195564916925,0.017953392126915307,1.9624852813495512,19.569920459297474,1.4053858235932404,0.9763995609220637,3.2947310647639956,0.012473218311653714,0.24790388931716933,0.3112557026400419,0.006214993757717576,47.828833101059686,0.09140569101216357,-0.38355217691776083,-0.5095929073653327,-0.29859112667588994,-0.3020973103640929,-0.1492059426229508,-0.37900477164280844,-0.17608044501497647,2.179752105062352,0.4378212102084297,0.005599651471391886,Oil & Gas Integrated,Energy,BP
2019Q1,2019,Q1,2019-04-30,2019-03-31,2934000000.0,66321000000.0,4674000000.0,0.8682,7808000000.0,0.11773043229143107,293281000000.0,101199000000.0,72697000000.0,71272000000.0,189945000000.0,21426000000.0,0.0,148257283858.03,203285283858.03,30.095411125113053,1.019993826467617,0.26010549609418954,0.7538019150386861,0.015610370316390603,30.095411125113053,0.028992381347641774,2.2354500664650714,12.632692898605148,1.4650073998560265,0.489093387866394,2.7309343787921216,0.009679119721187828,0.22613466266140664,0.3001178583454933,0.010004057542084213,92.6029255827795,0.11773043229143107,2.807894736842105,-0.23822674631773272,-0.337587438152774,-0.2818561402981751,0.2370088719898606,2.8302872062663185,1.1245454545454545,5.60679717167548,0.5763858570062986,-0.035334317577444374,Oil & Gas Integrated,Energy,BP
2018Q4,2018,Q4,2019-02-05,2018-12-31,766000000.0,75677000000.0,2200000000.0,0.228,6312000000.0,0.08340711180411485,282176000000.0,99444000000.0,71310000000.0,68237000000.0,180628000000.0,17988000000.0,0.0,126449175932.64,169780175932.64,29.82159790435315,1.0450342189721118,0.2331842537990474,0.6616688789670568,0.004298527063401708,29.82159790435315,0.007702827722135071,1.6709062982496663,41.26931329394256,1.2715616420562328,2.2624020887728458,3.856181899043807,0.013705111063145054,0.26819077455205265,0.3325175491302373,0.0027146178271716943,145.8468003836678,0.08340711180411485,-0.7717717717717718,-0.313315634585908,-0.2457042890482263,-0.28159482654188084,-0.2562743018734535,-0.771275007464915,-0.5907738095238095,1.2126584660723605,0.41297388978508115,-0.06086302572455131,Oil & Gas Integrated,Energy,BP
2018Q3,2018,Q3,2018-10-30,2018-09-30,3349000000.0,79468000000.0,5376000000.0,0.999,8487000000.0,0.1067977047364977,282942000000.0,101488000000.0,85652000000.0,69590000000.0,179522000000.0,21894000000.0,0.0,155953567255.59,193896567255.59,30.43594220721401,1.2308090242850984,0.22667189742067279,0.6319466340848179,0.020327357635263953,30.43594220721401,0.032998975248305217,1.9624700163032918,11.641801079097494,1.5366700226193244,0.4210212003583159,3.24202977984836,0.009041152599537347,0.28086321578273993,0.37781290415289553,0.011836348085473347,64.52361078013654,0.1067977047364977,0.19269340974212032,-0.09867364169867726,-0.22421445618143476,-0.2642077316705092,0.18566638725901088,0.19649874955341193,0.32250922509225094,65.7011778335154,0.3302798782688016,-0.08288089000393774,Oil & Gas Integrated,Energy,BP
2018Q2,2018,Q2,2018-07-31,2018-06-30,2799000000.0,75439000000.0,4065000000.0,0.8376,7158000000.0,0.09488460875674386,275626000000.0,99821000000.0,76691000000.0,69531000000.0,173856000000.0,21004000000.0,0.0,151781853330.0,189954853330.0,30.02879962264327,1.1029756511484086,0.21898514653915088,0.6046623455986215,0.014611340186412945,30.02879962264327,0.028040191943579006,2.0119812474979786,13.55679290192926,1.5205403004377835,0.6170060735977134,3.2508569796229287,0.011378171778184861,0.27370059428355814,0.3205908156074269,0.01015506519704237,53.7852067080085,0.09488460875674386,0.1321978913219789,0.30684698422071777,-0.24059565084627185,-0.2621975620775252,0.03394482160912899,0.1336573511543135,0.12448132780082988,-0.23184472458208594,-0.25764111406200585,-0.1302871286631968,Oil & Gas Integrated,Energy,BP
2018Q1,2018,Q1,2018-05-01,2018-03-31,2469000000.0,68172000000.0,3615000000.0,0.7398,6923000000.0,0.10155195681511471,275287000000.0,100187000000.0,72196000000.0,63807000000.0,173122000000.0,20802000000.0,0.0,134584016319.81999,174531016319.82,30.178776730427064,1.1314746030999734,0.22590605440867167,0.6207292363280665,0.014407571785525474,30.178776730427064,0.024643915877309432,1.9741831884031567,13.627381158345484,1.3433281395771905,0.7407857432158769,2.9443803480434574,0.013590023912302025,0.24763973598462696,0.3503690817621891,0.008968821629790001,2243.0669386636664,0.10155195681511471,87.07142857142858,-0.8592540494171405,-0.30364008269328385,-0.2583214271448067,0.8431842385516507,90.44444444444444,13.23228346456693,-0.13201391281510536,0.15063549612022498,-0.1690965236360496,Oil & Gas Integrated,Energy,BP
2017Q4,2017,Q4,2018-02-06,2017-12-31,27000000.0,67816000000.0,254000000.0,0.0084,3756000000.0,0.055385159844284534,276515000000.0,98491000000.0,74968000000.0,64726000000.0,176111000000.0,19011000000.0,0.0,138733548660.0,176377548660.0,29.83832512022763,1.1582362574545004,0.2286675225575466,0.6419875927749744,8.371251146103379e-05,29.83832512022763,0.0002741367231523693,2.0457347625928985,1284.569895,1.4085911267019322,60.25925925925926,3.369628110041555,0.011727516636854403,0.24525251794658517,0.397228316287118,9.764388911993924e-05,93.67558991222147,0.055385159844284534,-0.9842696629213484,-0.9839304939449705,-0.31490349986967614,-0.19904009587171778,-0.34904679376083186,-0.9847371396269079,-0.9105318774216273,1.0056400788015607,-0.15631074997672195,-0.18639051174244742,Oil & Gas Integrated,Energy,BP
2017Q3,2017,Q3,2017-10-31,2017-09-30,1769000000.0,60018000000.0,2839000000.0,0.534,5770000000.0,0.09613782531907095,271489000000.0,98521000000.0,72369000000.0,59566000000.0,171351000000.0,18078000000.0,0.0,126537929397.81,166541929397.81,29.921163148616586,1.214938051908807,0.24230815981494647,0.6677155124288223,0.010273747530424902,29.921163148616586,0.017955562773418865,2.1083329900664802,17.88269211387931,1.28437520323393,0.9474279253815715,3.000774421949331,0.013245040502685882,0.22106973026531462,0.4342074337709432,0.006515917771990762,67.02220836748411,0.09613782531907095,11.36111111111111,-0.6862996543680122,-0.3658547887027222,-0.1928427964814964,0.42293464858199753,11.284722222222221,3.269172932330827,0.2764929013669499,-0.40505378157168953,-0.27110274387072614,Oil & Gas Integrated,Energy,BP
2017Q2,2017,Q2,2017-08-01,2017-06-30,144000000.0,56511000000.0,665000000.0,0.0432,4055000000.0,0.07175594132115871,263115000000.0,96803000000.0,64718000000.0,54842000000.0,164654000000.0,16449000000.0,0.0,113690190086.54999,153424190086.55,29.503195899720975,1.1800809598482915,0.23945423103965946,0.6508475976984185,0.0006995237574289506,29.503195899720975,0.0014875572038056672,2.011824071181717,197.37880223359375,1.1744490365644658,10.73611111111111,3.189008450361724,0.013598358827820255,0.21477680861980503,0.4257138689325699,0.000547289208140927,160.35287741403383,0.07175594132115871,-0.9024390243902439,1.1004551446551893,-0.41966161075422836,-0.16664205713029612,-0.2382115348487695,-0.9006211180124224,-0.7400312744331509,-0.959961960678112,-0.4366021677793475,-0.31232415101644756,Oil & Gas Integrated,Energy,BP
2017Q1,2017,Q1,2017-05-02,2017-03-31,1449000000.0,55863000000.0,2558000000.0,0.4428,5323000000.0,0.09528668349354671,264959000000.0,97640000000.0,67006000000.0,56126000000.0,165677000000.0,17236000000.0,0.0,112296436655.16,150334436655.16,30.014601534955514,1.1938495527919324,0.2333644073233972,0.6332650553052028,0.011315520887961004,30.014601534955514,0.01484022941417452,2.0102113501809784,19.37481653815735,1.1501068891351907,0.8999309868875086,2.93223485727547,0.011612122689202725,0.2108363935552293,0.42463385953034244,0.0054687706399858095,-65.7088570246694,0.09528668349354671,1.8384615384615388,-0.7618375506046232,-0.42814786112183245,-0.19639630615809808,0.9802827380952381,1.9154929577464788,9.044025157232705,-0.6111207699567494,-0.42325677634000264,-0.2837844379624071,Oil & Gas Integrated,Energy,BP
2016Q4,2016,Q4,2017-02-07,2016-12-31,497000000.0,51007000000.0,-318000000.0,0.156,2688000000.0,0.05269864920501108,263316000000.0,95286000000.0,67813000000.0,58354000000.0,166473000000.0,17655000000.0,0.0,118343366762.46,153159366762.46002,30.09708763102255,1.1620968571134798,0.22140697868720471,0.6118422433515941,-0.0018221753016766263,30.09708763102255,0.005215876414163676,2.320139721262964,59.528856520352115,1.2419806347465525,2.3782696177062372,2.7368450863777967,0.009987885526127732,0.1937102189004846,0.4031942968776776,0.001887466010420939,-53.06877433294171,0.05269864920501108,-0.6962616822429906,-0.9383171149819397,-0.4626104617364521,-0.1460335816837616,-0.05385427666314678,-0.6932098765432099,0.4786885245901639,-0.5307245553617566,-0.4645109885051912,-0.27495825242172045,Oil & Gas Integrated,Energy,BP
2016Q3,2016,Q3,2016-11-01,2016-09-30,1620000000.0,47047000000.0,-610000000.0,0.5136,2841000000.0,0.060386422088549746,262216000000.0,91376000000.0,69007000000.0,55041000000.0,169419000000.0,15897000000.0,0.0,110312970539.99998,143789970540.0,29.124228495279535,1.253738122490507,0.22499389816029533,0.6456509367886535,-0.004813563254898277,29.124228495279535,0.017728944142882157,2.3447397398346332,17.023606564814813,1.2072422795920152,0.7166666666666667,2.780776247090646,0.010524600999471915,0.1794207828660341,0.46449010737450264,0.006178112700979345,-126.6509420665901,0.060386422088549746,2.126315789473684,-0.6677181846836419,-0.5076358883651352,-0.15838208547821708,5.364055299539171,2.141649048625793,0.8350459707950243,-0.536625458998614,-0.5118744225173864,-0.295918555699949,Oil & Gas Integrated,Energy,BP
2016Q2,2016,Q2,2016-07-26,2016-06-30,-1419000000.0,46442000000.0,-3698000000.0,-0.456,-651000000.0,-0.01401748417380819,263136000000.0,92726000000.0,72565000000.0,58210000000.0,169028000000.0,16398000000.0,0.0,110585236069.82999,142795236069.83,29.77522476798617,1.2466071121800377,0.21178022011431352,0.6009856998037229,-0.010256289965295477,29.77522476798617,-0.015303151219722623,2.3811471527890697,-19.4829520912315,1.1926022482349072,-0.8238195912614518,2.871874618855958,0.010571031374041875,0.1764942843244558,0.4058409208039856,-0.005392648668369208,-276.463090174575,-0.01401748417380819,-1.4050632911392407,-1.2552096676463456,-0.5404102284360677,-0.1280966549381085,-1.3955042527339003,-1.4339622641509433,-2.469043151969981,-1.707199107993865,-0.500971282567057,-0.26842785260904456,Oil & Gas Integrated,Energy,BP
2016Q1,2016,Q1,2016-04-26,2016-03-31,-583000000.0,38512000000.0,-1066000000.0,-0.1896,1646000000.0,0.04273992521811384,258848000000.0,96030000000.0,66771000000.0,51613000000.0,161559000000.0,14277000000.0,0.0,92897218949.94,123860218949.94,31.197762782993106,1.2936856993393138,0.20866299913462727,0.5624492346141831,-0.004583132907756926,31.197762782993106,-0.006071019473081329,2.4121629349278146,-39.83585718265009,0.9673770587310215,-1.8850771869639795,2.5821951390348112,0.011830278800834973,0.14878229694647052,0.4494410322980644,-0.0022522870564964767,-37.02559543640494,0.04273992521811384,0.824541921154914,-1.08337910991279,-0.5401544081900816,-0.0427295576254803,-0.024303497332542976,0.8237072875718173,0.540120793787748,-1.0358434361024385,-0.5757224371185439,-0.23327865858008384,Oil & Gas Integrated,Energy,BP
2015Q4,2015,Q4,2016-02-02,2015-12-31,-3307000000.0,49172000000.0,-2318000000.0,-1.0806,1687000000.0,0.03430814284552184,261832000000.0,97216000000.0,70602000000.0,54724000000.0,163445000000.0,14142000000.0,0.0,95702823450.42,122481823450.42,31.754258134028575,1.2901469190848622,0.2030615050872315,0.5469058591178407,-0.012496516235510265,31.754258134028575,-0.034017034233048055,1.9462869814207273,-7.234867209738434,0.9844349021809168,-0.46598125188993045,3.3577287512374485,0.016101928286351277,0.18779981056555348,0.48622176741466266,-0.012630236181979284,140.73944625061765,0.03430814284552184,-73.03999999999999,-1.608517797465098,-0.3354522879058277,0.048416597024593715,-0.4864535768645358,-72.8913043478261,-11.078260869565218,-3.1220679521722823,-0.4644207041183061,-0.1476100803843569,Oil & Gas Integrated,Energy,BP
2015Q3,2015,Q3,2015-10-27,2015-09-30,46000000.0,54730000000.0,230000000.0,0.015,3285000000.0,0.060021925817650285,273299000000.0,101383000000.0,81542000000.0,58163000000.0,170700000000.0,16933000000.0,0.0,93359277103.51999,119062277103.51999,33.18646604948041,1.4019565703282155,0.21004467634349192,0.5662191886213666,9.37739212686388e-05,33.18646604948041,0.00045372498347849246,1.7058154047783662,507.38737556260867,0.9208573143773611,37.34782608695652,3.038150357290498,0.018402027664535386,0.20025686153260713,0.5492495228925606,0.0001683138247853084,113.02575920523002,0.060021925817650285,-0.9862258953168045,-0.9735824177851868,-0.22110402339124272,0.16181994966726898,-0.5828041656083313,-0.9863460967646186,-0.9478103017926027,-0.9912079286310187,-0.37672622325930794,-0.10475755911919289,Oil & Gas Integrated,Energy,BP
2015Q2,2015,Q2,2015-07-28,2015-06-30,3369000000.0,93957000000.0,4407000000.0,1.089,7874000000.0,0.08380429345338825,285431000000.0,106119000000.0,90947000000.0,65367000000.0,178080000000.0,20034000000.0,0.0,122816453926.68001,147331453926.68,34.52725676749744,1.39132895803693,0.20006236183175619,0.5381128732837663,0.018008657143175365,34.52725676749744,0.03174737794362932,1.3071559748255053,9.11371726971505,1.157346506532101,0.4666073018699911,4.296845362883099,0.01279958791953451,0.3291758778829209,0.5030519987149479,0.011803202875651208,51.646952870765354,0.08380429345338825,0.2772695285010555,1.2001366091846737,0.2780180120408655,0.2646416550385644,0.5555116554721454,0.2947732513451191,1.0915994304698624,3.508992606944975,0.03006855201829117,-0.02473061662557532,Oil & Gas Integrated,Energy,BP
2015Q1,2015,Q1,2015-04-28,2015-03-31,2602000000.0,54196000000.0,2107000000.0,0.8526,5062000000.0,0.09340172706472802,282411000000.0,110296000000.0,87430000000.0,60771000000.0,170902000000.0,18925000000.0,0.0,118767201256.37,144064201256.37,36.32043623465143,1.4386796333777625,0.20442192407519538,0.5234188003191412,0.01460571870390359,36.32043623465143,0.023591064045840285,2.1914385057268064,11.411145393578977,1.076804247265268,0.6568024596464258,2.5962483487450463,0.014389494590438022,0.19190470626144165,0.5387931743759359,0.009213522136177415,-42.75277223051476,0.09340172706472802,1.5876757650951197,-0.5590626647311913,-0.24938260728462103,0.09168759677454942,1.1951431049436254,1.5904243249375993,1.5884520884520885,-0.541859508916642,-0.40568976283316543,-0.027565410584471706,Oil & Gas Integrated,Energy,BP
2014Q4,2014,Q4,2015-02-03,2014-12-31,-4407000000.0,73997000000.0,814000000.0,-1.4508,2306000000.0,0.03116342554427882,284305000000.0,111441000000.0,87262000000.0,63615000000.0,171663000000.0,18373000000.0,92564000000.0,115834907286.04,141189907286.03998,36.67401321010915,1.3717205061699285,0.1859059812525281,0.4742778690069185,0.0026693826589965176,36.67401321010915,-0.039545589145826045,1.5654000471105585,-6.5710748403698656,1.0394281035349646,-0.39233038348082594,3.901975725249007,0.014926415883689087,0.2602732980425951,0.43744399905682624,-0.015500958477691212,85.9947344365553,0.03116342554427882,-4.469153515064563,-2.056340059382069,0.017503584444743533,0.12906668854316097,-0.6774825174825175,-4.416279069767442,-0.7277591973244147,-1.5698616089635293,-0.18774648542943612,0.04057828087120076,Oil & Gas Integrated,Energy,BP
2014Q3,2014,Q3,2014-10-28,2014-09-30,1290000000.0,93904000000.0,2990000000.0,0.4182,7150000000.0,0.07614159141250638,309692000000.0,125818000000.0,102517000000.0,72176000000.0,182798000000.0,26581000000.0,0.0,134706793950.00002,157587793950.0,41.04990504081402,1.4203751939702949,0.17310747452307454,0.4260916562018153,0.008450104607921814,41.04990504081402,0.010252904989747095,1.4345160371230194,26.105967819767443,1.0706480308858828,0.8697674418604651,3.263759828448892,0.008329201275597577,0.3032173901812123,0.42985202837508313,0.004165428877723674,32.51431183924693,0.07614159141250638,-0.6159779614325068,-0.7537301113105433,0.44019946616798367,0.2788044449366756,-0.09194818389636779,-0.6170970614425646,-0.31657142857142856,-0.729150297566016,0.005971412259332242,0.18624036607070035,Oil & Gas Integrated,Energy,BP
2014Q2,2014,Q2,2014-07-29,2014-06-30,3369000000.0,93957000000.0,4375000000.0,1.089,7874000000.0,0.08380429345338825,315455000000.0,131861000000.0,104319000000.0,74431000000.0,182477000000.0,29442000000.0,0.0,162126324940.75,187526324940.75,42.90276580649064,1.4015531163090649,0.167713303006768,0.40122553294757357,0.015793314550347163,42.90276580649064,0.025549631809253685,1.7255374792804155,12.030745394831554,1.229524460915282,0.4666073018699911,2.9238163168263025,0.0096961428107033,0.2978459685216592,0.3746019803576467,0.010679811700559509,68.17759669501682,0.08380429345338825,-0.04322614654717987,-0.21981739237151673,0.7025646653990786,0.39130097437606937,-0.10877192982456141,-0.045068027210884355,-0.06656710049071901,-0.3860526343114405,-0.05788485620694464,0.256315118040875,Oil & Gas Integrated,Energy,BP
2014Q1,2014,Q1,2014-04-29,2014-03-31,3528000000.0,91710000000.0,4687000000.0,1.1382,8835000000.0,0.09633627739614001,310274000000.0,129080000000.0,103588000000.0,74270000000.0,180074000000.0,28843000000.0,0.0,148154621782.7,174045621782.7,41.90721777891235,1.3947488891880975,0.17161927844421382,0.412527114967462,0.017652945132244885,41.90721777891235,0.027331887201735357,1.6154685615821613,10.498485103649378,1.1477736425681748,0.40447845804988664,2.8733141490136256,0.009631829117643029,0.29557745734415386,0.3741214487680086,0.011370595022464016,63.31394093277778,0.09633627739614001,2.424187725631769,0.3948969666376247,0.9352271361886831,0.44521561124374653,0.4084170253467241,2.385796545105566,0.4087766756837992,-0.4957677420855327,0.09432418569234657,0.28587877217188035,Oil & Gas Integrated,Energy,BP
2013Q4,2013,Q4,2014-02-04,2013-12-31,1042000000.0,93717000000.0,3327000000.0,0.3324,6273000000.0,0.06693556131758378,305690000000.0,129302000000.0,96840000000.0,72812000000.0,175283000000.0,29231000000.0,102082000000.0,151415175592.87,178713175592.87,41.51083400583509,1.3300005493599956,0.15764990676829468,0.3727088521445917,0.017113750868085604,41.51083400583509,0.008058653385098452,1.615663920023795,36.32801717679222,1.1710195943826855,1.126679462571977,2.99148164619753,0.007753516088484348,0.3065752886911577,0.2933719716530242,0.003408681998102653,-109.40402860756502,0.06693556131758378,-0.7000541418516513,1.3122125565239697,0.4215750596878464,0.418532263314588,-0.2548111190306486,-0.7026255707762558,-0.260008896797153,-0.8115488455767841,0.24485470628045714,0.3705452397709368,Oil & Gas Integrated,Energy,BP
2013Q3,2013,Q3,2013-10-29,2013-09-30,3504000000.0,96601000000.0,4496000000.0,1.1082,8418000000.0,0.08714195505222513,311389000000.0,130074000000.0,105684000000.0,74634000000.0,180138000000.0,29389000000.0,0.0,132165576585.99,152950576585.99,41.36485733441367,1.41603022751025,0.16148290402037324,0.38657994679951413,0.017312855474254964,41.36485733441367,0.026938511923981733,1.3681595075205226,9.429621617151113,1.0160798974890446,0.35587899543379,3.0005444213821497,0.009435134565381122,0.31022611588720217,0.40243052764155746,0.011252805975805183,293.7012813022,0.08714195505222513,0.7294007490636705,-0.5674610245183097,-0.07145536016643539,0.2226499963610651,0.10414480587618048,0.7159647404505387,0.13335013864381146,0.9549898136371603,0.33561349937900326,0.448136008052436,Oil & Gas Integrated,Energy,BP
2013Q2,2013,Q2,2013-07-30,2013-06-30,2042000000.0,94711000000.0,3967000000.0,0.6408,7624000000.0,0.08049751348840156,307252000000.0,128991000000.0,104796000000.0,75474000000.0,177119000000.0,28314000000.0,0.0,131969096813.88,150646096813.88,40.700325831396306,1.3885046506081564,0.15293635191959695,0.3642889814018032,0.011643520532235212,40.700325831396306,0.01583056182214263,1.3933872181043385,16.15684339053379,1.0230876325780869,0.6846229187071499,3.0757575757575757,0.010593389162704065,0.30825185840938385,0.3845695206296208,0.006646010440940987,-182.277758030221,0.08049751348840156,-0.8780961077502569,-0.7839965700879035,-0.1546334131905581,0.2119594419431512,-0.26593491238205275,-0.8789064816462077,-0.4420534458509142,1.11763886208999,0.24933183314609836,0.4907447691725941,Oil & Gas Integrated,Energy,BP
2013Q1,2013,Q1,2013-04-30,2013-03-31,16863000000.0,94107000000.0,7110000000.0,5.2566,10386000000.0,0.11036373489751028,310810000000.0,129851000000.0,108503000000.0,78592000000.0,179725000000.0,28628000000.0,0.0,134063971395.0,152809971395.0,40.68983227363537,1.3805858102605864,0.1493677809594286,0.35752516345657714,0.03462788505167699,40.68983227363537,0.12986422900093184,1.4245908529121107,1.9875462757961215,1.0324446588397471,0.09618691810472632,2.9244445996926087,0.012098701710253032,0.3027798333386957,0.3597694421824104,0.054255011100028956,-76.08624937287173,0.11036373489751028,9.3926453143535,1.3433330901205858,0.057279763872631825,0.2976984883615607,2.10866780529462,9.422126081582201,3.341897233201581,1.7192787483316574,0.24028823974242824,0.2230190441816647,Oil & Gas Integrated,Energy,BP
2012Q4,2012,Q4,2013-02-05,2012-12-31,1618000000.0,95323000000.0,-3036000000.0,0.5058,-9368000000.0,-0.0982763866013449,300193000000.0,118414000000.0,110981000000.0,77586000000.0,180573000000.0,27867000000.0,87485000000.0,132357972773.88,163150972773.88,37.25320701627619,1.4304255922460238,0.1625520914878095,0.4120880976911514,-0.008790689240479922,37.25320701627619,0.013663924873748037,1.3885208477899353,20.450861059004946,1.117756116454811,0.7521631644004945,3.7568091290774035,0.009194761558331809,0.31753904987791187,0.2361637408810868,0.005389865852967924,-218.41249632653467,-0.0982763866013449,-0.7030644593166608,-0.6359718759902081,0.11730089386077695,0.250893094631598,-1.6668564920273348,-0.7022451232977549,-1.4380320300100995,-0.6292455315205271,0.2530451343611902,0.1468980730989551,Oil & Gas Integrated,Energy,BP
2012Q3,2012,Q3,2012-10-30,2012-09-30,5434000000.0,91201000000.0,6931000000.0,1.7034,14048000000.0,0.15403339875659258,302258000000.0,117619000000.0,99786000000.0,79654000000.0,183485000000.0,28300000000.0,0.0,133960070210.0,166996070210.0,37.069808728939456,1.2527431139679113,0.1623679108576117,0.4172540150825972,0.02775612960743742,37.069808728939456,0.04620001870446101,1.4688443132202498,6.16305070896209,1.138932232122361,0.26094957673905045,2.726254416961131,0.01058524378030781,0.30173229492685055,0.20537575011926582,0.01797801877865929,245.79829396330274,0.15403339875659258,4.8943758573388205,0.22283475041802073,0.2676391792389277,0.28802658369505746,0.5882419446014697,4.923465703971119,2.2402992052360915,0.002108442371015279,0.3511751108650081,0.15481475848452084,Oil & Gas Integrated,Energy,BP
2012Q2,2012,Q2,2012-07-31,2012-06-30,-1385000000.0,94083000000.0,2139000000.0,-0.4374,8845000000.0,0.09401273343749668,292558000000.0,112232000000.0,94647000000.0,76197000000.0,179235000000.0,26434000000.0,0.0,128517705340.18,161298705340.18,35.4027895841797,1.2421355171463444,0.16291470409286363,0.4246738897997006,0.009876584559584773,35.4027895841797,-0.01234050894575522,1.3660034792702187,-23.198141758155234,1.1451075035656495,-1.0447653429602888,3.224559279715518,0.011259149050085066,0.32158751427067456,0.19928606113101566,-0.004734104006726871,-259.63172795995956,0.09401273343749668,-1.2371502927781393,-1.189405799111989,0.29855155660724875,0.27849033049134764,-0.37986398373413727,-1.2341504649196957,-0.7210121299073954,-1.3109545263182172,0.6528653962526231,0.14808298994673164,Oil & Gas Integrated,Energy,BP
2012Q1,2012,Q1,2012-05-01,2012-03-31,5915000000.0,94973000000.0,7667000000.0,1.8444,14263000000.0,0.150179524707022,303544000000.0,118126000000.0,101934000000.0,82854000000.0,184324000000.0,30154000000.0,0.0,142320465000.0,174698465000.0,37.35000444243911,1.2302845970019551,0.15309147932424952,0.3933934950815231,0.0311965007120481,37.35000444243911,0.05007365017015729,1.498536057616375,6.0152352071005915,1.2048191338062748,0.20490278951817414,2.6765934867679246,0.008515992411913495,0.31288050496797826,0.1737393487339175,0.01948646654191814,-68.68748310810811,0.150179524707022,-0.2651792828685258,0.29552231843921006,0.5824820179612898,0.42173783066623555,-0.17683384313499162,-0.26512610262144365,-0.2403646091350441,1.2776321781742446,0.9517792470433618,0.2880551933800374,Oil & Gas Integrated,Energy,BP
2011Q4,2011,Q4,2012-02-07,2011-12-31,8049000000.0,94818000000.0,10093000000.0,2.51,17327000000.0,0.18273956421776455,293068000000.0,111465000000.0,97584000000.0,84318000000.0,180586000000.0,25661000000.0,83063000000.0,135172814980.0,165318814980.0,35.2438772596759,1.1573329538176902,0.15086259844131739,0.3966536580989548,0.045950810141547394,35.2438772596759,0.07221100793971202,1.4256028916450463,4.198435053422786,1.2126929079083122,0.15455336066592124,3.0197965784653755,0.00920303391021383,0.32353583468683034,0.1702483455489931,0.02746461572058362,-254.08423868421053,0.18273956421776455,0.6360318081084603,1.573473833622147,0.4534210979915892,0.3455308592927101,0.38416679980827606,0.6403097615651111,0.6605791378743008,3.3752729179500975,0.41654753074964135,0.20437418747409303,Oil & Gas Integrated,Energy,BP
2011Q3,2011,Q3,2011-10-25,2011-09-30,4907000000.0,96173000000.0,6078000000.0,1.5342,12518000000.0,0.13016127187464258,290731000000.0,109276000000.0,100387000000.0,87225000000.0,180436000000.0,26601000000.0,0.0,113902032373.69,149799032373.69,34.60504819675596,1.1508971051877328,0.18537410871217724,0.49319155166733775,0.025751486196724942,34.60504819675596,0.0449046451187818,1.1843452151195242,5.803038127862747,1.0423334709697463,0.24964336661911554,3.144806586218563,0.010754856383782667,0.330797197409289,0.20961880194898252,0.016878145089446947,41.4792543239949,0.13016127187464258,-0.1299761823749575,-0.17627191721707455,0.3779833520283948,0.3562387047778949,-0.1819370016991243,-0.12686832740213524,-0.285277516462841,-0.39681457127524317,-0.0794487700734983,0.022845593538123585,Oil & Gas Integrated,Energy,BP
2011Q2,2011,Q2,2011-07-26,2011-06-30,5620000000.0,102139000000.0,8504000000.0,1.7634,15302000000.0,0.14981544757634205,290995000000.0,107494000000.0,109031000000.0,86924000000.0,182587000000.0,27477000000.0,0.0,139412976448.57,167553976448.57,34.149685210661275,1.25432561778105,0.16113678929191222,0.4362103931382217,0.035902028318848395,34.149685210661275,0.05228198783187899,1.36493382986489,6.201644859811832,1.2969372843932685,0.14145907473309607,3.1603522946464317,0.005702482080592252,0.3509991580611351,0.23194974920620312,0.019313046615921235,39.17195179785614,0.14981544757634205,-0.2145911277391769,-0.17389810261408137,0.49090936976370797,0.3566985842846118,0.002161241731613072,-0.21111734980348118,-0.06836108676599474,-0.40144339214793306,-0.0820896597837005,0.0168968573347518,Oil & Gas Integrated,Energy,BP
2011Q1,2011,Q1,2011-04-27,2011-03-31,7124000000.0,85329000000.0,9128000000.0,2.2452,15269000000.0,0.17894268068300342,286592000000.0,102208000000.0,107334000000.0,88943000000.0,183409000000.0,28657000000.0,0.0,138429425601.38,179477425601.38,32.59033330811585,1.2067728770111195,0.2085682782492184,0.5848270194113964,0.0359326137145966,32.59033330811585,0.06970100187852223,1.6223022138004666,4.857854632277513,1.3543893393998514,0.11341942728804043,2.444777890218795,0.005836909287817959,0.29773685238945957,0.22671823527427679,0.024857637338097364,-41.076980890617214,0.17894268068300342,0.2829714285714286,0.3817372422049358,0.47043191601725143,0.3907908880789084,0.8151450309082263,0.2796838512663912,3.1043165467625897,0.007363954476358891,-0.024498463203303678,0.0393856132099218,Oil & Gas Integrated,Energy,BP
2010Q4,2010,Q4,2011-02-01,2010-12-31,5567000000.0,75797000000.0,2224000000.0,1.75,8412000000.0,0.1109806456719923,272262000000.0,94987000000.0,96853000000.0,82832000000.0,176371000000.0,26218000000.0,0.0,138523509941.39,165303509941.39,30.28782472935583,1.1692703303071277,0.1665160764263834,0.47728636550264775,0.010486473341943501,30.28782472935583,0.05860802004484824,1.8275592693825615,6.2207432163368965,1.4583417724677061,0.03556673253098617,2.570180791822412,0.0014293602586577165,0.2783972790914634,0.24251497005988024,0.020447216284314375,-26.156251877150684,0.1109806456719923,2.109452736318408,0.0,0.0,0.30043321544686236,0.46143154968728284,2.118767507002801,7.843076923076923,0.26946560785657875,-0.09953308824702857,0.017008570263771616,Oil & Gas Integrated,Energy,BP
2010Q3,2010,Q3,2010-11-02,2010-09-30,1785000000.0,72031000000.0,-325000000.0,0.5628,5756000000.0,0.07991003873332315,257113000000.0,89454000000.0,84260000000.0,83624000000.0,166747000000.0,21957000000.0,0.0,128931327355.0,156107327355.0,28.564207439358057,1.007605472113269,0.15549194323118629,0.4469224405839873,-0.0029747073809828846,28.564207439358057,0.019954389965792473,1.7899422103677582,18.0576088732493,1.441314277226284,0.0380952380952381,3.0183995992166506,0.0005274125489514937,0.28015308444147125,0.22947957524155746,0.006942472764893257,-23.90716249860931,0.07991003873332315,1.1027494796801403,-0.6912223940691783,0.1844309477367054,0.2840834486993844,1.305309499814353,1.1040816326530611,0.9870806169502305,-0.5930267080945409,0.01436685066558155,-0.0075088114670753955,Oil & Gas Integrated,Energy,BP
2010Q2,2010,Q2,2010-07-27,2010-06-30,-17150000000.0,74900000000.0,-25156000000.0,-5.4774,-18853000000.0,-0.25170894526034715,248615000000.0,85490000000.0,77249000000.0,80306000000.0,162253000000.0,22106000000.0,0.0,90431120920.0,113701120920.0,27.30200814589217,0.9619331058700471,0.12300142791062486,0.35770265528131945,-0.1517822334949728,27.30200814589217,-0.20060825827582174,1.207358089719626,-1.3182379142857144,1.0577976479120366,-0.007463556851311954,4.2410657739980095,0.0014154419263832342,0.3012690304285743,0.16739720568824248,-0.06898216117289785,36.46416166129032,-0.25170894526034715,-3.853704282588309,-4.472802372880086,0.4307606356354763,0.2263266435203998,-2.1991476911334438,-3.821187695344629,-3.5848746403616936,-3.3744668785008956,0.046618364556161,-0.014050761889194229,Oil & Gas Integrated,Energy,BP
2010Q1,2010,Q1,2010-04-27,2010-03-31,6079000000.0,74379000000.0,9732000000.0,1.9194,15722000000.0,0.21137686712647388,240637000000.0,104079000000.0,69697000000.0,61784000000.0,135659000000.0,23221000000.0,0.0,178532918045.69,203844918045.69,33.2699907390742,1.1280752298329664,0.13361619368592528,0.30892879447342886,0.04713712000908315,33.2699907390742,0.058407555798960405,2.4003135030813807,7.342199294525827,1.7153596599284198,0.43247244612600755,2.526032470608501,0.01472557570210771,0.3090921180034658,0.19739738443609997,0.025262116798331097,52.44797827429201,0.21137686712647388,0.4113235294117646,0.04819457311205041,0.5253595135433591,-0.3779321254462523,-0.1038531691746466,0.41536670547147847,-0.09046728971962617,0.3460670796165523,0.2529489358148149,0.26643102633505716,Oil & Gas Integrated,Energy,BP
2009Q4,2009,Q4,2010-02-02,2009-12-31,4295000000.0,74869000000.0,10700000000.0,1.36,17544000000.0,0.234329295168895,235968000000.0,101613000000.0,67653000000.0,59320000000.0,133855000000.0,22605000000.0,72655000000.0,181348401245.99,207636401245.99,32.48170686660659,1.1404753877275793,0.1467444738269596,0.3407733262476258,0.05184541825360341,32.48170686660659,0.042268213712812336,2.4222094758309844,10.555785869964494,1.7846968522333757,0.7075669383003492,2.535943375359434,0.016757798685403072,0.3172845470572281,0.22430883344571814,0.018201620558719826,110.51090874222425,0.234329295168895,-0.19564703099124672,1.9347658348146295,0.023820783009100115,0.5089970944011772,0.3452956061651714,-0.19508995502248874,0.7114523352527191,0.38830665979981477,0.16023806996110576,0.2400774928791417,Oil & Gas Integrated,Energy,BP
2009Q3,2009,Q3,2009-10-27,2009-09-30,5336000000.0,66420000000.0,6252000000.0,1.6908,13041000000.0,0.19634146341463415,235145000000.0,100225000000.0,66679000000.0,58302000000.0,134342000000.0,18988000000.0,0.0,166197509464.41,192869509464.41,32.10022079869041,1.143682892525128,0.1554572710455251,0.3647293589423796,0.032248837896116614,32.10022079869041,0.05324020952856074,2.5022208591449866,7.786614948669883,1.6582440455416312,0.45652173913043476,2.8111965451864336,0.014657259352744104,0.2824640115673308,0.2644677712599911,0.02269238129664675,53.20022710128361,0.19634146341463415,0.2167530224525044,0.2819420907118377,0.15280947099087852,0.5480178455737493,-0.02402334979793444,0.2168757126567845,-0.07882716958892,-0.09405690116827047,-0.0374862015480248,0.2580696790701638,Oil & Gas Integrated,Energy,BP
2009Q2,2009,Q2,2009-07-28,2009-06-30,4385000000.0,56039000000.0,6787000000.0,1.3896,13362000000.0,0.2384410856724781,233359000000.0,96241000000.0,67074000000.0,63007000000.0,136410000000.0,18650000000.0,0.0,148810019040.0,176091019040.0,30.83643769151419,1.064548383512943,0.1552972030219533,0.3765546908282333,0.03350525923023174,30.83643769151419,0.045562701966937166,2.6554724217063117,8.48403757354618,1.5462227017591255,0.6143671607753706,2.2883109919571045,0.01810361975208037,0.24014072737713138,0.24948021648388274,0.01879079015593999,96.2548635446313,0.2384410856724781,0.7104874446085672,0.18332137022291098,-0.07755921862116687,1.5724346544204486,0.2535885167464115,0.7115534738485558,0.49033816425120774,-0.34991746966509923,-0.17500443664610454,0.2250698974934368,Oil & Gas Integrated,Energy,BP
2009Q1,2009,Q1,2009-04-28,2009-03-31,2562000000.0,48004000000.0,4554000000.0,0.8124,10659000000.0,0.22204399633363886,223203000000.0,90473000000.0,61057000000.0,63894000000.0,132024000000.0,15292000000.0,0.0,125114365900.0,151452365900.0,28.997208065616707,0.9555983347419162,0.15545489979973387,0.38351773457274546,0.022877638983091468,28.997208065616707,0.028317840681750358,2.606332095242063,12.208661777907885,1.3828917566566823,1.0655737704918034,2.442126602144912,0.021820036255325016,0.21506879387821848,0.25218330359658186,0.011478340344887837,165.7143919205298,0.22204399633363886,1.7663283401879033,-0.3846385486366132,-0.17883010819447404,0.38818502026885054,-0.21963540522732264,1.766377505234819,4.766749379652605,-0.500524765523774,-0.1685062807249067,0.23745444319665635,Oil & Gas Integrated,Energy,BP
2008Q4,2008,Q4,2009-02-03,2008-12-31,-3343000000.0,66034000000.0,-1209000000.0,-1.06012,13659000000.0,0.2068479874004301,228238000000.0,91303000000.0,66384000000.0,69793000000.0,136129000000.0,16821000000.0,67080000000.0,145831557660.0,170838557660.0,29.263228676124395,0.9511555600131818,0.14547971853941938,0.36366822557856804,-0.007943435220803208,29.263228676124395,-0.03661435002135746,2.2084313786837084,-10.905740177983846,1.597226352474727,-0.7834280586299731,3.1136674395101362,0.017959075813385232,0.28932079671220395,0.11744730846933074,-0.01464699129855677,-1503.4181202061857,0.2068479874004301,-1.4151472431077694,-2.2555599372027464,0.44245723950611676,0.41851983356620237,-0.18199784405318,-1.415331097030687,-1.1206707256213195,0.0,0.0,0.2564413226006752,Oil & Gas Integrated,Energy,BP
2008Q3,2008,Q3,2008-10-28,2008-09-30,8049000000.0,103367000000.0,10019000000.0,2.5536,16698000000.0,0.1615409173140364,256122000000.0,105704000000.0,85272000000.0,80305000000.0,149332000000.0,27277000000.0,0.0,156749492390.0,178907492390.0,33.83213303686795,1.0618516904302346,0.11049421759942528,0.2677287519866798,0.04981182990892184,33.83213303686795,0.07614659804737758,1.5164365067187786,4.868601453286122,1.4829097516650267,0.32600323021493355,3.17736554606445,0.016740086108038975,0.4035850102685439,0.07648340701077143,0.03142642959214749,22.27188013498153,0.1615409173140364,-0.13548649197643722,3.0468141238976063,1.091293171208966,0.6998987145801567,-0.29535384225851374,-0.13988031630690317,-0.3170881330515984,0.3956131319767714,0.7036789563105581,0.5208992638450782,Oil & Gas Integrated,Energy,BP
2008Q2,2008,Q2,2008-07-29,2008-06-30,9358000000.0,110903000000.0,14671000000.0,2.9538,23697000000.0,0.21367320992218425,283813000000.0,105356000000.0,107853000000.0,101040000000.0,177359000000.0,35182000000.0,0.0,218258656424.99997,244854656424.99997,33.5822507114107,1.0674287410926366,0.10636933473801412,0.2865427692774972,0.07066079527985883,33.5822507114107,0.08882265841527773,1.9680139980433349,5.830804029306475,2.0716300583260563,0.2719598204744604,2.4787107043374452,0.01166047680163621,0.3907608178624658,0.03556017418844022,0.0329724149351862,108.96587939340986,0.21367320992218425,0.31983914209115294,5.951870310822237,1.3993011615308764,1.8406606455327332,0.3982180788293604,0.3191429376938258,0.358300157392834,0.8913427419892638,1.114461152833184,0.5084168379380241,Oil & Gas Integrated,Energy,BP
2008Q1,2008,Q1,2008-04-29,2008-03-31,7094000000.0,87745000000.0,10801000000.0,2.238,16948000000.0,0.19315060687218644,252668000000.0,98642000000.0,88516000000.0,82943000000.0,152964000000.0,26855000000.0,0.0,190800967878.55,215851967878.55,31.355382346949682,1.0671907213387508,0.11822233128057372,0.3028223272034225,0.053151486327992575,31.355382346949682,0.07191662780560004,2.1744939071006892,6.724026215060262,1.934277162654346,0.3600225542712151,2.6362688512381305,0.013385676332762057,0.34727389301375716,0.05811219753324572,0.028076368990137254,29.385641133305096,0.19315060687218644,0.6100719424460432,2.1084031717170335,1.5559413371927944,1.5948227626886804,-0.23911286701984377,0.6126392361900432,-0.1874670879410216,0.2163585445010282,0.7893896494314921,-0.4137306437696395,Oil & Gas Integrated,Energy,BP
2007Q4,2007,Q4,2008-03-04,2007-12-31,4399000000.0,84438000000.0,13293000000.0,1.39,22274000000.0,0.263791184064047,236076000000.0,93690000000.0,78916000000.0,77068000000.0,141424000000.0,26554000000.0,64510000000.0,230188076169.39,257671076169.39,29.781287606554162,1.0239788238957803,0.1315042613395686,0.3313587362578717,0.06758868972852085,29.781287606554162,0.046952716405165976,2.726119474281603,13.081841109876677,2.456911902757925,0.4673789497613094,2.3410408977931763,0.008931826679358656,0.357672952777919,0.0462189235480355,0.018633829783629,-238.04351206762152,0.263791184064047,0.0,0.7813643762315653,0.032921465402184394,0.5966025078633053,1.075475214312337,-0.0015887426236949613,1.559299191374663,1.9889930899106758,0.14820784415059618,0.38354417920128714,Oil & Gas Integrated,Energy,BP
2007Q3,2007,Q3,2007-10-23,2007-09-30,4406000000.0,71334000000.0,5194000000.0,1.39,10732000000.0,0.150447192082317,225611000000.0,90541000000.0,74847000000.0,73805000000.0,134117000000.0,21784000000.0,0.0,218988546974.87,241823546974.87,28.78031338654094,1.0141182846690604,0.11189613981587777,0.27882395820677924,0.0302707796231969,28.78031338654094,0.04866303663533648,3.06990421082331,12.425587095714368,2.4186672002172496,0.46890603722197005,2.781950055086302,0.009434283338283823,0.31618139186475835,0.032653614253776844,0.019529189622846405,142.385271115,0.150447192082317,-0.39322507420988306,2.0028402165121824,1.8522457839675912,1.4336492656561197,-0.3561701361809347,-0.40265726681127983,-0.46684459043317594,0.05054668367408771,0.22877825984166933,0.38791689325040557,Oil & Gas Integrated,Energy,BP
2007Q2,2007,Q2,2007-07-24,2007-06-30,7376000000.0,73083000000.0,9742000000.0,2.2908,16669000000.0,0.22808313834954777,221894000000.0,88549000000.0,74204000000.0,73066000000.0,132471000000.0,20645000000.0,0.0,230685216090.0,251796216090.0,27.69108904450904,1.0155749596255441,0.10705111449611075,0.26825825249297,0.06019095951462345,27.69108904450904,0.08329851268789032,3.1564825758384303,7.818777660317245,2.605170200566918,0.26884490238611713,2.7325744732380723,0.008596129537951613,0.32935996466781436,0.036172775299044696,0.03324109710041732,112.58429286969253,0.22808313834954777,0.597489539748954,5.713795286069531,2.1541484252768357,1.3055084476155008,0.29267157813105854,0.58147512864494,0.8398489140698773,0.9427025882260733,0.17413162371222352,1.310043649962203,Oil & Gas Integrated,Energy,BP
2007Q1,2007,Q1,2007-04-24,2007-03-31,4664000000.0,61307000000.0,5295000000.0,1.434,12895000000.0,0.21033487203745085,216856000000.0,84874000000.0,72912000000.0,73509000000.0,131107000000.0,19812000000.0,0.0,209191148811.75,230963148811.75,26.270669343402542,0.9918785454842264,0.10941823145313019,0.27956735867285626,0.03220094834488688,26.270669343402542,0.05495204656314066,3.4121902688396104,11.213076158434284,2.4647259326972923,0.42903087478559176,2.4435695538057742,0.009565414269992318,0.282708341018925,0.026608986654695344,0.021507359722580884,49.11743339087814,0.21033487203745085,0.4632653061224489,4.922610317813777,1.7802417026860762,1.069915444134486,-0.28972734783806114,0.4597809076682316,-0.46178084976621264,0.08185480318224334,0.012802884918515453,0.2576572741908186,Oil & Gas Integrated,Energy,BP
