Quarters,Year,Quarter,FillingDate,Date,NetIncome,Revenue,OperatingIncome,EPSDiluted,GrossProfit,GrossProfitRatio,TotalAssets,CommonStockEquity,CurrentAssets,CurrentLiability,TotalLiability,Inventory,RetainedEarnings,MarketCap,EnterpriseValue,bookValuePerShare,currentRatio,debtToAssets,debtToEquity,roic,shareholdersEquityPerShare,roe,priceToSalesRatio,peRatio,pbRatio,payoutRatio,inventoryTurnover,dividendYield,assetTurnover,quickRatio,returnOnAssets,priceToFreeCashFlowsRatio,grossProfitMargin,epsdilutedGrowth,fiveYNetIncomeGrowthPerShare,fiveYRevenueGrowthPerShare,fiveYShareholdersEquityGrowthPerShare,grossProfitGrowth,netIncomeGrowth,operatingIncomeGrowth,threeYNetIncomeGrowthPerShare,threeYRevenueGrowthPerShare,threeYShareholdersEquityGrowthPerShare,Industry,Sector,Symbol
2023Q1,2023,Q1,2023-05-15,2023-03-31,-9901000.0,16675000.0,-11989000.0,-0.0021,7203000.0,0.431964018,59632000.0,-82242000.0,20795000.0,52631000.0,141874000.0,14444000.0,-92195000.0,131742101.1,214454101.1,-0.01754185018079995,0.39510934620280824,1.397387308827475,-1.013217091024051,-0.5853820617535965,-0.01754185018079995,0.12038860922642931,7.9005757781109445,-3.3264847262902735,-1.6018834792441816,0.0,0.6557740238161174,0.0,0.2796317413469278,0.04827953107484182,-0.16603501475717736,-5.916472856693762,0.4319640179910045,0.964041095890411,0.0,0.0,0.0,-0.4603685945459994,-2.3977350720658888,0.03834122082297265,0.0,0.0,0.0,,,NOGNW
2022Q4,2022,Q4,2023-03-23,2022-12-31,-2914000.0,27949000.0,-12467000.0,-0.0584,13348000.0,0.4775841712,74933000.0,-73024000.0,35228000.0,53722000.0,147957000.0,15726000.0,-82294000.0,973463.5755,66030463.5755,-1.4627850859942113,0.6557462492088902,1.0735190103158823,-1.101583041191937,-0.35138818344624545,-1.4627850859942113,0.03990468886941279,0.03482999661884146,-0.0835160926132464,-0.013330734765282648,0.0,0.9284624189240748,0.0,0.3729865346376096,0.31575518409590114,-0.038888073345522,-0.7483317193824015,0.47758417116891483,0.8993103448275862,0.4453083042788031,-0.7231715889518083,-2.9606606481440907,0.988084599344653,0.8991555924695459,-0.058858501783590964,0.4453083042788031,-0.7231715889518083,-2.9606606481440907,,,NOGNW
2022Q3,2022,Q3,2022-11-14,2022-09-30,-28896000.0,20974000.0,-11774000.0,-0.58,6714000.0,0.3201106131,60940000.0,-70140000.0,43080000.0,37298000.0,131080000.0,12520000.0,-79380000.0,4260775.18815,62919775.18815,-1.405014049239072,1.1550217169821437,1.2222842139809649,-1.0619617907043057,-2.7156424576457194,-1.405014049239072,0.4119760479041916,0.2031455701416039,-0.03686301900046719,-0.06074672352651839,0.0,1.1389776357827477,0.0,0.34417459796521166,0.6953455949380664,-0.4741713160485724,-161.6749201932233,0.3201106131400782,-0.2083333333333333,-51.59731846638571,-0.6443928884684377,-1.1428438490510833,-0.2884696905468419,-1.6333728242048664,-1.0324529604695323,-51.59731846638571,-0.6443928884684377,-1.1428438490510833,,,NOGNW
2022Q2,2022,Q2,2022-08-15,2022-06-30,-10973000.0,20349000.0,-5793000.0,-0.48,9436000.0,0.4637082903,48023000.0,-33349000.0,31576000.0,42781000.0,81372000.0,16385000.0,-37177000.0,5473888.319999999,38591888.32,-1.4621708613887103,0.7380846637526004,0.7147616766965829,-1.0292662448649135,-5.885568574395653,-1.4621708613887103,0.32903535338390955,0.2690003597228365,-0.12471266563382848,-0.16413950403310443,0.0,0.6660360085444004,0.0,0.4237344605709764,5.381374582174329,-0.228494679632676,-0.6807472105459519,0.46370829033367733,-0.09090909090909087,0.0,0.0,0.0,-0.008094186902133923,-0.10370146851740092,0.42375410325276036,0.0,0.0,0.0,,,NOGNW
2022Q1,2022,Q1,2022-05-16,2022-03-31,-9942000.0,25199000.0,-10053000.0,-0.44,9513000.0,0.3775149808,51017000.0,-23115000.0,33515000.0,37077000.0,74132000.0,18725000.0,-26204000.0,5701967.0,28155967.0,-1.0134660547842524,0.9039296598969712,0.46649156163631733,-1.0295911745619728,-14.934713495718034,-1.0134660547842524,0.43011031797534066,0.22627751101234175,-0.14338078354455844,-0.24667821760761413,0.0,0.8377036048064086,0.0,0.49393339475076936,0.2580036141003857,-0.19487621773134445,-1.0602393082930457,0.3775149807532045,-3.0,0.0,0.0,0.0,-0.6369083969465649,-3.142249739078264,-10.17,0.0,0.0,0.0,,,NOGNW
2021Q4,2021,Q4,2022-03-30,2021-12-31,-2400145.0,46127000.0,-900000.0,-0.11,26200000.0,0.5679970516,232365298.0,-8423597.0,858636.0,1306281.0,9289035.0,22777000.0,-8424167.0,13210317.1456,31736317.1456,-0.36932855802217024,0.657313395816061,0.08433703383712657,-2.3264408304433366,-0.1479008806314947,-0.36932855802217024,0.284931128590316,0.2863901217421467,-1.3759915698426555,-1.5682513237041138,0.0,0.8748737761777231,0.0,0.19851070877201293,5.834202595000616,-0.01032918865535593,-8.239736999398096,0.567997051618358,-1.4774774774774773,0.0,0.0,0.0,0.6743353783231084,-8.562330677290836,0.607158446093409,0.0,0.0,0.0,,,NOGNW
2021Q3,2021,Q3,2021-11-01,2021-09-30,-251000.0,26947000.0,-2291000.0,-0.0444,15648000.0,0.5806954392,232705879.0,224338501.0,1204108.0,384624.0,8367378.0,0.0,-7161929.0,12430288.06,11769934.06,9.836013651078654,3.130610674320895,0.0,0.0,-0.015989671347623385,9.836013651078654,-0.0011188449547498759,0.46128652762830746,-12.380765000000002,0.0554086258247754,0.0,0.0,0.0,0.11579853554108102,1.7312882191438912,-0.0010786147779274628,-15.365250690060533,0.5806954391954577,0.0,0.0,0.0,0.0,0.0,0.0,0.0,0.0,0.0,0.0,,,NOGNW
2021Q1,2021,Q1,2021-03-31,2021-03-31,-1494000.0,11930000.0,-1669000.0,0.0,6264000.0,0.5250628667,,,,,,,,0.0,,0.0,0.0,0.0,0.0,0.0,0.0,0.0,0.0,0.0,0.0,0.0,0.0,,0.0,0.0,0.0,0.0,0.5250628667225482,0.0,0.0,0.0,0.0,0.0,0.0,0.0,0.0,0.0,0.0,,,NOGNW
