Quarters,Year,Quarter,FillingDate,Date,NetIncome,Revenue,OperatingIncome,EPSDiluted,GrossProfit,GrossProfitRatio,TotalAssets,CommonStockEquity,CurrentAssets,CurrentLiability,TotalLiability,Inventory,RetainedEarnings,MarketCap,EnterpriseValue,bookValuePerShare,currentRatio,debtToAssets,debtToEquity,roic,shareholdersEquityPerShare,roe,priceToSalesRatio,peRatio,pbRatio,payoutRatio,inventoryTurnover,dividendYield,assetTurnover,quickRatio,returnOnAssets,priceToFreeCashFlowsRatio,grossProfitMargin,epsdilutedGrowth,fiveYNetIncomeGrowthPerShare,fiveYRevenueGrowthPerShare,fiveYShareholdersEquityGrowthPerShare,grossProfitGrowth,netIncomeGrowth,operatingIncomeGrowth,threeYNetIncomeGrowthPerShare,threeYRevenueGrowthPerShare,threeYShareholdersEquityGrowthPerShare,Industry,Sector,Symbol
2023Q3,2023,Q3,2023-06-22,2023-05-31,233971000.0,2344989000.0,319737000.0,1.98,482690000.0,0.2058389186,6520860000.0,4023384000.0,3141641000.0,852944000.0,2497235000.0,1145476000.0,3931775000.0,5004598133.25,5688214133.25,34.36832717041816,3.68329104841584,0.1777533944909107,0.2880920637950541,0.04655397712080578,34.36832717041816,0.05815278879669453,2.134166997478453,5.347455596259793,1.2438778235559917,0.08006547820028978,1.6257861360691974,0.0037431576924308882,0.3596134558938545,2.016710358476055,0.03588039000990667,22.21491441022545,0.20583891864737958,0.31125827814569534,4.856656809440316,0.9476339503542427,1.7706286869203962,0.2181758530183727,0.30093022479969306,0.3007326707700569,2.6799939914978226,0.7795427053524082,1.2752438081741895,Steel,Basic Materials,CMC
2023Q2,2023,Q2,2023-03-23,2023-02-28,179849000.0,2018003000.0,245813000.0,1.51,396240000.0,0.1963525327,6484851000.0,3782961000.0,3278146000.0,1066148000.0,2701658000.0,1144268000.0,3716537000.0,6066368754.75,6826892754.75,32.27107346494761,3.0747569755793753,0.2104119277374299,0.36069364711928037,0.0364710430196008,32.27107346494761,0.047541859405899244,3.0061247454785747,8.432586162211077,1.6036033030078818,0.10418184143364712,1.4172929768201155,0.003088668156766571,0.31118725781054957,1.7516451749663273,0.027733713542531662,199.9594157409849,0.19635253267710703,-0.3136363636363637,16.623291781138256,0.9073396389821519,1.5973819047873814,-0.21984489042112704,-0.3129607982458151,-0.30076178230890016,1.859798416370104,0.5266499605126035,1.1831633818927696,Steel,Basic Materials,CMC
2023Q1,2023,Q1,2023-01-09,2022-11-30,261774000.0,2227313000.0,351544000.0,2.2,507899000.0,0.2280321625,6273967000.0,3584003000.0,3224114000.0,1077552000.0,2689732000.0,1102774000.0,3555425000.0,5772213630.46,6522696630.46,30.5610011952974,2.9920727723580858,0.21239384905913594,0.37180549235031335,0.055295260365792014,30.5610011952974,0.07303955939769023,2.5915592601758264,5.51259257074805,1.6105493300256724,0.07176801363007786,1.559171688850118,0.0032547305423452984,0.3550087209575696,1.734816510015294,0.04172384075338618,24.11942950576221,0.22803216252048994,-0.08333333333333323,6.049020133333148,0.7825701823834096,1.4759681612005906,0.00016738412095767348,-0.09304646086685375,-0.006904188842559634,2.1700994580388016,0.6235460534435916,1.1260707743566307,Steel,Basic Materials,CMC
2022Q4,2022,Q4,2022-10-13,2022-08-31,288630000.0,2407065000.0,353988000.0,2.4,507814000.0,0.2109681292,6237027000.0,3286197000.0,3441468000.0,1356987000.0,2950598000.0,1169696000.0,3312438000.0,4811786995.7699995,5641235995.7699995,27.666195653928156,2.536109778501931,0.2408270799533175,0.45707697986456686,0.06301443253387153,27.666195653928156,0.08783100952255754,1.9990266136435866,4.167781411989398,1.4642417955375164,0.05801891695249974,1.6237133409022515,0.0034802039272979588,0.3859314702341356,1.4970688739096247,0.04627685594434656,15.88467910923676,0.21096812923622751,-0.05511811023622052,10.532945139890408,1.4403622734742039,1.2889779570631386,-0.09200240314124891,-0.0761741067570552,-0.1565930924062214,2.331140146312809,0.5503528520600026,1.0111979197235026,Steel,Basic Materials,CMC
2022Q3,2022,Q3,2022-06-22,2022-05-31,312429000.0,2515727000.0,419712000.0,2.54,559268000.0,0.2223087004,6103702000.0,3141937000.0,3443568000.0,1390691000.0,2961533000.0,1346286000.0,3040554000.0,4817147481.65,5945451481.65,25.91350119246146,2.476156097939801,0.25207144778693324,0.4896880491238367,0.06917266719147397,25.91350119246146,0.0994383401067558,1.9148132852451796,3.854593749019777,1.533177616753614,0.05438675667111568,1.4532268774985404,0.0035273987488919053,0.41216412596814195,1.2515677458184455,0.05118680433612257,56.94364302441042,0.22230870042735162,-0.1858974358974359,6.604937785565776,0.7390934584869792,1.117918205792766,0.419739390693105,-0.18492671804317087,0.5782325203618889,2.8803260990123762,0.5252117261435826,0.9558635452781905,Steel,Basic Materials,CMC
2022Q2,2022,Q2,2022-03-23,2022-02-28,383314000.0,2008888000.0,265938000.0,3.12,393923000.0,0.1960900757,5504220000.0,2869715000.0,3490248000.0,825201000.0,2634273000.0,1142446000.0,2745117000.0,4682213455.799999,5308935455.799999,23.627182804526424,4.229573158539556,0.26766898852153437,0.5133990657608857,0.046045694099391445,23.627182804526424,0.13357214915069962,2.3307488798778224,3.05377148747502,1.631595282388669,0.044313539291546876,1.4136029186499843,0.0036277713864067704,0.3649723303210991,2.424203315313481,0.06964002165611113,-50.44238449306744,0.1960900757035733,0.6421052631578948,11.041945601999156,0.6651143473988538,1.0079512159177273,-0.0037127805134664167,0.6459085658833178,-0.025139664804469275,25.85490642832843,0.38958131505670723,0.8584835596014794,Steel,Basic Materials,CMC
2022Q1,2022,Q1,2022-01-10,2021-11-30,232889000.0,1981801000.0,272796000.0,1.9,395391000.0,0.1995109499,4725258000.0,2485957000.0,2786376000.0,892120000.0,2239069000.0,1071759000.0,2378789000.0,3742907081.1,4392549081.1,20.523104003272394,3.123319732771376,0.22532039520381744,0.4282845600306039,0.06835553381037968,20.523104003272394,0.0936818295730779,1.8886392130693244,4.017908833285385,1.5056202022400225,0.07310349565672918,1.4801928418609034,0.0045486034334030374,0.41940588217616903,1.6933450656862306,0.04928598607737398,-84.35480564107186,0.1995109498885105,0.532258064516129,34.26553247312037,0.7516257773150865,0.7761475846935239,0.15048607251660737,0.5290159080314878,0.3187788547533296,10.432136636545438,0.5035657658240243,0.6181354419377817,Steel,Basic Materials,CMC
2021Q4,2021,Q4,2021-10-14,2021-08-31,152313000.0,2030646000.0,206855000.0,1.24,343673000.0,0.16924318665094754,4638671000.0,2294877000.0,2736828000.0,980473000.0,2343562000.0,935387000.0,2162925000.0,3934804886.4599996,4506840886.459999,19.02480298263221,2.7913343865664837,0.23062230539738646,0.4661604957477024,0.04857937349382697,19.02480298263221,0.06637087739342892,1.937710899122742,6.458419318213152,1.714603826897912,0.09500830526612962,1.8035027213335229,0.0036776918850019605,0.4377646097341243,1.6352566567360856,0.03283548240433521,50.79002589916356,0.16924318665094754,0.15887850467289713,1106.8517418425238,0.5980488343401845,0.5963779595330391,0.10408869384752291,0.16797282375314398,0.14395133416286465,1.868231751663133,0.5068542492232109,0.49201886527036226,Steel,Basic Materials,CMC
2021Q3,2021,Q3,2021-06-24,2021-05-31,130408000.0,1845041000.0,180825000.0,1.07,311273000.0,0.16870790405199668,4391075000.0,2156366000.0,2518475000.0,853367000.0,2234478000.0,833101000.0,2025083000.0,3934417328.24,4568161328.24,17.878291256780784,2.951221455716005,0.2452392637338237,0.49938832276153494,0.04326257153001378,17.878291256780784,0.06047581903999599,2.1324281293694827,7.542515275596588,1.824559155653539,0.11089810441077234,1.8410348805246903,0.0036757666494086306,0.4201797965190756,1.7767677915832227,0.02969842236809893,73.78600443044147,0.16870790405199668,0.9454545454545454,5.415013666233415,0.4292352181142382,0.5038701999391163,0.3306416104169249,0.9652485796524858,0.525820605856046,2.1683168135782953,0.4873362777703333,0.44127197065879953,Steel,Basic Materials,CMC
2021Q2,2021,Q2,2021-03-24,2021-02-28,66357000.0,1462270000.0,118510000.0,0.55,233927000.0,0.15997524396999185,4064041000.0,2009261000.0,2205636000.0,674093000.0,2054549000.0,776561000.0,1909443000.0,3292651019.52,3959116019.52,16.695781190930454,3.272005494790778,0.25438030767898256,0.5145234989381668,0.029588985835640996,16.695781190930454,0.03302557507461699,2.2517394321978843,12.405062840092228,1.6387373365232292,0.21741489217414892,1.5817727132833093,0.004381575792415182,0.3598069015543888,1.8735560226852972,0.016327837243767965,-88.52164263684267,0.15997524396999185,0.03773584905660381,5.060411613132532,0.37544687464985027,0.4289861925745632,0.07808409836669986,0.03532367029160751,0.14660835744071518,5.333657714891293,0.3462404603118404,0.34378300116713134,Steel,Basic Materials,CMC
2021Q1,2021,Q1,2021-01-11,2020-11-30,64093000.0,1391803000.0,103357000.0,0.53,216984000.0,0.15590137397318443,4016668000.0,1934687000.0,2169205000.0,613199000.0,2081769000.0,653526000.0,1857513000.0,2384475476.46,3004907476.46,16.15433605850556,3.537522076846179,0.2702722754282903,0.5611212563065757,0.025578891830565578,16.15433605850556,0.03312835616303826,1.713227717184113,9.300842043826938,1.232486431376238,0.2247671352565803,1.7976622200187904,0.006041580272986155,0.3465068559313341,2.1758254661211125,0.015956758188627986,-48.37743667877214,0.15590137397318443,-0.05357142857142862,1.4774060594922191,0.16753109115852102,0.3720515972756964,-0.1762405706757983,-0.052201174156721826,0.019933489248744288,0.690020716598021,0.09074276389723379,0.30877982336354465,Steel,Basic Materials,CMC
2020Q4,2020,Q4,2020-10-15,2020-08-31,67623000.0,1409132000.0,101337000.0,0.56,263407000.0,0.1869285489223153,4081728000.0,1889201000.0,2214103000.0,745263000.0,2192315000.0,625393000.0,1807826000.0,2487678642.9500003,3029260642.9500003,15.849163227628537,2.97090154750739,0.26549662299888677,0.5736208058327303,0.0267799111019871,15.849163227628537,0.03579449725042492,1.7653978782328414,9.196865870155126,1.3167887604071775,0.21128905845644233,1.8320080333486304,0.005743507120781748,0.3452292754441256,1.9091662943148928,0.016567247989086976,12.085203152614833,0.1869285489223153,0.03703703703703707,12.412920633260851,-0.031013432585081015,0.38999400114811666,0.16898326898326899,0.044628788580962094,-0.07340556850912083,3.2256269954277497,0.42360821050421604,0.3112892614415686,Steel,Basic Materials,CMC
2020Q3,2020,Q3,2020-06-25,2020-05-31,64734000.0,1341683000.0,109365000.0,0.54,225330000.0,0.16794578152961617,3954887000.0,1800450000.0,2144989000.0,627343000.0,2154225000.0,644887000.0,1754491000.0,2081109116.5200002,2818361116.5200005,15.105338182635313,3.41916463561401,0.30326075056000334,0.666145685800772,0.02634411314299706,15.105338182635313,0.035954344747146545,1.5511183465244773,8.037156349522663,1.1558827607098228,0.22071863317576543,1.731083119988463,0.006865569847626337,0.3392468609090475,2.140315584935195,0.01636810356402092,8.638282547599381,0.16794578152961617,0.018867924528301903,0.10901472805788409,-0.1348991427016527,0.2920531697621799,0.03425484355134096,0.014671306310542651,0.0687586119281924,0.602867177295876,-0.0565256596460412,0.2345638091917409,Steel,Basic Materials,CMC
2020Q2,2020,Q2,2020-03-25,2020-02-29,63798000.0,1340963000.0,102329000.0,0.53,217867000.0,0.16247055287878934,3907938000.0,1757843000.0,2084978000.0,649134000.0,2149883000.0,714842000.0,1704045000.0,2171469248.3,3106315248.3,14.781794955249332,3.211937750911214,0.2986966528128133,0.664045651403453,0.02573732625656853,14.781794955249332,0.03629334360349588,1.6193356925582587,8.509158783582558,1.2353032940370672,0.22323583811404746,1.571110818894245,0.006558692926989308,0.34313824835501483,1.8395831985383604,0.016325233409537204,38.8004868810864,0.16247055287878934,-0.24285714285714277,0.14967501474755826,-0.05413963793140264,0.31539208290226933,-0.08533800179685466,-0.23455871766569084,-0.19212884380057632,1.0470241195039107,0.135217426898336,0.2562277694890143,Steel,Basic Materials,CMC
2020Q1,2020,Q1,2020-01-07,2019-11-30,83348000.0,1384708000.0,126665000.0,0.7,238194000.0,0.17201749394096083,3808351000.0,1701501000.0,2014583000.0,601964000.0,2106654000.0,649681000.0,1654489000.0,2528387279.7599998,3496750279.7599998,14.37440444782251,3.3466835226026808,0.31330095361483223,0.7012396701500616,0.0328940329973726,14.37440444782251,0.0489849844343318,1.8259353450402538,7.583827085712914,1.4859746069852442,0.17082593463550416,1.764733769342185,0.005631257566424516,0.36359778812404636,1.9706411014612168,0.021885587751759226,25.06853408976888,0.17201749394096083,-0.027777777777777804,1.288343184435579,-0.17960797662005865,0.26480101305775555,-0.05725107753929209,-0.032086493014829694,0.048620769587389895,11.91531106318032,0.25241339460111295,0.24401570724081934,Steel,Basic Materials,CMC
2019Q4,2019,Q4,2019-10-23,2019-08-31,86111000.0,1543005000.0,120792000.0,0.72,252659000.0,0.16374477075576555,3758771000.0,1623861000.0,2080005000.0,694590000.0,2134714000.0,692368000.0,1585379000.0,1849793356.0,2901985356.0,13.756078097839161,2.994579536129227,0.3311329687283423,0.7664775494946919,0.035210923729574566,13.756078097839161,0.05302855355230528,1.1988252507282866,5.370374737257725,1.1391328174024749,0.1643227926745712,1.8636707646800545,0.007649503094009383,0.41050784950719266,1.7399458673462043,0.022909349891227743,8.875401145774358,0.16374477075576555,0.09090909090909081,1.460048441486845,-0.19105742507372983,0.2015399574972721,0.045644166701154655,0.09849470595739253,-0.042617441685358526,639.8569053527406,0.24081829044548259,0.15427738752684364,Steel,Basic Materials,CMC
2019Q3,2019,Q3,2019-06-27,2019-05-31,78390000.0,1605872000.0,126169000.0,0.66,241630000.0,0.15046653780625105,3767010000.0,1563999000.0,2114072000.0,704258000.0,2202815000.0,807593000.0,1513418000.0,1575905582.7,2817348582.7,13.249135531474757,3.0018430745550635,0.361495722071351,0.8706898150190633,0.03146501093164374,13.249135531474757,0.05012151542296382,0.9813394733204142,5.025850180826636,1.007612909407231,0.18122209465493047,1.6892692234826205,0.00901449944460559,0.42629884178698757,1.6108755598090472,0.020809607619836423,14.308983444712805,0.15046653780625105,4.500000000000001,2.317237416008753,-0.11277335888990976,0.15470228940152977,0.6077583338878169,4.659927797833935,1.4468427585136918,2.940048384423753,0.27103102864150297,0.11447899659775092,Steel,Basic Materials,CMC
2019Q2,2019,Q2,2019-03-26,2019-02-28,13850000.0,1402783000.0,51564000.0,0.12,150290000.0,0.10713702689582066,3728692000.0,1498300000.0,2070258000.0,752331000.0,2230196000.0,866419000.0,1449159000.0,1950489244.25,3282799244.25,12.713151366048606,2.751791432228633,0.3752125410197463,0.9337595942067677,0.008033890406448597,12.713151366048606,0.00924380965093773,1.390442601778037,35.207387080324914,1.3018015379096308,1.0155234657039711,1.4455973380085154,0.007211011309835886,0.3762131600035616,1.3869201189370104,0.0037144392725384666,-78.49998970700688,0.10713702689582066,-0.2941176470588236,0.23840446600558146,-0.15246255314966417,0.11753839639662668,-0.054238589381344036,-0.2984500050653429,0.23678403530653364,0.291662943675309,0.34738216202916034,0.08811427021232213,Steel,Basic Materials,CMC
2019Q1,2019,Q1,2019-01-08,2018-11-30,19742000.0,1277342000.0,41692000.0,0.17,158909000.0,0.12440599306998439,3708650000.0,1488841000.0,2028924000.0,758455000.0,2219623000.0,828559000.0,1449374000.0,2262048222.2599998,3546603222.2599998,12.683180573991482,2.675074987968963,0.36048346433338274,0.8979514938129727,0.011447878921856263,12.683180573991482,0.01325997873513693,1.7709025634951328,28.645124889322254,1.519334987591019,0.7150238071117415,1.3498531788321653,0.006240362102403273,0.34442236393296755,1.4112267702104937,0.005323230825232901,-5.718929511676531,0.12440599306998439,-0.6136363636363636,-0.571228361223211,-0.24303024111495528,0.12225659578941227,-0.13359067885786566,-0.6171062839410396,-0.5260549290651146,-0.22146310464211424,0.09319927385477349,0.07723264528217053,Steel,Basic Materials,CMC
2018Q4,2018,Q4,2018-10-25,2018-08-31,51560000.0,1308438000.0,87968000.0,0.44,183411000.0,0.14017553754935275,3328304000.0,1493397000.0,2077205000.0,541943000.0,1834721000.0,589005000.0,1446495000.0,2529782431.2000003,3065674431.2000003,12.751047205549112,3.832884639159469,0.34803461462654856,0.7756577788759452,0.029347782741889025,12.751047205549112,0.03452531376452477,1.93343699219986,12.26620651280062,1.6939785142195949,0.27230411171450736,1.9100466040186417,0.0055498843801125375,0.39312454631548077,2.531552211210404,0.015491373384162024,69.02920844793714,0.14017553754935275,0.29411764705882343,11.689761101464795,-0.17121705012336497,0.17413339543249756,0.08804057661505606,0.29012886275491057,0.31006135700244236,9.856409308496362,-0.08428224385145365,0.11828485009058061,Steel,Basic Materials,CMC
2018Q3,2018,Q3,2018-06-27,2018-05-31,39965000.0,1204484000.0,67148000.0,0.34,168570000.0,0.13995204585532062,3245493000.0,1452716000.0,1994956000.0,511936000.0,1792591000.0,595231000.0,1408715000.0,2768522928.36,3327055928.36,12.40452296356578,3.896885548193524,0.3571035278769666,0.7978001206016868,0.019558890671692475,12.40452296356578,0.02751053888027667,2.298513660920361,17.318421921431252,1.905756478458281,0.3513324158638809,1.7403562650466793,0.005071657473437476,0.37112512644458023,2.497943102262783,0.012313999752888083,-7247.442220837696,0.13995204585532062,2.7777777777777777,1.1026227819993564,-0.33024491283596247,0.13097216286450764,0.32557974946330415,2.930081620611663,2.5927233814874264,-0.3031574721678771,-0.20956198174745225,0.06103570940817919,Steel,Basic Materials,CMC
2018Q2,2018,Q2,2018-03-26,2018-02-28,10169000.0,1054268000.0,18690000.0,0.09,127167000.0,0.12062113238759026,2910480000.0,1451287000.0,1648038000.0,530325000.0,1459007000.0,523409000.0,1382791000.0,2838454763.4,3462062763.4,12.424462265432346,3.107600056569085,0.28132541711332837,0.5641833765478503,0.00699703423903463,12.424462265432346,0.00700688423447602,2.692346503355883,69.78205239944931,1.9558190512283236,1.376929884944439,1.771274471780195,0.004932965703926849,0.3622316593826448,1.5648988827605714,0.0034939254006212035,68.16326697564959,0.12062113238759026,-0.7096774193548387,1.2175243935848414,-0.391643940169328,0.11705825522559643,-0.2226053147981734,-0.7237435479489269,-0.6711764809373846,-0.8134378737328612,-0.24292577216449635,0.10561940195658981,Steel,Basic Materials,CMC
2018Q1,2018,Q1,2018-01-08,2017-11-30,36810000.0,1238519000.0,56839000.0,0.31,163581000.0,0.13207790918023865,2898576000.0,1434800000.0,1600497000.0,500123000.0,1463603000.0,564757000.0,1386623000.0,2306271932.8,3001093932.8,12.343050962528714,3.2002067491397117,0.2846332129983827,0.5750146361862281,0.019264079173380903,12.343050962528714,0.025655143574017283,1.8621207529315256,15.6633518935072,1.6073821667131307,0.38014126596033687,1.903363747594098,0.006067367772633546,0.4272853290719305,1.8051499331164533,0.012699339261761637,-24.565383858632554,0.13207790918023865,2.24,-0.25901730490428054,-0.30723707715812576,0.09765043573153184,0.99959661153691,2.246064791306997,3.852361118080996,0.029118281913008377,-0.2527956290314402,0.08606262042353435,Steel,Basic Materials,CMC
2017Q4,2017,Q4,2017-10-26,2017-08-31,-29541000.0,962375000.0,-19927000.0,-0.25,81807000.0,0.08500532536693077,2975131000.0,1400757000.0,1713900000.0,608438000.0,1574201000.0,614459000.0,1363806000.0,2189207492.67,2761374492.67,12.086702525272514,2.816885204408666,0.2772187174279049,0.588797343150882,-0.006927869047110177,12.086702525272514,-0.021089310993983968,2.274796719231069,-18.52685667944552,1.5628745690151826,-0.4703632239937714,1.4330785292427972,0.00634704569873977,0.3234731512662804,1.576479444084689,-0.009929310675731589,20.945345318312285,0.08500532536693077,-1.7352941176470589,-1.9808581543738193,-0.4859346110436131,0.12750927782122834,-0.528275122390022,-1.7523302602760658,-1.3083815655080628,-1.8596258559194117,-0.4860818650485656,0.05572648942574432,Steel,Basic Materials,CMC
2017Q3,2017,Q3,2017-06-28,2017-05-31,39266000.0,1382616000.0,64618000.0,0.34,173421000.0,0.1254296203718169,3274599000.0,1417912000.0,2052009000.0,916482000.0,1856514000.0,798013000.0,1407242000.0,2097543333.2,2885095333.2,12.235364482719332,2.2390063307298997,0.32472067572243196,0.749926652711875,0.019742037446758072,12.235364482719332,0.027692832841530363,1.5170830752718036,13.354704663067285,1.4793184155293135,0.3538175520806805,1.515257270244971,0.006623462686134316,0.4222245227583591,1.250158759255501,0.011991086542199518,-32.59940216029716,0.1254296203718169,0.30769230769230776,-0.034304163964906105,-0.31065148640470874,0.186231656493468,0.08939631886425027,0.2945404193590927,0.24095945919993855,0.6925796482372568,-0.22188858214360005,0.06634907208059718,Steel,Basic Materials,CMC
2017Q2,2017,Q2,2017-03-28,2017-02-28,30332000.0,1149621000.0,52071000.0,0.26,159190000.0,0.13847172241982358,3131833000.0,1361848000.0,1987040000.0,840121000.0,1769813000.0,720786000.0,1381869000.0,2445509476.97,3114300476.97,11.766811174108978,2.3651831105281262,0.3398447490654834,0.781538762035117,0.016051751884009105,11.766811174108978,0.022272676539525704,2.127231041334492,20.1561838732197,1.7957286547177072,0.45707503626533036,1.3740985535235146,0.005669166335506323,0.36707608611314846,1.3924565628046437,0.009685063028584219,-70.05986010915028,0.13847172241982358,4.2,0.050958025913939685,-0.4126513468980523,0.09621736640671545,0.20605794290563065,3.833784860557769,1.2517189189189188,1.7617826183737857,-0.2927079141478398,0.034351193625627725,Steel,Basic Materials,CMC
2017Q1,2017,Q1,2017-01-09,2016-11-30,6275000.0,1075063000.0,23125000.0,0.05,131992000.0,0.1227760605657529,3002580000.0,1329933000.0,1912670000.0,740451000.0,1672488000.0,633764000.0,1365401000.0,2533295248.67,3136181248.67,11.554841602204851,2.583114885387419,0.355711754557747,0.803087824725005,0.0070400462851147975,11.554841602204851,0.004718282800712517,2.356415622777456,100.9280975565737,1.904829227239267,2.209083665338645,1.488047601315316,0.005471924366998935,0.35804641341779403,1.5960637503359438,0.002089869379000726,-57.681077635419754,0.1227760605657529,44.78941908396946,-0.9415355321069991,-0.45686667807982984,0.12940755993451636,-0.21477735804158363,48.900763358778626,-0.4451509189500456,-0.8610037729018293,-0.3502300377377436,0.022416824054988283,Steel,Basic Materials,CMC
2016Q4,2016,Q4,2016-10-31,2016-08-31,-131000.0,1208580000.0,41678000.0,-0.0011418283468004288,168095000.0,0.13908471098313724,3130869000.0,1367272000.0,2048125000.0,821118000.0,1763438000.0,652754000.0,1372988000.0,1780582874.56,2334455874.56,11.917480361729128,2.494312632289147,0.342210740851821,0.78361657373222,-0.001487477195302456,11.917480361729128,-9.581122117618148e-05,1.473285073855268,-3398.0589209160303,1.3022886993663294,-105.00763358778626,1.593992530110884,0.007725560094134482,0.38602062238950274,1.5629032611634381,-4.184141846880211e-05,84.20424073394496,0.13908471098313724,-1.00671663733412,0.9989031765662355,-0.46330015320875884,0.18649029555323537,-0.0420845680419421,-1.0067777317880795,-0.31268655485743496,-1.0329132507867624,-0.2185125492607412,0.0973774511655529,Steel,Basic Materials,CMC
2016Q3,2016,Q3,2016-06-29,2016-05-31,19328000.0,1227390000.0,60639000.0,0.17,175480000.0,0.14297004212190095,3110686000.0,1363303000.0,2031255000.0,487354000.0,1747224000.0,661563000.0,1386875000.0,1969005961.5300002,2563772961.53,11.888187728904118,4.167925163228372,0.34674730911445256,0.7911828845091663,0.019042357717567772,11.888187728904118,0.014177332551897855,1.6042219355950433,25.468309725915773,1.4442907860761696,0.7112479304635762,1.5900375323287428,0.006981695468975627,0.3945721297488721,2.5118045609556914,0.006213420448094086,14.915129922053723,0.14297004212190095,0.8888888888888891,-0.4621759510573013,-0.405188946736125,0.04542470398790883,0.30157764739914406,0.8404113502190059,0.482507395545559,0.038466238643697706,-0.3030181276426658,0.08389572318007586,Steel,Basic Materials,CMC
2016Q2,2016,Q2,2016-03-29,2016-02-29,10502000.0,1019697000.0,40903000.0,0.09,134821000.0,0.13221672712580307,3043511000.0,1348639000.0,1980374000.0,451255000.0,1694713000.0,753695000.0,1381294000.0,1695660089.5,2396659089.5,11.683654662086095,4.388591816157161,0.3557329019017838,0.8027922965300573,0.014134365328388467,11.683654662086095,0.007787109819603319,1.662905833301461,40.365170669872406,1.257312067573309,1.3198438392687106,1.1740505111484087,0.008174397737984857,0.33503969593012806,2.365028642341913,0.0034506200240445985,27.363037801158644,0.13221672712580307,-0.5714285714285714,1.2261381445365342,-0.43431289698350584,0.06638673353944194,-0.1446290691993884,-0.5809759406296133,-0.2657739323987148,1.31750603423595,-0.40456185032342024,0.050453743000211757,Steel,Basic Materials,CMC
2016Q1,2016,Q1,2016-01-08,2015-11-30,25063000.0,1154859000.0,55709000.0,0.21,157617000.0,0.13648159645463212,3302707000.0,1366029000.0,2259438000.0,515019000.0,1936529000.0,794702000.0,1384653000.0,1715968944.3899999,2364641944.39,11.773854635336685,4.387096398385302,0.3893354754145614,0.941313105358671,0.014395926994554283,11.773854635336685,0.018347341088659173,1.485868789514564,17.116555723476836,1.2561731444866837,0.5577145593105375,1.2548628290856194,0.008145835066361858,0.3496704370081875,2.625569153759376,0.007588623513984135,8.233858008435538,0.13648159645463212,5.2,36.93405741814258,-0.36161668256144364,0.07027653412748072,0.19579846596211184,5.3580246913580245,1.5477453580901857,-0.4945212551837089,-0.35279998031035115,0.04703259428731885,Steel,Basic Materials,CMC
2015Q4,2015,Q4,2015-08-31,2015-08-31,-5751000.0,1411496000.0,21866000.0,-0.05,131809000.0,0.09338248213243254,3372302000.0,1319201000.0,2307101000.0,617348000.0,2052952000.0,781371000.0,1311544000.0,1816423918.6999998,2639182918.7,11.402324912580442,3.737115856858692,0.3878899339383009,0.9915714133024459,0.0070619120282289375,11.402324912580442,-0.004359456974335223,1.2868785449622244,-78.96122060076509,1.3769121754001095,-2.4121022430881585,1.6377457059450633,0.007636983777403724,0.4185556335108777,2.244993099515994,-0.0017053632800383832,8.605870708492048,0.09338248213243254,-1.1020408163265307,-1.7102316452841029,-0.23209823898525053,0.042188419875023156,-0.44138787411318964,-1.1014625712319825,-0.8259228889189641,-1.1912765765406086,-0.24474937727285545,0.06366704241996803,Steel,Basic Materials,CMC
2015Q3,2015,Q3,2015-05-31,2015-05-31,56681000.0,1506002000.0,125611000.0,0.49,235958000.0,0.15667841078564304,3579726000.0,1353141000.0,2513626000.0,781426000.0,2226436000.0,944611000.0,1331167000.0,1857667670.7,2770579670.7,11.690957103116475,3.216716618080279,0.36145727354551715,0.9562329424649759,0.030310849114155367,11.690957103116475,0.041888465429692844,1.2335094313951775,8.193520186217604,1.3728559482714662,0.24503801979499304,1.3445153613498042,0.007476579486774614,0.4207031487884827,1.7508401307353478,0.015833893432067148,10.825884616101868,0.15667841078564304,0.06521739130434775,7.329088685291467,-0.15916545114608935,0.08917933512838087,0.06568690326718274,0.040954252447154324,0.123412513862555,0.3957273241470979,-0.24820022006520567,0.13345077950156028,Steel,Basic Materials,CMC
2015Q2,2015,Q2,2015-02-28,2015-02-28,54451000.0,1391117000.0,111812000.0,0.46,221414000.0,0.15916274475834888,3589502000.0,1311290000.0,2513984000.0,836213000.0,2278063000.0,1088194000.0,1288375000.0,1756156838.1000001,2738720838.1000004,11.2375580995097,3.006391912108518,0.3609316835594464,0.9880079921298873,0.028600068640580886,11.2375580995097,0.04152475806267111,1.262407718473716,8.063014628289654,1.3392589267820239,0.25773631338267433,1.0749030044275194,0.007991313586310148,0.3875515322181183,1.448348686279692,0.01516951376541927,-20.317423736637515,0.15916274475834888,0.5333333333333334,1.3050291764210984,0.02116452612158155,-0.02887237091818049,0.18898513057066604,0.5019722505723664,0.5350778439825365,0.8712561376350635,-0.29506674197830496,0.046911194750246174,Steel,Basic Materials,CMC
2015Q1,2015,Q1,2014-11-30,2014-11-30,36253000.0,1679990000.0,72838000.0,0.3,186221000.0,0.1108464931338877,3616300000.0,1338998000.0,2511860000.0,838068000.0,2277191000.0,952303000.0,1247958000.0,1882734356.6000001,2848928356.6000004,11.36495330049686,2.9972030909186365,0.357345629510826,0.9651015162083887,0.01973096647165951,11.36495330049686,0.027074723039168094,1.1206818829873988,12.98330039307092,1.4060770491068695,0.3903125258599288,1.5685858387509017,0.007515664623847019,0.4645604623510218,1.5660781702678064,0.010024887315764732,-18.39577860004299,0.1108464931338877,0.03448275862068969,2.1084292230432853,0.10867149233894753,-0.16011404485475345,0.0007684949322327196,0.03799461719063162,0.06412073222399159,-0.6700290436691351,-0.17085072984432073,0.11084726366431827,Steel,Basic Materials,CMC
2014Q4,2014,Q4,2014-10-30,2014-08-31,34926000.0,1903196000.0,68449000.0,0.29,186078000.0,0.09777132780859145,3688520000.0,1348480000.0,2553791000.0,891153000.0,2339929000.0,935411000.0,1225855000.0,2035315935.3600001,2901725935.36,11.448706313930797,2.865715539306943,0.3528068168262609,0.9650384136212624,0.02008992503543779,11.448706313930797,0.025900272899857617,1.0694200362758224,14.568773516577908,1.5093408395823447,0.4047987172879803,1.8356829244043527,0.006946341722372117,0.515978224328457,1.6420861513118399,0.009468838450110071,236.55461824267783,0.09777132780859145,0.44999999999999984,3.6459087682937747,0.24347505401131603,-0.15804961057452685,0.01516655937326103,0.4822391036794975,0.2105868204166814,1.284837165316026,-0.17676852842297613,0.13981970398204624,Steel,Basic Materials,CMC
2014Q3,2014,Q3,2014-07-01,2014-05-31,23563000.0,1804774000.0,56542000.0,0.2,183298000.0,0.10156285496134142,3618469000.0,1350557000.0,2498011000.0,818622000.0,2267823000.0,944786000.0,1205067000.0,2089266110.75,2940572110.75,11.474070548817952,3.051482857778071,0.35609424870020995,0.954062657111103,0.013606664863306023,11.474070548817952,0.017446875622428377,1.1576330946423208,22.166809306433816,1.5469662596617544,0.5996689725416967,1.716236269377404,0.006763140380871656,0.4987672963344442,1.6905055080366762,0.006511870075437983,79.05801304537026,0.10156285496134142,1.2222222222222223,2.717459193787849,0.2831991331483878,-0.13846754665874947,0.2624698670707349,1.1146010948577583,0.657928688716866,-0.3611995436580685,-0.1478802936627454,0.009008023810887804,Steel,Basic Materials,CMC
2014Q2,2014,Q2,2014-03-31,2014-02-28,11143000.0,1649098000.0,34104000.0,0.09,145190000.0,0.08804206905835796,3544477000.0,1335830000.0,2418492000.0,766507000.0,2208558000.0,980643000.0,1195634000.0,2272173014.7000003,3132492014.7000003,11.376030932843733,3.155211889780524,0.36453135399101194,0.967243586384495,0.009616067588614042,11.376030932843733,0.008341630297268365,1.3778277668761956,50.97758715561339,1.7009447419956134,1.2647401956385174,1.533593774696806,0.006202432609147384,0.46525848524338004,1.6573247211049607,0.0031437642281216664,-38.363803918820814,0.08804206905835796,-0.7692307692307693,1.301017433311748,-0.027985698123842957,-0.1175508731385497,-0.19825724903778721,-0.7573335656264292,-0.48815848716794236,1.2358633786193207,-0.10069258328715437,0.03830940043831002,Steel,Basic Materials,CMC
2014Q1,2014,Q1,2014-01-09,2013-11-30,45919000.0,1682891000.0,66630000.0,0.39,181093000.0,0.10760827647185706,3537709000.0,1323072000.0,2416092000.0,762880000.0,2214563000.0,792763000.0,1198584000.0,2273509090.5800004,3049564090.5800004,11.301497911954744,3.1670669043624162,0.36507468534014526,0.976158515938664,0.017310388988848114,11.301497911954744,0.034706350070139794,1.3509544531285749,12.377823398702063,1.7183562879268854,0.3063437792634857,1.8943845764749363,0.006187351551962053,0.47570079958526834,1.8909566380033558,0.012979869175220461,38.28294223617964,0.10760827647185706,12.0,-0.2851629292742879,-0.3153986927518763,-0.1745661115210273,0.1739618042500227,10.318461917673158,0.3259173764228289,67.878304019597,-0.07806068753294412,0.027337978112381787,Steel,Basic Materials,CMC
2013Q4,2013,Q4,2013-10-28,2013-08-31,4057000.0,1576369000.0,50252000.0,0.03,154258000.0,0.09785652978458724,3494801000.0,1269999000.0,2366195000.0,781109000.0,2224646000.0,757417000.0,1166732000.0,1740114786.24,2651359786.24,10.85996468131477,3.029276323790918,0.3691240216538796,1.0157606423312144,0.002525512254340576,10.85996468131477,0.003194490704323389,1.103875289503917,107.22915862952921,1.3701702018977968,3.4601922602908552,1.8775799856617952,0.008067283900467846,0.4510611619946315,1.7519501119562058,0.0011608672425125208,16.70264331880747,0.09785652978458724,-0.8125,-0.9383038367696674,-0.5158785489244697,-0.2509534464964619,-0.1310485460956952,-0.7860683400126556,-0.08202111724087538,-0.5043167397566893,-0.1515495370125402,-0.007384062645815994,Steel,Basic Materials,CMC
2013Q3,2013,Q3,2013-07-02,2013-05-31,18964000.0,1794306000.0,54742000.0,0.16,177522000.0,0.09893630183480409,3587666000.0,1281564000.0,2426870000.0,863709000.0,2305949000.0,829341000.0,1176713000.0,1801758257.64,2770232257.6400003,10.968017932596863,2.809823679040047,0.3962863321167578,1.109381193604065,0.010462975373385041,10.968017932596863,0.014797544250618775,1.00415328134666,23.75234994779582,1.405905797634765,0.7396646277156718,1.9494803705592754,0.007785173144355674,0.5001318405893971,1.6368244397129126,0.005285887816758862,24.655950758662215,0.09893630183480409,3.0,-0.6900276804144171,-0.40064005083342513,-0.241449625637966,0.2531731352976888,3.1433253222634914,1.12063221507709,3.0975603403946868,-0.007655772666675573,0.02182724426535717,Steel,Basic Materials,CMC
2013Q2,2013,Q2,2013-04-01,2013-02-28,4577000.0,1729674000.0,25814000.0,0.04,141658000.0,0.08189866992277157,3409465000.0,1296727000.0,2223496000.0,1023724000.0,2112583000.0,892688000.0,1171776000.0,1901519290.9999998,2933304291.0,11.122483726619212,2.171968225810863,0.3525133708661036,0.9268581590419571,0.005104732079020573,11.122483726619212,0.00352965581807119,1.0993512598327777,103.86275349573957,1.4663990886285239,3.05877212147695,1.778914917641998,0.0073625337730007815,0.5073153705933335,1.1317298412462735,0.0013424393563212997,-31.940592461323966,0.08189866992277157,-0.9047619047619048,-0.8863553444674717,-0.24219708857617447,-0.18172936835459433,-0.2500860248069074,-0.9079389343685259,-0.7099746084533627,1.025662352076605,0.27079747561269624,-0.03881687148704454,Steel,Basic Materials,CMC
2013Q1,2013,Q1,2013-01-09,2012-11-30,49717000.0,1789226000.0,89006000.0,0.42,188899000.0,0.10557581881774578,3497569000.0,1308201000.0,2303925000.0,1099574000.0,2189212000.0,914289000.0,1181199000.0,1576359629.2,2475114629.2,11.244974320356059,2.0952887209046414,0.334561233816974,0.8944734027874921,0.024680159280788927,11.244974320356059,0.03800409875852411,0.881028796362226,7.926663058913451,1.2049827428659665,0.28084960878572723,1.7503513659247787,0.00885775031366808,0.5115627454383316,1.0893355062960746,0.0142147302883803,-26.705286121840484,0.10557581881774578,0.6153846153846153,-0.27356077545845975,-0.14547811539296704,-0.1733312803618297,0.04956133771162191,0.6454410061227867,0.4394113366216544,2.539448606816818,0.19579751994461775,-0.1689806594081545,Steel,Basic Materials,CMC
2012Q4,2012,Q4,2012-10-30,2012-08-31,30215000.0,1878147000.0,61835000.0,0.26,179979000.0,0.09582796234799512,3441246000.0,1246368000.0,2239831000.0,901134000.0,2194739000.0,807923000.0,1145445000.0,1481248790.84,2404694790.84,10.719825338048274,2.4855692938009217,0.34460425090214414,0.9514589591517112,0.009920233534542553,10.719825338048274,0.02424243883026522,0.7886756419172727,12.25590593116002,1.1884521993825259,0.4620221744166805,2.1018933735021776,0.00942448026714232,0.5457752802327994,1.3547219392454397,0.008780249944351552,49.689660880241526,0.09582796234799512,-0.25714285714285706,-0.7082378076298913,-0.041309240392766004,-0.18614283476289167,-0.022963047408107097,-0.25728823558330466,-0.06535769887694796,3.0716828255535527,0.24311886064429428,-0.21165231507768814,Steel,Basic Materials,CMC
2012Q3,2012,Q3,2012-06-29,2012-05-31,40682000.0,2006729000.0,66159000.0,0.35,184209000.0,0.09179565352371945,3460046000.0,1195930000.0,2267573000.0,927408000.0,2263965000.0,865385000.0,1129190000.0,1354257350.8799999,2325831350.88,10.314481505987954,2.4450651708848747,0.3483286060358735,1.007778883379462,0.023121139449933745,10.314481505987954,0.034017041131169885,0.674858115311036,8.322214682660636,1.1323884766499712,0.3417973550956197,2.1060221751012556,0.010267620102607894,0.5799717691614504,1.2213082052343736,0.011757647152667913,20.32534408260667,0.09179565352371945,0.3999999999999999,-0.581448493746388,-0.12475870446179019,-0.17389001102234666,0.0078291698125595,0.4099746993380238,0.12349075347699832,4.01019883239679,0.44842830178696375,-0.22553547853928674,Steel,Basic Materials,CMC
2012Q2,2012,Q2,2012-04-06,2012-02-29,28853000.0,1956744000.0,58887000.0,0.25,182778000.0,0.09340925537525603,3525368000.0,1241959000.0,2249478000.0,1010416000.0,2283251000.0,880288000.0,1102413000.0,1537694757.1799998,2538502757.18,10.734012737527905,2.226288974046333,0.34520935119397467,0.9798954715896419,0.015555268023301904,10.734012737527905,0.023231845817776594,0.7858436040585789,13.32352577877517,1.2381203865667063,0.481371087928465,2.015210930968047,0.009032351794884983,0.5550467355464734,1.067999714968884,0.00818439379945583,-68.30252552658463,0.09340925537525603,-0.7311827956989247,-0.5563951663236443,-0.016168278135412332,-0.08205661043021249,0.05936152455139797,-0.7321829691647948,0.2797348690644355,1.7910351266644706,0.1705109383008792,-0.1673528119017377,Steel,Basic Materials,CMC
2012Q1,2012,Q1,2012-01-09,2011-11-30,107734000.0,1986820000.0,46015000.0,0.93,172536000.0,0.08684027742825218,3506653000.0,1181980000.0,2262407000.0,1067292000.0,2324492000.0,894555000.0,1087449000.0,1615117019.1000001,2592204019.1000004,10.230887424620043,2.119763850942385,0.3436867006801072,1.0196365420734699,0.08110783909357412,10.230887424620043,0.09114705832586,0.8129156235089239,3.7479278108582252,1.3664503791096296,0.12867804035866115,2.0281413663776964,0.008583279004591847,0.5665858583669385,0.9520084475476253,0.03072274331107184,196.62978075237402,0.08684027742825218,1.8933442546416008,0.283023678191438,0.016589796466838762,-0.08948563137303586,0.008970655313972935,1.8957604077458405,0.8659016260492275,0.6994879009696277,-0.1809867897578811,-0.2527608945924157,Steel,Basic Materials,CMC
2011Q4,2011,Q4,2011-10-31,2011-08-31,-120271000.0,2267620000.0,24661000.0,-1.0410320491433673,171002000.0,0.07541034212081389,3683131000.0,1160425000.0,2326253000.0,1198854000.0,2522483000.0,908338000.0,993578000.0,1357483903.75,2367698903.75,10.04431338915609,1.9403972460366317,0.3346622751132121,1.0622013486438158,0.011301401463273365,10.04431338915609,-0.10364392356248789,0.5986381773621683,-2.821719083881401,1.169816148178469,-0.11527300845590376,2.3081914441540485,0.010213012442874057,0.6156772593752435,0.9836410438635563,-0.032654553965091114,27.07549122903245,0.07541034212081389,-4.358167900462475,-1.9501732219524621,0.024663525542065558,-0.033269016977661325,-0.20626256156034886,-4.3256186921056266,-0.6469030096503536,-2.8513657079802783,-0.2950718340779274,-0.3072115290207414,Steel,Basic Materials,CMC
2011Q3,2011,Q3,2011-07-08,2011-05-31,36165000.0,2076564000.0,69842000.0,0.31,215439000.0,0.10374782573520488,3755058000.0,1312325000.0,2299728000.0,1114965000.0,2442513000.0,889464000.0,1127713000.0,1718356238.8600001,2686894238.86,11.37163459362982,2.0626010681949656,0.32279128578040606,0.9236279122930676,0.01989394345322496,11.37163459362982,0.02755796010896691,0.8274997731155891,11.878585917738144,1.3093983874878554,0.38304991013410755,2.0924118345430505,0.008061774204160613,0.5530045075202566,1.058136354055957,0.009631009694124565,-30.081160963167846,0.10374782573520488,1.775,-0.5188013316685944,0.06566950274971041,0.16413652982599355,1.6536471805483703,1.7834365928685931,2.7292332070613288,-0.40148494765804316,-0.2976878669388254,-0.2135354144097561,Steel,Basic Materials,CMC
2011Q2,2011,Q2,2011-04-08,2011-02-28,-46162000.0,1791766000.0,-40389000.0,-0.4,81186000.0,0.045310604174875514,3622331000.0,1257093000.0,2171877000.0,1041211000.0,2364544000.0,826539000.0,1105401000.0,1912665523.2800002,2860846523.28,10.95630158798666,2.0859143823874318,0.334923009520665,0.9650853198609809,-0.012856497918857027,10.95630158798666,-0.036721229057834225,1.067475062748149,-10.358441593085223,1.5214988256875188,-0.29760408994410986,2.069569614984895,0.007182646329317903,0.49464447064611156,1.0702768218929688,-0.012743727726704158,-91.14007067950062,0.045310604174875514,-71.79796804915514,-1.5904207641554438,0.11969335619623897,0.19210538446689074,-0.45508363089644804,-71.90937019969277,-2.590869702221522,-2.16465170214904,-0.20234214110309837,-0.193955231470186,Steel,Basic Materials,CMC
2011Q1,2011,Q1,2011-01-07,2010-11-30,651000.0,1782480000.0,25388000.0,0.005649879664940092,148988000.0,0.0835846685516808,3629614000.0,1257596000.0,2172856000.0,1034515000.0,2369289000.0,695950000.0,1165301000.0,1757083291.29,2682102291.29,11.000759392463985,2.1003620053841656,0.36031903116970565,1.0399357186250593,0.00046657975116710715,11.000759392463985,0.0005176543182389257,0.9857520372121987,674.7631686981566,1.397176272260726,21.078341013824886,2.347139880738559,0.0078095330301193085,0.4910935432803598,1.1616892940170032,0.00017935791519428786,-100.43345477507859,0.0835846685516808,-0.9192740045663992,-0.9905508040837154,0.09843134314395363,0.3166529362249412,-0.061528383179218424,-0.9186351706036745,0.06658824517917909,-0.9903200550534582,-0.1336763266904486,-0.19128461987205067,Steel,Basic Materials,CMC
2010Q4,2010,Q4,2010-10-29,2010-08-31,8001000.0,1816247000.0,23803000.0,0.06998835548069837,158756000.0,0.08740881609164393,3706153000.0,1250736000.0,2175206000.0,1102959000.0,2452779000.0,674680000.0,1178372000.0,1488433601.34,2333443601.34,10.940751878578522,1.9721549033100958,0.33574517835610135,0.9948726190019317,0.012660763829968287,10.940751878578522,0.006397033426718348,0.8195105629025127,46.50773657480315,1.190046181880109,1.7142857142857142,2.4567068832631764,0.00921505667948629,0.49006260669756485,1.109426551666925,0.0021588423359747964,152.53469987087516,0.08740881609164393,1.8748544435087298,-0.9031031394138793,0.05854379114684274,0.41004646549390006,0.3240258873765679,1.906526172671652,1.0888986397542781,-0.921423842923511,-0.05710361669268849,-0.169369926405569,Steel,Basic Materials,CMC
2010Q3,2010,Q3,2010-07-09,2010-05-31,-8826000.0,1765154000.0,11395000.0,-0.08,119904000.0,0.06792835072747194,3564500000.0,1224366000.0,2027700000.0,1008983000.0,2337454000.0,652992000.0,1184087000.0,1695037834.1399999,2673001834.14,10.733730182035146,2.0096473379630777,0.3556162154579885,1.0353064361473612,0.0072345607944142324,10.733730182035146,-0.007208628792370908,0.9602775928559207,-48.01262843133922,1.384420862830232,-1.5525719465216405,2.5195561354503577,0.008084185334395443,0.49520381540187963,1.0714917892571034,-0.002476083602188245,-93.67955311926605,0.06792835072747194,0.9477124183006536,-1.1289970538689422,0.07216580652063964,0.5248453246637197,12.919665660552589,0.9490680362398292,1.0820527960597377,-1.092301404339413,-0.2174367546238938,-0.1403114429724477,Steel,Basic Materials,CMC
2010Q2,2010,Q2,2010-04-08,2010-02-28,-173290000.0,1322443000.0,-138874000.0,-1.53,8614000.0,0.006513702291894622,3534848000.0,1310785000.0,1915987000.0,875222000.0,2221767000.0,662663000.0,1206616000.0,1741043774.09,2748118774.09,11.571659340116367,2.189144011462235,0.36896296530996525,0.9949976540775184,-0.045143300989002606,11.571659340116367,-0.13220322173354135,1.3165359672137098,-2.5117487652057244,1.3282451157817643,-0.07822147844653471,1.9826503064151764,0.0077855595601465325,0.37411594501376016,1.1111123806302858,-0.04902332434096176,-29.383713192634847,0.006513702291894622,-4.4642857142857135,-4.217258766697639,-0.13039107224728783,0.6455012960813505,-0.922656993553253,-4.54900893400365,-3.6948613928329954,-3.7213733369410416,-0.3208384317136724,-0.010423365674183463,Steel,Basic Materials,CMC
2010Q1,2010,Q1,2010-01-08,2009-11-30,-31229000.0,1446858000.0,-29580000.0,-0.28,111374000.0,0.07697645518772402,3619782000.0,1522235000.0,1898657000.0,755798000.0,2095160000.0,663208000.0,1393461000.0,1788675222.3,2668955222.3,13.53154345643445,2.512122286642727,0.33546495341432164,0.797715201660716,-0.006883343674185611,13.53154345643445,-0.020515229251725258,1.2362479402263387,-14.319024162637291,1.1750322534299895,-0.4327708219923789,2.013672935187754,0.007555871424562753,0.39970860123620705,1.3617276044657436,-0.008627315125607011,-122.31930672912534,0.07697645518772402,-5.387003225626741,-1.4255977072080042,-0.012421671282676107,1.1042670305961846,-0.29374239042207795,-5.349442896935933,-0.7259890302252305,-1.381946398819765,-0.2397164591921394,0.20426158899322547,Steel,Basic Materials,CMC
2009Q4,2009,Q4,2009-10-30,2009-08-31,7180000.0,1461816000.0,-17138000.0,0.06382489038630655,157696000.0,0.1078767779255392,3687556000.0,1529693000.0,1997552000.0,815338000.0,2155492000.0,678541000.0,1438205000.0,1904545378.21,2715243378.21,13.597839561239613,2.44996798873596,0.3298393298976341,0.7951275190512083,0.0016776389859485658,13.597839561239613,0.004693752275783442,1.3028625888689138,66.31425411594707,1.2450507246944322,1.880640668523677,1.9219472367918815,0.007089880952424923,0.3964186577776717,1.3943726405490728,0.0019470890747150687,32.647856867286066,0.1078767779255392,1.5318740865525546,-0.841750862586653,0.042811788988906606,1.4166932935185579,-0.1818030881620455,1.5490555937906247,-1.7529215358931554,-0.9417455958353806,-0.3216307321307794,0.30874578447633266,Steel,Basic Materials,CMC
2009Q3,2009,Q3,2009-07-08,2009-05-31,-13077000.0,1340580000.0,22762000.0,-0.12,192736000.0,0.14377060675230124,3681961000.0,1494188000.0,2078997000.0,838860000.0,2185339000.0,745949000.0,1444528000.0,2020566195.4900002,2789528195.4900002,13.318210479847247,2.4783599170302555,0.3287245573758114,0.8100392989369477,-0.021624089568835415,13.318210479847247,-0.008751910736801528,1.5072328361530085,-38.62824415940201,1.3522837792098452,-1.032499808824654,1.5387700767746857,0.006682285406010012,0.36409402489597253,1.3729573468755216,-0.003551640009223346,6.756413267917034,0.14377060675230124,0.625,-1.2659723230853266,-0.014073307850948404,1.5251473215831994,0.18282856178465126,0.6296201886311497,3.2901700372270852,-1.1789794657323323,-0.2923327640444703,0.36341131996861126,Steel,Basic Materials,CMC
2009Q2,2009,Q2,2009-04-08,2009-02-28,-35307000.0,1618170000.0,-9939000.0,-0.32,162945000.0,0.10069708374274644,3684013000.0,1443816000.0,2192956000.0,936256000.0,2237393000.0,903842000.0,1471107000.0,1143500886.88,2198384886.88,12.891429756754507,2.3422610909836625,0.31740984627361524,0.8098968289588147,-0.004765632073394653,12.891429756754507,-0.02445394704034309,0.7066630124646979,-8.096842601183901,0.7919990406533797,-0.38182230152660945,1.6100435695619366,0.011789234406964397,0.43924112102753166,1.1786712181283752,-0.00958384240229337,7.05390130640495,0.10069708374274644,-1.5925925925925926,-2.707104697304487,0.5496758468633844,1.645197768307803,-0.38899596526225794,-1.5694126374866948,-1.087820524148656,-1.4626264821562056,0.03594004504644588,0.40265788624825305,Steel,Basic Materials,CMC
2009Q1,2009,Q1,2009-01-09,2008-11-30,62006000.0,2372830000.0,113174000.0,0.54,266684000.0,0.11239068959849631,4162851000.0,1547211000.0,2678902000.0,1276321000.0,2612673000.0,1226416000.0,1519895000.0,1126655104.28,2339968104.2799997,13.691584595321157,2.098924956966155,0.31343711317075723,0.8433187199418826,0.025664015618739357,13.691584595321157,0.04007598187965313,0.47481492744107245,4.542524531013129,0.7281845231710479,0.22018836886752896,1.7173177779807178,0.0121181716996925,0.5700011842845204,0.942885841414503,0.014895080318752701,-13.629661806876195,0.11239068959849631,-0.039666950568906026,3.8918714278853432,1.8481362460450113,1.9167288513400043,-0.13906527936053925,-0.02418834490030373,0.1287263007769256,-0.08952037364004825,0.47923620152154894,0.6387109667493613,Steel,Basic Materials,CMC
2008Q4,2008,Q4,2008-10-30,2008-08-31,63543000.0,3146476000.0,100267000.0,0.5623049215268585,309761000.0,0.09844696098111029,4746371000.0,1638383000.0,3217443000.0,1732481000.0,3104345000.0,1400332000.0,1471542000.0,2941507759.7200003,4057646759.7200003,14.498384153186645,1.8571303235071555,0.2813022833655439,0.8149284996243247,0.025868307553720982,14.498384153186645,0.03878397175751946,0.934857840873409,11.572902442912675,1.7953724859938123,0.2162157908817651,2.0257446091355478,0.004670733896451731,0.6629224727691957,0.9168810509321603,0.013387701888453304,-24.994330382455157,0.09844696098111029,0.10255866966050688,4.8922017205566455,2.895285815521179,2.2198879646365746,0.05541093976790302,0.06823683679644947,-0.022891167069462853,-0.22150504589147363,0.8551583857640692,0.868554881552593,Steel,Basic Materials,CMC
2008Q3,2008,Q3,2008-07-10,2008-05-31,59484000.0,2910730000.0,102616000.0,0.51,293498000.0,0.10083312433650665,4118676000.0,1642665000.0,2814617000.0,1664107000.0,2472172000.0,1189381000.0,1421738000.0,4158017993.4,4901399993.4,14.459182017834122,1.6913678026713426,0.1971410229889411,0.4942943326849966,0.028327551571056264,14.459182017834122,0.036211887390307826,1.428513806983128,17.475363095118016,2.531263522020619,0.23019635532243965,2.200499251291218,0.0032931555423124253,0.7067149734526338,0.8761203456268136,0.01444250530995883,-47.8852278903182,0.10083312433650665,0.49999999999999994,18.438103609961015,2.7130099553329186,2.2632797204677035,0.2343725685638703,0.495512256442489,0.2769537083125933,-0.12708623600649047,0.7751562317842468,1.0540870437806853,Steel,Basic Materials,CMC
2008Q2,2008,Q2,2008-04-09,2008-02-29,39775000.0,2254168000.0,80360000.0,0.34,237771000.0,0.10548060304289654,3597112000.0,1565056000.0,2369437000.0,1261882000.0,2027276000.0,986782000.0,1375947000.0,3507155048.78,4172385048.78,13.592671295380299,1.8777009260770816,0.20590545971323662,0.47325143637032796,0.022807231638360192,13.592671295380299,0.025414426065265398,1.5558534451646906,22.04371495147706,2.2409134553523966,0.35092394720301695,2.043406750427146,0.003979863965482631,0.6266604987556684,0.9894055070125416,0.0110574816686275,-42.604441851577405,0.10548060304289654,-0.4035087719298245,12.34226979430586,2.3561543348914538,2.0829340902971953,-0.087685708146602,-0.42491758718408423,-0.2735819209039548,-0.2735036521897216,0.45829055747761493,0.9328911763082655,Steel,Basic Materials,CMC
2008Q1,2008,Q1,2008-01-09,2007-11-30,69164000.0,2116004000.0,110625000.0,0.57,260624000.0,0.12316800913419823,3560969000.0,1599254000.0,2403880000.0,1085222000.0,1958451000.0,952629000.0,1350130000.0,3634038193.06,4154300193.06,13.602757735018619,2.2151043749573818,0.21793730863705918,0.48526875655774504,0.030752640000952357,13.602757735018619,0.04324766422344418,1.7174061074837288,13.135584238404372,2.2723333460851123,0.1542854664276213,1.9476417367096739,0.002936402820525837,0.5942214043424697,1.250948653823826,0.019422803175203153,-32.54615157946587,0.12316800913419823,-0.36005912375022686,29.40054009567494,2.2601298268335706,2.1000673560250824,-0.13489542359997742,-0.33952768838510683,-0.295660312488062,-0.09808587519584278,0.3819935305393662,1.115341440475207,Steel,Basic Materials,CMC
2007Q4,2007,Q4,2007-10-30,2007-08-31,104719000.0,1980993000.0,157062000.0,0.8907072843046913,301263000.0,0.15207676150294322,3472663000.0,1548567000.0,2458852000.0,1072589000.0,1921196000.0,874104000.0,1296631000.0,3396550093.7400002,3688818093.7400002,13.171629858324305,2.292445661851837,0.20489837338088954,0.45948480110967105,0.0507811006987391,13.171629858324305,0.06762316386698154,1.71456945771136,8.108724524059626,2.193350428970784,0.102875313935389,1.921659207600011,0.003171747715381893,0.5704535683422204,1.400338806383433,0.030155243972709127,13.349120003694388,0.15207676150294322,0.086228395493526,10.6819532824649,1.8546655910324048,1.9938972312023737,-0.05221481155225571,0.05307669874599009,0.013479767443361101,1.2084434234961625,0.35219724400538177,1.340944633150185,Steel,Basic Materials,CMC
2007Q3,2007,Q3,2007-07-09,2007-05-31,99441000.0,2345703000.0,154973000.0,0.82,317860000.0,0.13550735110114112,3264200000.0,1481085000.0,2324992000.0,1326905000.0,1777674000.0,1011083000.0,1202685000.0,4169613353.6,4655789353.6,12.485603180700634,1.7521917544963657,0.1713439740211997,0.3776292380248264,0.05216809085703714,12.485603180700634,0.06714064351472063,1.7775538308131933,10.482631292927463,2.8152424429387914,0.10793334741203327,2.0056147714876027,0.002574099584253596,0.7186149745726365,0.9243540419246291,0.030464125972673242,-344.93823242885503,0.13550735110114112,0.5185185185185184,10.420080553199512,5.885646659225497,4.635050764597298,0.22844444444444445,0.5084874319260934,0.3222162498826862,0.9128579504291352,0.6316004874035862,1.3672840640117658,Steel,Basic Materials,CMC
2007Q2,2007,Q2,2007-04-06,2007-02-28,65921000.0,2015776000.0,117207000.0,0.54,258750000.0,0.12836247678313464,2862722000.0,1371262000.0,2027658000.0,978073000.0,1419265000.0,864592000.0,1113977000.0,3233039417.61,3520644417.61,11.693545440267961,2.073115196922929,0.1270713677402137,0.2652811789431925,0.04399578466275847,11.693545440267961,0.04807323472830138,1.6038683949059818,12.261037520706605,2.3577109389817554,0.16190591768935544,2.032202472380036,0.0033012279225132168,0.7041466129089726,1.1069296463556402,0.02302738442643051,-1274.355308478518,0.12836247678313464,-0.23943661971830976,8.180659336112901,2.2572575364269443,1.7067714744204407,-0.08618631557385734,-0.2276391329818395,-0.20792701469842878,2.0441051989234524,0.8437223452568573,1.3994033932501482,Steel,Basic Materials,CMC
2007Q1,2007,Q1,2007-01-09,2006-11-30,85350000.0,1986544000.0,147975000.0,0.71,283154000.0,0.1425359820874846,2852117000.0,1319498000.0,2076565000.0,1020979000.0,1463421000.0,859202000.0,1058729000.0,,,,,,,,,,,,,,,,,,,,,,,,,,,,,,,Steel,Basic Materials,CMC
