Year,Date,FillingDate,NetIncome,Revenue,OperatingIncome,EPSDiluted,GrossProfit,GrossProfitRatio,TotalAssets,CommonStockEquity,CurrentAssets,CurrentLiability,TotalLiability,Inventory,RetainedEarnings,EnterpriseValue,bookValuePerShare,currentRatio,debtToAssets,debtToEquity,roic,shareholdersEquityPerShare,roe,priceToSalesRatio,peRatio,pbRatio,payoutRatio,inventoryTurnover,dividendYield,assetTurnover,quickRatio,returnOnAssets,priceToFreeCashFlowsRatio,grossProfitMargin,epsdilutedGrowth,fiveYNetIncomeGrowthPerShare,fiveYRevenueGrowthPerShare,fiveYShareholdersEquityGrowthPerShare,grossProfitGrowth,netIncomeGrowth,operatingIncomeGrowth,threeYNetIncomeGrowthPerShare,threeYRevenueGrowthPerShare,threeYShareholdersEquityGrowthPerShare,Industry,Sector,Price,MarketCap,AvgVolume,Symbol
2022,2022-12-31,2022-12-31,-50188000.0,37054000.0,-37900000.0,-3.19,19219000.0,0.5186754466,119135000.0,9315000.0,29149000.0,18278000.0,109820000.0,2327000.0,-288346000.0,128265300.0,0.5921805467260013,1.5947587263376737,0.33401603223234144,4.271926999463231,-0.8091834751188403,0.5921805467260013,-5.387869028448739,2.806047930048038,-2.0717163465370207,11.162136339237788,0.0,7.6643747314138375,0.0,0.31102530742435053,1.3601050443155707,-0.42126998782893355,-2.716107207230741,0.5186754466454364,-0.3347280334728033,-0.29601800059847816,-0.7097403663398552,-0.9321223281536776,0.8458509412216673,-0.7190026030963146,-0.4120189262695131,0.5367399229869476,0.2508572964059122,-0.8121158599931437,Diagnostics & Research,Healthcare,3.67,99229827,245119,MDXH
2021,2021-12-31,2021-12-31,-29196000.0,22239000.0,-26841000.0,-2.39,10412000.0,0.4681865192,75072000.0,46899000.0,66606000.0,16432000.0,28173000.0,1911000.0,-244302000.0,73140824.47999999,3.846206206646222,4.0534323271665045,0.2072144075021313,0.3316915072816051,-0.4099052572413562,3.846206206646222,-0.6225292650163117,5.219786163046899,-3.975983849842444,2.475166303759142,0.0,6.188906331763475,0.0,0.2962356138107417,3.8681231742940603,-0.3889066496163683,-4.951493963487459,0.4681865191780206,0.34159779614325064,0.16257965258961077,-0.71864057609869,-0.6639893554018294,0.32653841253662885,0.03327704380649647,0.010397079969029974,0.5748940131822895,-0.6292043536664903,-0.5748200843510486,Diagnostics & Research,Healthcare,3.67,99229827,245119,MDXH
2020,2020-12-31,2020-12-31,-30201000.0,18372000.0,-27123000.0,-3.63,7849000.0,0.4272262138,31856000.0,5849000.0,23091000.0,13021000.0,26007000.0,2324000.0,-215300000.0,99757064.0,0.7030113984241679,1.7733661009139083,0.4982106981416374,2.713455291502821,-1.1667903862987365,0.7030113984241679,-5.163446743032997,5.434305682560418,-3.305819807291149,17.069424517011456,0.0,4.5279690189328745,0.0,0.576720241084882,1.5242300898548498,-0.9480474635861377,-4.804343583080699,0.4272262138036142,0.4731494920174165,-0.029115271236865886,-0.47819004284829497,-0.9344421302541445,55.50694444444444,0.29928074245939673,0.371701915726563,-0.4744903528352546,-0.7279069491385671,-0.9194185332998802,Diagnostics & Research,Healthcare,3.67,99229827,245119,MDXH
2019,2019-12-31,2019-12-31,-43100000.0,11785000.0,-43169000.0,-6.89,-144000.0,-0.0122189224,40628000.0,19724000.0,30907000.0,10427000.0,20904000.0,1192000.0,-186638000.0,64047208.0,3.151838929589222,2.9641315814711806,0.2707984641134193,0.5577976069762726,-1.32666879591982,3.151838929589222,-2.1851551409450414,6.3721008061094615,-1.7423482134570767,3.8073011559521395,0.0,10.00755033557047,0.0,0.2900708870729546,2.756785269013139,-1.0608447376193757,-3.358161524013952,-0.012218922358930843,-0.22380106571936054,-0.5682110576885013,-0.42977063116502573,-0.5392341834141959,-1.0086299892125135,-0.32819722650231126,-0.34491245560471057,-1.408781815868958,-0.7094801322180255,-0.7246503766306529,Diagnostics & Research,Healthcare,3.67,99229827,245119,MDXH
2018,2018-12-31,2018-12-31,-32450000.0,28338000.0,-32098000.0,-5.63,16686000.0,0.5888206648,65476000.0,52117000.0,47863000.0,11477000.0,13359000.0,1807000.0,-143538000.0,43458456.0,9.046067476578154,4.170340681362726,0.008033477915572119,0.010092676094172727,-0.60460744449375,9.046067476578154,-0.622637527102481,2.4396730891382594,-2.130522526964561,1.326543277625343,0.0,6.448256779192031,0.0,0.4327998045085222,2.2830879149603556,-0.4956014417496487,-2.3131509635974306,0.5888206648316748,-1.2886178861788617,-0.04571699030422087,0.9558851693165483,0.10741163932063831,-0.44939778914370565,-1.6407877604166667,-1.6151213948183152,-0.5968240676092248,0.16231753671871457,-0.15642774118448324,Diagnostics & Research,Healthcare,3.67,99229827,245119,MDXH
2017,2017-12-31,2017-12-31,-12288000.0,40508000.0,-12274000.0,-2.46,30305000.0,0.7481238274,58521000.0,43546000.0,39316000.0,13115000.0,14975000.0,1919000.0,-111088000.0,43953620.0,8.7242318514801,2.99778879146016,0.015105688556244766,0.02030037202039223,-0.2737375027095079,8.7242318514801,-0.282184356772149,1.478636812481485,-4.8743994140625,1.3754792633077666,0.0,5.316831683168317,0.0,0.6921959638420396,1.2830346930995045,-0.20997590608499514,-3.9023141572740894,0.74812382739212,0.13986013986013984,0.5457556235407006,2.6419296374022148,0.20162813480325853,0.5333434527423598,0.06725368149385152,0.04452747937101043,0.43944484179848164,1.4573708635879963,0.275391256638553,Diagnostics & Research,Healthcare,3.67,99229827,245119,MDXH
2016,2016-12-31,2016-12-31,-13174000.0,29867000.0,-12846000.0,-2.86,19764000.0,0.661733686,67721000.0,52741000.0,51488000.0,12593000.0,14980000.0,1479000.0,-98800000.0,25322444.0,11.446679646848196,4.0886206622726915,0.007944359947431373,0.010200792552283802,-0.23905761196747974,11.446679646848196,-0.24978669346428775,1.851221883684334,-4.196936693487172,1.0483389393451017,0.0,6.830966869506423,0.0,0.4410301088288714,2.422456920511395,-0.1945334534339422,-2.5752419189566838,0.6617336860079687,0.18980169971671387,0.44151937448229756,2.202813554202802,0.34248565998990266,0.8712365082370763,0.09513016003846418,0.10680016687526074,0.4691548223422032,1.5776058802467539,0.4012924738086691,Diagnostics & Research,Healthcare,3.67,99229827,245119,MDXH
2015,2015-12-31,2015-12-31,-14559000.0,17467000.0,-14382000.0,-3.53,10562000.0,0.6046831167,57742000.0,44262000.0,44646000.0,10825000.0,13480000.0,1427000.0,-85626000.0,19858732.0,10.723524134470695,4.124341801385682,0.014686017110595407,0.019158646242826805,-0.32071512456181833,10.723524134470695,-0.3289277484072116,2.835674815366119,-3.4020696476406345,1.1190351091229498,0.0,4.838822704975473,0.0,0.3025007793287382,2.819399538106236,-0.25213882442589447,-3.002772476508033,0.6046831167344134,0.1958997722095672,0.576272635704719,0.6543823257289652,-0.008525523729731616,1.1014723438121767,0.04624959056665575,0.06257332811888933,0.3491701370693748,0.8990510481488277,0.4769997546587028,Diagnostics & Research,Healthcare,3.67,99229827,245119,MDXH
2014,2014-12-31,2014-12-31,-15265000.0,11479000.0,-15342000.0,-4.39,5026000.0,0.4378430177,30953000.0,23776000.0,28113000.0,7094000.0,7177000.0,860000.0,-71153000.0,22812624.0,6.840435674989542,3.9629264166901605,0.0,0.0,-0.6456532105542307,6.840435674989542,-0.6420339838492598,3.6335590208206288,-2.7323697346871927,1.7542742261103634,0.0,7.503488372093023,0.0,0.37085258294834106,2.6638003946997464,-0.4931670597357284,-2.10071135734072,0.43784301768446726,0.1855287569573284,0.7087724207378678,0.1921971947857048,-0.6653241260070382,1.8540601930721181,0.056492984733296246,0.04536120963225686,0.14217032926356557,0.6317661298266052,-0.19774230736986081,Diagnostics & Research,Healthcare,3.67,99229827,245119,MDXH
2013,2013-12-31,2013-12-31,-16179000.0,7554000.0,-16071000.0,-5.39,1761000.0,0.233121525,29384000.0,24537000.0,27622000.0,4847000.0,4847000.0,171000.0,-55821000.0,11362576.0,8.168658478366389,5.698782752217867,0.0,0.0,-0.6551320161918043,8.168658478366389,-0.6593715613155643,4.771720413026212,-2.227923604672724,1.4690294657048537,0.0,33.87719298245614,0.0,0.2570786822760686,5.092428306168764,-0.5506057718486251,-2.3525372666753688,0.23312152501985703,0.005535055350553551,0.4942487207070165,-0.29268507044880193,-0.7871620686440475,-0.5271439843750505,-0.3525250480928691,-0.364311882788871,0.35296255135485155,-0.016855580379393838,-0.24474302616294116,Diagnostics & Research,Healthcare,3.67,99229827,245119,MDXH
2012,2012-12-31,2012-12-31,-11962070.516042002,4918401.354247,-11779564.630888,-5.42,3724178.062264,0.7571927938,20001587.007697,16024810.22033,18906551.696776,3954294.178327,3976776.787367,122993.096517,-38019414.39416,12426474.311106,7.260342529270514,4.781270903009817,0.0716080402010017,0.08937855904926312,-0.6799598170879645,7.260342529270514,-0.7464718989848771,5.385091230330261,-2.2141685224543948,1.6528145816290716,0.0,9.709677419317071,0.0,0.24590055540864347,3.917725752508215,-0.5980560698227977,-2.2272191153914083,0.7571927937617784,-0.058593749999999965,0.547343584218774,-0.37470008772625657,-0.8423146959493651,0.18686062946718454,-0.35785427492321237,-0.2806147796197839,0.6406138848907532,-0.19557186936553078,-0.6447797191696281,Diagnostics & Research,Healthcare,3.67,99229827,245119,MDXH
2011,2011-12-31,2011-12-31,-8809539.239193002,3482599.961117,-9198366.923725,-5.12,3137839.4141659997,0.9010048381,19042187.803772002,14671764.629642,18042900.654527,4007517.335234,4370423.17413,0.0,-25626336.595166,6439688.3149500005,8.526481874625231,4.502263906856805,0.010890280424706338,0.014134275618355532,-0.6048572466795314,8.526481874625231,-0.6004416961130026,5.929118540901027,-2.343907829836913,1.4073799928798232,0.0,0.0,0.0,0.18288864688264148,3.5973479948256344,-0.46263272529262367,-2.3002514466359214,0.9010048381093927,0.38461538461538464,0.490047807345676,-0.5252222000583916,-0.8266885601092774,0.08926198315394347,0.1973957889313453,0.17329045063961826,0.5192749480645469,-0.4307570232413088,-0.7778388252189258,Diagnostics & Research,Healthcare,3.67,99229827,245119,MDXH
2010,2010-12-31,2010-12-31,-10976193.642771,3372788.934699,-11126479.585051,-8.32,2880702.2210399997,0.8541009464,19176752.22769,14261204.947466,17701822.050805,4082989.759276,4915547.280223,0.0,-17056789.466684,1739742.2407240004,10.815733930751783,4.335504885994107,0.0002774117483938948,0.0003730299356608894,-0.7818842197859034,10.815733930751783,-0.7696540147346598,4.691290296056453,-1.4415500049437417,1.1094947487457192,0.0,0.0,0.0,0.17587904847771402,3.450488599348864,-0.5723697898605625,-1.450867340341498,0.8541009463721703,0.4482758620689655,0.2175684375288123,-0.6797424189745556,-0.5864671142386987,-0.15128116412119602,0.44770066217949234,0.47282345453925567,0.3047361632460792,-0.28222368231140976,-0.7650961663963365,Diagnostics & Research,Healthcare,3.67,99229827,245119,MDXH
2009,2009-12-31,2009-12-31,-19873631.726747,3650639.005101,-21105794.028311,-15.08,3394177.316752,0.9297488226,35463350.335263,26935641.010946,32632242.535389,7729669.322024,8527709.324317,0.0,-64678491.604103,-10021019.420712002,20.43898651366007,4.221686746988072,0.0,0.0,-0.7600037677770025,20.43898651366007,-0.737819148936193,4.331918871710647,-0.7957414234820658,0.5871132598468125,0.0,0.0,0.0,0.10294117647059943,3.3423540315107654,-0.5603991596638754,-0.842960843525304,0.9297488226059468,-0.41596244131455395,0.1710099812137961,0.9764914926286207,0.08897010680848334,-0.12327460132490997,-0.5760680740330184,-0.3386134630317381,-0.5020971661555221,-0.35016930376390953,-0.5845519600374237,Diagnostics & Research,Healthcare,3.67,99229827,245119,MDXH
2008,2008-12-31,2008-12-31,-12609627.752875,4209705.710388,-15766907.035664998,-10.65,3871425.7872320004,0.9196428571,54364228.63825,45442269.677312,47877049.864966,7179051.702536,8921958.960938,0.0,-14188267.39427,-28389996.545591004,38.37971186021834,6.668993600931086,2.5606883126463358e-05,3.063443923213708e-05,-0.3083420714681237,38.37971186021834,-0.2774867506050346,3.3751090877776484,-1.1267752132302655,0.3126651925815613,0.0,0.0,0.0,0.0774352145856826,5.933876284661899,-0.23194714739322211,-0.882213664226853,0.9196428571428996,0.11027568922305767,0.41455785514643617,1.5368071294937442,1.0448351925751405,0.21190999757617096,0.025294107194364576,0.01824343817054232,-0.0010108578045033433,-0.5548525268282647,0.46742450413997466,Diagnostics & Research,Healthcare,3.67,99229827,245119,MDXH
TTM,,,,,,,,,,,,,,,,90558827.0,1.6077376377145784,3.2714018691588787,0.2624989223637702,1.0513413014608233,-0.5075897806553408,1.6077376377145784,-2.0559034672369023,2.17380448212408,-1.7027054977711737,2.2827107569721115,0.0,10.126600985221675,0.0,0.3027196222636329,3.0577303070761013,-0.33473039199432336,-2.899422247545582,0.5496626358219419,,,,,,,,,,,Diagnostics & Research,Healthcare,3.67,99229827,245119,MDXH
