Quarters,Year,Quarter,FillingDate,Date,NetIncome,Revenue,OperatingIncome,EPSDiluted,GrossProfit,GrossProfitRatio,TotalAssets,CommonStockEquity,CurrentAssets,CurrentLiability,TotalLiability,Inventory,RetainedEarnings,MarketCap,EnterpriseValue,bookValuePerShare,currentRatio,debtToAssets,debtToEquity,roic,shareholdersEquityPerShare,roe,priceToSalesRatio,peRatio,pbRatio,payoutRatio,inventoryTurnover,dividendYield,assetTurnover,quickRatio,returnOnAssets,priceToFreeCashFlowsRatio,grossProfitMargin,epsdilutedGrowth,fiveYNetIncomeGrowthPerShare,fiveYRevenueGrowthPerShare,fiveYShareholdersEquityGrowthPerShare,grossProfitGrowth,netIncomeGrowth,operatingIncomeGrowth,threeYNetIncomeGrowthPerShare,threeYRevenueGrowthPerShare,threeYShareholdersEquityGrowthPerShare,Industry,Sector,Symbol
2023Q1,2023,Q1,2023-05-09,2023-03-31,694000.0,267104000.0,796000.0,0.03,267104000.0,1.0,2898403000.0,751795000.0,451895000.0,0.0,50000000.0,0.0,617213000.0,614189991.15,610959991.15,32.49834340775711,0.0,0.017250879191057972,0.06650749206898157,-0.6889840919437014,32.49834340775711,0.0009231239899174642,2.299441382944471,221.24999681195965,0.8169647193051297,5.81700288184438,0.0,0.006572884706963692,0.09215557670896697,0.0,0.00023944220317188465,-65.33241050420168,1.0,-0.9620253164556962,-0.9836956517679517,0.14493811948946192,-0.16739688328743843,-0.04661215078365095,-0.965506958250497,-0.9660380578547658,1.0103448276782196,0.6242087303231468,-0.0243708221243383,Insurance—Property & Casualty,Financial Services,UFCS
2022Q4,2022,Q4,2023-02-28,2022-12-31,20120000.0,280163000.0,23438000.0,0.79,280163000.0,1.0,2882286000.0,740114000.0,580073000.0,0.0,2142172000.0,0.0,620555000.0,689760401.76,643110401.76,29.35732319270737,0.0,0.01734734165866954,0.06755716011317175,0.026361077898179847,29.35732319270737,0.027185001229540314,2.4619967724503233,8.57058153280318,0.9319650780285199,0.20049701789264412,0.0,0.00584840763503791,0.0972016656223567,0.0,0.006980570283448624,22.2130748988793,1.0,1.8681318681318682,-0.5676390689023246,0.0026496404098765585,-0.2484990577384105,0.1892831521439214,1.8755058526608939,1.7701761303890642,1.8619225234295822,-0.048789885266567926,-0.19338352989679042,Insurance—Property & Casualty,Financial Services,UFCS
2022Q3,2022,Q3,2022-11-03,2022-09-30,-22981000.0,235573000.0,-30432000.0,-0.91,235573000.0,1.0,2818900000.0,700795000.0,427633000.0,0.0,2118105000.0,0.0,604469000.0,723749324.22,720732324.22,27.818803660644058,0.0,0.017737415303841923,0.0713475410069992,-0.02982771388588943,27.818803660644058,-0.03279275679763697,3.072293192428674,-7.873344547887386,1.0327546917714883,-0.17540576998389976,0.0,0.005569607963840649,0.08356912270743908,0.0,-0.008152470821951825,-51.997221367914364,1.0,-1.1666666666666667,-0.26702119272135955,-0.13945832588084017,-0.2688767673768219,0.07304952262954595,-1.1976666347900928,-1.2943305186972256,-9.13616950060354,-0.18356628025588423,-0.2491898874141308,Insurance—Property & Casualty,Financial Services,UFCS
2022Q2,2022,Q2,2022-08-04,2022-06-30,-10457000.0,219536000.0,-13264000.0,-0.42,219536000.0,1.0,2885194000.0,780903000.0,465215000.0,0.0,2104291000.0,0.0,631481000.0,852245498.3699999,810311498.3699999,31.364565422902487,0.0,0.01732985719504477,0.06402843887140912,-0.011871759389653645,31.364565422902487,-0.013390907705566505,3.882030730130821,-20.374999961030888,1.091358975916343,-0.38519651907812946,0.0,0.004726337666439929,0.07609055058342697,0.0,-0.003624366333771663,-48.786163968744624,1.0,-1.375,-4.568585098103147,-0.22777697201923935,-0.181075682915642,-0.1039858946835691,-1.3688666266887721,-1.3733918869464854,-1.4705882459073114,-0.28454954754558814,-0.2005072012999305,Insurance—Property & Casualty,Financial Services,UFCS
2022Q1,2022,Q1,2022-05-05,2022-03-31,28349000.0,245014000.0,35523000.0,1.12,245014000.0,1.0,2929997000.0,835625000.0,594349000.0,0.0,2094372000.0,0.0,645966000.0,779472073.77,719950073.77,33.30827315522391,0.0,0.017064863888939137,0.05983545250560957,0.03274483084452127,33.30827315522391,0.03392550486163052,3.1813368777702498,6.873893909573529,0.9328012849902767,0.13287946664785355,0.0,0.004832758127921764,0.08362261121769067,0.0,0.00967543652775071,-851.8820478360656,1.0,-0.5087719298245613,0.44215006490303616,-0.12214119939794423,-0.11757705709277987,-0.0676859384631776,-0.5089806876244912,-0.5139827609796142,-0.3621440331695832,-0.1967068996130198,-0.12366331587998743,Insurance—Property & Casualty,Financial Services,UFCS
2021Q4,2021,Q4,2022-02-25,2021-12-31,57735000.0,262802000.0,73090000.0,2.28,262802000.0,1.0,3012721000.0,879121000.0,609343000.0,0.0,2133600000.0,0.0,621384000.0,581653991.76,499549991.76,35.0497310751921,0.0,0.016596292852872868,0.056874992179688576,0.06282356844621802,35.0497310751921,0.0656735534698864,2.2132784064048217,2.5186368396986234,0.6616313246526928,0.06515978176149649,0.0,0.006467762713390374,0.08723077908641391,0.0,0.0191637393572123,66.97225005872194,1.0,6.999999999999999,3.8799724333846966,-0.08517776977026957,-0.05369815735880769,0.05737035442559235,7.018450953820494,0.0,2.969260545585492,0.0029916707596437885,-0.009812971904460562,Insurance—Property & Casualty,Financial Services,UFCS
2021Q3,2021,Q3,2021-11-04,2021-09-30,-9593000.0,248543000.0,0.0,-0.38,248543000.0,1.0,3010654000.0,814529000.0,0.0,0.0,2196125000.0,0.0,567411000.0,583153424.7,500381424.70000005,32.265299495890964,0.0,0.0166076872334051,0.061385168606642615,0.0,32.265299495890964,-0.011777358448870451,2.3462878644741556,-15.197368516105495,0.7159394259750114,-0.39226519337016574,0.0,0.006452847296465512,0.08255448816104408,0.0,-0.0031863508726011026,-29.186858093093097,1.0,-1.7037037037037037,-1.7800825096746136,-0.1365294262550285,-0.1459328667864669,0.016901788782874818,-1.6976727272727272,0.0,-1.8599817705922848,-0.15504226687334338,-0.08582234056628209,Insurance—Property & Casualty,Financial Services,UFCS
2021Q2,2021,Q2,2021-08-04,2021-06-30,13750000.0,244412000.0,0.0,0.54,244412000.0,1.0,3058153000.0,839475000.0,0.0,0.0,2218678000.0,0.0,580767000.0,693250000.0,624731000.0,33.579,0.0,0.01634973789735177,0.05956103517079127,0.0,33.579,0.0163792846719676,2.8363991948022194,12.604545454545454,0.8258137526430209,0.27432727272727275,0.0,0.005441038586368553,0.0799214427793508,0.0,0.004496177921771736,59.89718334197339,1.0,-0.27027027027027023,3.4802362395632627,-0.11359223933746292,-0.11368684583847968,-0.18728448634179592,-0.264784515025131,0.0,86.49751369426752,-0.11334874622551291,-0.13053285405660378,Insurance—Property & Casualty,Financial Services,UFCS
2021Q1,2021,Q1,2021-05-05,2021-03-31,18702000.0,300735000.0,0.0,0.74,300735000.0,1.0,3064967000.0,823599000.0,0.0,0.0,2241368000.0,0.0,570789000.0,867772799.9999999,846258799.9999999,33.02851299326275,0.0,0.016313389344811868,0.06070915579062141,0.0,33.02851299326275,0.022707652631924032,2.8855065090528202,11.6,1.053635082121275,0.20142230777456957,0.0,0.004340998012382965,0.09812014289223996,0.0,0.006101860150533432,55.40625718299067,1.0,3.055555555555556,-0.15693512284300173,0.14435577623157014,-0.1038819489600937,-0.061760016971837355,3.1034754245866605,0.0,-0.5923913000721169,0.19590592694346512,-0.15381401096254205,Insurance—Property & Casualty,Financial Services,UFCS
2020Q4,2020,Q4,2021-02-26,2020-12-31,-8891000.0,320531000.0,0.0,-0.36,320531000.0,1.0,3069678000.0,825149000.0,0.0,0.0,2244529000.0,0.0,555854000.0,628892522.9,590944522.9,32.9328766773926,0.0,0.016288353371265652,0.06059511676073048,0.0,32.9328766773926,-0.010775023662393095,1.9620333849144076,-17.68340239849286,0.7621563171015174,-0.4216623551906422,0.0,0.0059612729735,0.104418443888903,0.0,-0.002896394996478458,12.344054073841443,1.0,0.7583892617449663,-1.2888832414619285,0.1799422832663844,-0.05755864841463889,0.13614725596463928,0.7612577535511936,0.0,-1.1922421137072066,0.1542181977799749,-0.15697055579668226,Insurance—Property & Casualty,Financial Services,UFCS
2020Q3,2020,Q3,2020-11-04,2020-09-30,-37241000.0,282121000.0,0.0,-1.49,282121000.0,1.0,3048480000.0,820282000.0,0.0,0.0,2228198000.0,0.0,568501000.0,507877267.2,408273267.2,32.81920912092362,0.0,0.0,0.0,0.0,32.81920912092362,-0.045400240405128967,1.800210786152041,-3.4093960097741736,0.6191495939201397,-0.22182540748100213,0.0,0.016265740826605753,0.09254480921639636,0.0,-0.01221625203380045,-24.694995001458718,1.0,-7.208333333333334,-2.912048162118859,0.06949783377915085,-0.026941853463295747,-0.05265897254225108,-7.2484899328859065,0.0,-1.0694444129493,0.038721889375235546,-0.1374580101526106,Insurance—Property & Casualty,Financial Services,UFCS
2020Q2,2020,Q2,2020-08-05,2020-06-30,5960000.0,297803000.0,0.0,0.24,297803000.0,1.0,3034913000.0,860667000.0,0.0,0.0,2174246000.0,0.0,613996000.0,688131657.4300001,541869657.4300001,34.65773200882862,0.0,0.0,0.0,0.0,34.65773200882862,0.006924861764189867,2.310694175109049,28.864582945889264,0.7995329871251018,1.3870805369127517,0.0,0.012013689401930993,0.09812571233508176,0.0,0.0019638124717248897,377.47211049369173,1.0,1.0827586206896551,-0.6000998268335709,0.1725886004521651,0.04246282824376899,0.6748854081718737,1.0821683624231395,0.0,1.0391915081019212,0.05024077213479186,-0.0950915743822799,Insurance—Property & Casualty,Financial Services,UFCS
2020Q1,2020,Q1,2020-05-06,2020-03-31,-72534000.0,177805000.0,0.0,-2.9,177805000.0,1.0,2949646000.0,833144000.0,0.0,0.0,2116502000.0,0.0,616303000.0,815632319.64,694908319.64,33.31013887727212,0.0,0.0,0.0,0.0,33.31013887727212,-0.08706058016381321,4.587229378476421,-2.8112068810488875,0.9789812080984799,-0.11372597678330162,0.0,0.010113625712675173,0.06028011496972857,0.0,-0.024590747499869475,-84.68822756100093,1.0,-2.1182795698924726,-4.062525550061626,-0.25460551993355146,-0.013358912809767566,-0.3916204749195921,-2.131459655485041,0.0,-4.7010931634680375,-0.3610109504166481,-0.1175276292544541,Insurance—Property & Casualty,Financial Services,UFCS
2019Q4,2019,Q4,2020-02-28,2019-12-31,-23163000.0,292260000.0,0.0,-0.93,292260000.0,1.0,3013472000.0,910472000.0,0.0,0.0,2103000000.0,0.0,697116000.0,1093948061.99,973226061.99,36.39564065552863,0.0,0.0,0.0,0.0,36.39564065552863,-0.025440650563663684,3.743064606822692,-11.80706365744938,1.2015175227684103,-0.35643051418210075,0.0,0.007546976211084024,0.09698447505070563,0.0,-0.00768648256894373,33.193193008769,1.0,-9.333333333333334,-1.6657718216500348,0.17609322433299754,0.11399673085463673,-0.019442720303299726,-8.890264730999146,0.0,-2.962997489209176,0.020056345363422174,-0.01736016911095026,Insurance—Property & Casualty,Financial Services,UFCS
2019Q3,2019,Q3,2019-11-06,2019-09-30,-2342000.0,298055000.0,0.0,-0.09,298055000.0,1.0,3014029000.0,964168000.0,0.0,0.0,2049861000.0,0.0,728536000.0,1222523989.56,1092815989.56,37.05171679805053,0.0,0.0,0.0,0.0,37.05171679805053,-0.002429037263215539,4.101672475080102,-130.49999888556786,1.267957440570523,-3.5371477369769426,0.0,0.0067761451478604556,0.09888922767498255,0.0,-0.0007770330013413939,93.94636052870206,1.0,0.4705882352941177,-7.975244028797329,0.2231755382295989,0.1544204714465209,-0.020190863157756322,0.44184938036224974,0.0,-1.184756386603639,0.004543829668091041,-0.01923571016656093,Insurance—Property & Casualty,Financial Services,UFCS
2019Q2,2019,Q2,2019-08-07,2019-06-30,-4196000.0,304197000.0,0.0,-0.17,304197000.0,1.0,3001797000.0,968303000.0,0.0,0.0,2033494000.0,0.0,739162000.0,1203264708.75,1054480708.75,39.23057902947908,0.0,0.0,0.0,0.0,39.23057902947908,-0.004333354332269961,3.9555442977741397,-71.69117664144423,1.2426530835389336,-1.9840324118207817,0.0,0.00691867711191193,0.10133829835928279,0.0,-0.001397829366875908,72.18144623575284,1.0,-1.0977011494252873,-1.4030052606212056,0.3417101320766192,0.20265526602198464,-0.004392237979439613,-1.0942476584083916,0.0,-2.3848002889283584,0.11742761813824816,0.035485816706882216,Insurance—Property & Casualty,Financial Services,UFCS
2019Q1,2019,Q1,2019-05-08,2019-03-31,44521000.0,305539000.0,0.0,1.74,305539000.0,1.0,2903999000.0,955191000.0,0.0,0.0,1948808000.0,0.0,751683000.0,1099730853.36,1004194853.3599999,38.00853457215584,0.0,0.0,0.0,0.0,38.00853457215584,0.04660952626228681,3.5993141738370547,6.17534901147773,1.1513203677170323,0.17513083713303834,0.0,0.007089916570202501,0.10521319050040995,0.0,0.015330928144259003,-836.9336783561643,1.0,2.4871794871794877,2.3749928289920192,0.38522226413162175,0.19451614848798876,0.1653876374066474,2.5176233978729208,0.0,0.9913864493499589,0.15361644180561226,0.031234252981079427,Insurance—Property & Casualty,Financial Services,UFCS
2018Q4,2018,Q4,2019-02-28,2018-12-31,-29336000.0,262178000.0,0.0,-1.17,262178000.0,1.0,2816698000.0,888375000.0,0.0,0.0,1928323000.0,0.0,715472000.0,1391651273.6000001,1327197273.6000001,35.397081642853315,0.0,0.0,0.0,0.0,35.397081642853315,-0.03302209089629942,5.308039856891121,-11.859586119443689,1.5665133233150417,-0.26496454867739294,0.0,0.005585451001594945,0.093079911300395,0.0,-0.010415032069465736,44.0437786372124,1.0,-3.7209302325581395,-2.1175444407307813,0.1935740673828386,0.14673448878198433,-0.10185331095200575,-3.650045167118338,0.0,-1.9515825603714694,-0.03647982885785036,0.01295959634672415,Insurance—Property & Casualty,Financial Services,UFCS
2018Q3,2018,Q3,2018-11-07,2018-09-30,11070000.0,291910000.0,0.0,0.43,291910000.0,1.0,2830960000.0,884216000.0,0.0,0.0,1946744000.0,0.0,752581000.0,1234593458.56,1182341458.56,35.29434258531052,0.0,0.0,0.0,0.0,35.29434258531052,0.01251956535507161,4.229363360487821,27.881514420957544,1.3962577679661983,7.490424570912376,0.0,0.0671629996296228,0.10311343148613898,0.0,0.003910334303557804,-171.9250046734438,1.0,42.0,-0.04272287719007695,0.3270897134360723,0.20463605651641809,0.05995301362750046,69.50955414012739,0.0,-0.4329688571396724,0.10401574124677267,0.04644348536108811,Insurance—Property & Casualty,Financial Services,UFCS
2018Q2,2018,Q2,2018-08-08,2018-06-30,157000.0,275399000.0,0.0,0.01,275399000.0,1.0,2902176000.0,964600000.0,0.0,0.0,1937576000.0,0.0,824431000.0,1361472449.1299999,1260632449.1299999,38.6202056704119,0.0,0.0,0.0,0.0,38.6202056704119,0.00016276176653535145,4.9436361393106,2167.9497597611467,1.4114373306344599,49.40127388535032,0.0,0.005696773375734627,0.09489396921482364,0.0,5.409733937569603e-05,41.367053024124935,1.0,-0.9944444444444445,-0.989738077830799,0.26953131222820514,0.3303726695090725,0.09810402918718475,-0.9965689809654932,0.0,-0.9895261265623986,0.0781552331303822,0.16164926257372744,Insurance—Property & Casualty,Financial Services,UFCS
2018Q1,2018,Q1,2018-05-09,2018-03-31,45759000.0,250795000.0,0.0,1.8,250795000.0,1.0,2845364000.0,970693000.0,0.0,0.0,1874671000.0,0.0,832031000.0,1190231392.92,873379392.9200001,39.032214455397565,0.0,0.0,0.0,0.0,39.032214455397565,0.0471405480414508,4.74583382013198,6.502717459516161,1.2261666592012097,0.15210122598833017,0.0,0.0058476024421814324,0.08814162265355154,0.0,0.016081949444781054,60.347380871064246,1.0,-0.005524861878453044,1.0760944184491668,0.2410869342966276,0.3008109891462803,-0.09187194704653344,-0.005087730741634597,0.0,0.9431196282509915,0.0574162930294083,0.15612806802171886,Insurance—Property & Casualty,Financial Services,UFCS
2017Q4,2017,Q4,2018-02-28,2017-12-31,45993000.0,276167000.0,0.0,1.81,276167000.0,1.0,4183431000.0,973373000.0,0.0,0.0,3210058000.0,0.0,608700000.0,1135708017.48,1040146017.48,39.06491867376581,0.0,0.0,0.0,0.0,39.06491867376581,0.04725115654533257,4.112395823831233,6.173265591937903,1.166775755522292,0.1516100276128976,0.0,0.006139782314359506,0.06601447472182521,0.0,0.010994085954805995,23.528237362336856,1.0,3.5138888888888893,20.258242404426138,0.3267072504438386,0.35153575941155024,0.024293720351461517,3.5746193461710702,0.0,0.3272330760506884,0.11575542020608583,0.19569791628511396,Insurance—Property & Casualty,Financial Services,UFCS
2017Q3,2017,Q3,2017-11-08,2017-09-30,-17864000.0,269617000.0,0.0,-0.72,269617000.0,1.0,4190833000.0,944048000.0,0.0,0.0,3246785000.0,0.0,600988000.0,1136845106.02,1038235106.02,38.049404559110634,0.0,0.0,0.0,0.0,38.049404559110634,-0.01892276663898446,4.2165186394774805,-15.909722150974027,1.2042238382158534,-0.3909538737124944,0.0,0.006143317117712194,0.06433494248040902,0.0,-0.004262637046143333,-315.1774621624619,1.0,-7.0,-3.096279597016594,0.3370314952817727,0.28295082253727416,-0.060499200289916684,-7.03921568627451,0.0,-56.80195200374294,0.16048040973611197,0.1855054325498626,Insurance—Property & Casualty,Financial Services,UFCS
2017Q2,2017,Q2,2017-08-02,2017-06-30,2958000.0,286979000.0,0.0,0.12,286979000.0,1.0,4197412000.0,962588000.0,0.0,0.0,3234824000.0,0.0,625836000.0,1107361522.1000001,976940522.1000001,38.29971191302602,0.0,0.0,0.0,0.0,38.29971191302602,0.003072965796373942,3.858684858822423,93.59039233434753,1.1504002980506718,2.3708586883029072,0.0,0.006333071774699693,0.06837046256121629,0.0,0.0007047199560109896,15.716618724630278,1.0,-0.8441558441558442,-0.7965978222448735,0.45457698790813367,0.32460523589183365,0.013848702920592527,-0.8516252006420546,0.0,-0.7209930455465954,0.24306979496187955,0.17411854116947267,Insurance—Property & Casualty,Financial Services,UFCS
2017Q1,2017,Q1,2017-05-03,2017-03-31,19936000.0,283059000.0,0.0,0.77,283059000.0,1.0,4096985000.0,960385000.0,0.0,0.0,3136600000.0,0.0,629891000.0,1088201429.77,994545429.77,37.74638162227159,0.0,0.0,0.0,0.0,37.74638162227159,0.02075834170671137,3.8444332445532554,13.646185666257024,1.1330887402135603,0.3193719903691814,0.0,0.005850938829721732,0.06908958661064173,0.0,0.004866017327376107,28.776978177178368,1.0,0.6739130434782609,0.04184226967503582,0.4650508673152288,0.338394324166327,-0.028133615791081982,0.6620258441017091,0.0,0.4927429304156154,0.26756089534697436,0.18627731645893447,Insurance—Property & Casualty,Financial Services,UFCS
2016Q4,2016,Q4,2017-02-28,2016-12-31,11995000.0,291253000.0,0.0,0.46,291253000.0,1.0,4054758000.0,941884000.0,0.0,0.0,3112874000.0,0.0,616322000.0,1250381741.73,1139528741.73,37.03863766910348,0.0,0.0,0.0,0.0,37.03863766910348,0.012735113878142107,4.293111973885248,26.06047815193831,1.327532627935075,0.5289704043351396,0.0,0.0050744502964520264,0.07182993411690661,0.0,0.002958252995616508,14.744198357761924,1.0,-0.04166666666666659,-0.2876791908944342,0.5251407440724615,0.35715967782919955,0.006076119021465039,-0.030158473479948253,0.0,-0.549026924821556,0.3086092668726137,0.1999148308667401,Insurance—Property & Casualty,Financial Services,UFCS
2016Q3,2016,Q3,2016-11-02,2016-09-30,12368000.0,289494000.0,0.0,0.48,289494000.0,1.0,4107037000.0,959180000.0,0.0,0.0,3147857000.0,0.0,610672000.0,1074489268.56,933545268.56,37.77841136971141,0.0,0.0,0.0,0.0,37.77841136971141,0.012894347254946934,3.7116115310161866,21.719139484152652,1.1202165063491734,0.5132600258732212,0.0,0.005907923127522166,0.07048731238603402,0.0,0.0030114167464281427,24.572672915132525,1.0,3.0,3.601143639292051,0.5502298821848958,0.4055589846639014,0.034746026242703905,2.9717405266538215,0.0,0.05532538521464135,0.29863686154038804,0.28942014952858414,Insurance—Property & Casualty,Financial Services,UFCS
2016Q2,2016,Q2,2016-08-03,2016-06-30,3114000.0,279773000.0,0.0,0.12,279773000.0,1.0,4105838000.0,961031000.0,0.0,0.0,3144807000.0,0.0,604652000.0,1076291387.69,956591387.69,37.886157778812134,0.0,0.0,0.0,0.0,37.886157778812134,0.003240270084940028,3.8470166445296723,86.40746529303146,1.1199340996180145,2.03757225433526,0.0,0.005895243678961339,0.06814029194527402,0.0,0.00075843226157486,24.745175024485576,1.0,-0.8636363636363636,1.178871175651514,0.5834949718895239,0.4031447066355057,0.05302519901386981,-0.8611495072903197,0.0,-0.7995880959132868,0.2698800480399284,0.3050864951828893,Insurance—Property & Casualty,Financial Services,UFCS
2016Q1,2016,Q1,2016-05-04,2016-03-31,22427000.0,265685000.0,0.0,0.88,265685000.0,1.0,3975992000.0,929169000.0,0.0,0.0,3046823000.0,0.0,607883000.0,1104697292.16,960716292.1600001,36.857323602548334,0.0,0.0,0.0,0.0,36.857323602548334,0.02413662100220735,4.157921192991701,12.314367639006555,1.1889088983381926,0.24760333526552816,0.0,0.005026716404040687,0.06682231754993471,0.0,0.005640604910673865,31.783447712978685,1.0,-0.2727272727272727,3.010991012746436,0.9161611532995528,0.34397463357143365,-0.025688510763137627,-0.27408965852079625,0.0,0.0037592239464279554,0.29699456358324583,0.22832927215805085,Insurance—Property & Casualty,Financial Services,UFCS
2015Q4,2015,Q4,2016-02-26,2015-12-31,30895000.0,272690000.0,0.0,1.21,272690000.0,1.0,3890376000.0,878897000.0,0.0,0.0,3011479000.0,0.0,591009000.0,963551206.6800001,857102206.6800001,34.94421867418423,0.0,0.0,0.0,0.0,34.94421867418423,0.03515201439986711,3.5335040033737948,7.79698338469008,1.096318688856601,0.18235960511409613,0.0,0.0058471204861155635,0.07009348196678161,0.0,0.007941391783210672,14.455147269345016,1.0,0.5714285714285714,2.541054233571068,0.8930361357825501,0.2777113795447445,0.03073026912609616,0.5816013105354766,0.0,13.815714775896936,0.29778352153789533,0.20897118760862124,Insurance—Property & Casualty,Financial Services,UFCS
2015Q3,2015,Q3,2015-11-05,2015-09-30,19534000.0,264560000.0,0.0,0.77,264560000.0,1.0,3876016000.0,845460000.0,0.0,0.0,3030556000.0,0.0,565748000.0,878601153.9999999,754540153.9999999,33.7279012952446,0.0,0.0,0.0,0.0,33.7279012952446,0.023104582120975565,3.3209901496824914,11.244511543974607,1.0391989615120762,0.2826354049349852,0.0,0.006283852433911099,0.06825565219545017,0.0,0.005039710878386467,33.66416927851641,1.0,0.30508474576271194,5.993295757226536,0.8718187359460741,0.21625090404579483,0.03376862901398104,0.300705819683047,0.0,1.2688414371415437,0.2985569835385608,0.13723826195406497,Insurance—Property & Casualty,Financial Services,UFCS
2015Q2,2015,Q2,2015-08-04,2015-06-30,15018000.0,255918000.0,0.0,0.59,255918000.0,1.0,3891483000.0,831940000.0,0.0,0.0,3059543000.0,0.0,551735000.0,819778148.28,726396148.28,33.24601229879467,0.0,0.0,0.0,0.0,33.24601229879467,0.018051782580474553,3.203284443767144,13.646593226128644,0.9853813355290045,0.3666267146091357,0.0,0.006716451288134841,0.06576361762340989,0.0,0.003859197123564461,10.847500407288317,1.0,-0.3723404255319149,0.030604198057154076,0.8265405876176692,0.24496912363878465,0.07310343670854229,-0.36576713543646266,0.0,0.037198834707858904,0.30280650717656177,0.149821754887146,Insurance—Property & Casualty,Financial Services,UFCS
2015Q1,2015,Q1,2015-05-05,2015-03-31,23679000.0,238484000.0,0.0,0.94,238484000.0,1.0,3864251000.0,844233000.0,0.0,0.0,3020018000.0,0.0,542223000.0,794442176.73,683122176.73,33.761151151867296,0.0,0.0,0.0,0.0,33.761151151867296,0.02804794411021602,3.3312179296304993,8.387623809388066,0.9410224152929345,0.21103087123611639,0.0,0.006289948024371176,0.061715452748799186,0.0,0.006127707542807131,66.35835087955229,1.0,-0.3188405797101449,0.290860795852776,0.7372234008770178,0.27778438149089046,-0.04044098416721991,-0.31949074606276584,0.0,0.2590769411307301,0.25591413182127376,0.19708780383652957,Insurance—Property & Casualty,Financial Services,UFCS
2014Q4,2014,Q4,2015-03-02,2014-12-31,34796000.0,248535000.0,0.0,1.38,248535000.0,1.0,3856689000.0,817415000.0,0.0,0.0,3039274000.0,0.0,523541000.0,743827207.95,653253207.95,32.671227524704314,0.0,0.0,0.0,0.0,32.671227524704314,0.04256834043906706,2.992846914720261,5.344200539932751,0.9099749918340133,0.14392458903322222,0.0,0.00673274645841758,0.06444258274390287,0.0,0.009022246802892325,12.097111760831382,1.0,136.99999999999997,19.66616808217542,0.7602518272838837,0.2838230331048075,0.05371716871939457,106.06461538461538,0.0,1.1002450303772202,0.3227943681468895,0.1971302243305601,Insurance—Property & Casualty,Financial Services,UFCS
2014Q3,2014,Q3,2014-11-04,2014-09-30,325000.0,235865000.0,0.0,0.01,235865000.0,1.0,3825328000.0,808434000.0,0.0,0.0,3016894000.0,0.0,493753000.0,699481340.37,627549340.37,32.09551260956391,0.0,0.0,0.0,0.0,32.09551260956391,0.0004020117906965813,2.96560040858118,538.0625695153847,0.865229988310734,15.513846153846155,0.0,0.007208198001869452,0.06165876494773782,0.0,8.496003479963026e-05,22.849160172802403,1.0,-0.9761904761904762,1.033783964868201,0.6523320032416698,0.25366088119925867,0.013718824272691717,-0.9695835283107159,0.0,1.0688976468563065,0.2731401291509618,0.19412475221058276,Insurance—Property & Casualty,Financial Services,UFCS
2014Q2,2014,Q2,2014-08-05,2014-06-30,10685000.0,232673000.0,0.0,0.42,232673000.0,1.0,3851910000.0,826266000.0,0.0,0.0,3025644000.0,0.0,498470000.0,742677535.12,652401535.12,32.61997027564002,0.0,0.0,0.0,0.0,32.61997027564002,0.01293167091469333,3.1919369033794207,17.37663863172672,0.8988358895561479,0.4738418343472157,0.0,0.00681722518937096,0.06040457850780522,0.0,0.0027739485086619364,20.97485130817894,1.0,-0.19230769230769237,3.102967465436157,0.8222299034089099,0.3279938016091172,0.043826041704051966,-0.198484734828595,0.0,1.6146342986723239,0.318795298976961,0.20810716383779218,Insurance—Property & Casualty,Financial Services,UFCS
2014Q1,2014,Q1,2014-05-06,2014-03-31,13331000.0,222904000.0,0.0,0.52,222904000.0,1.0,3769249000.0,808107000.0,0.0,0.0,2961142000.0,0.0,492848000.0,770794245.75,702131245.75,31.819188564563827,0.0,0.0,0.0,0.0,31.819188564563827,0.016496577804671907,3.4579650690431754,14.454921719113344,0.9538269631991804,0.34258495236666414,0.0,0.005925057205838644,0.05913750988592157,0.0,0.003536778811906563,49.31189595995138,1.0,-0.5,3.2720390101334216,0.6893985617036645,0.3330249440338736,0.004234920978176641,-0.497436477418382,0.0,1.3666518881562366,0.5957836289769081,0.1602628219224058,Insurance—Property & Casualty,Financial Services,UFCS
2013Q4,2013,Q4,2014-03-05,2013-12-31,26526000.0,221964000.0,0.0,1.04,221964000.0,1.0,3720672000.0,782833000.0,0.0,0.0,2937839000.0,0.0,484084000.0,726843193.38,634650193.38,30.867722205207837,0.0,0.0,0.0,0.0,30.867722205207837,0.03388462162428002,3.27459945477645,6.8502902188418915,0.9284779683278553,0.17243459247530724,0.0,0.006292966683404948,0.05965696519338442,0.0,0.007129357277395052,18.35369914095248,1.0,1.3111111111111113,2.8754901982725087,0.5551313507941128,0.2801026567512279,-0.004752851711026616,1.2623454157782517,0.0,2.015186986024777,0.5281653241067239,0.12865708316315005,Insurance—Property & Casualty,Financial Services,UFCS
2013Q3,2013,Q3,2013-11-05,2013-09-30,11725000.0,223024000.0,0.0,0.45,223024000.0,1.0,3723697000.0,744227000.0,0.0,0.0,2979470000.0,0.0,462132000.0,773978037.5799999,687287037.5799999,29.298759898798934,0.0,0.0,0.0,0.0,29.298759898798934,0.015754601754572193,3.470380037933137,16.502730012366737,1.039975756832257,0.3895948827292111,0.0,0.0059019762554022625,0.059893165313933974,0.0,0.003148752436087039,16.939027347894598,1.0,-0.2622950819672131,1.7354127562744601,0.5756343140994569,0.14795964679355833,0.01504193993236816,-0.24335312338668044,0.0,3.142391363057588,0.5571798412139896,0.05653307338631005,Insurance—Property & Casualty,Financial Services,UFCS
2013Q2,2013,Q2,2013-08-06,2013-06-30,15496000.0,219719000.0,0.0,0.61,219719000.0,1.0,3700749000.0,734383000.0,0.0,0.0,2966366000.0,0.0,454975000.0,641550128.48,560761128.48,29.029614449809266,0.0,0.0,0.0,0.0,29.029614449809266,0.021100706307199377,2.919866413373445,10.350253750645328,0.8735906583894235,0.294011357769747,0.0,0.007101549509146472,0.05937149479740453,0.0,0.004187260470785778,17.630815886556007,1.0,-0.3068181818181818,11.920889183805258,0.5490306767212715,0.08510091273251648,0.07020773970434233,-0.30799803510025453,0.0,0.0518904506125114,0.5511978901951196,0.08707695035236242,Insurance—Property & Casualty,Financial Services,UFCS
2013Q1,2013,Q1,2013-05-08,2013-03-31,22393000.0,205305000.0,0.0,0.88,205305000.0,1.0,3724690000.0,758142000.0,0.0,0.0,2966548000.0,0.0,444035000.0,652881062.8,550933062.8,30.006061434808704,0.0,0.0,0.0,0.0,30.006061434808704,0.029536683101582552,3.1800543717883145,7.288896784709507,0.8611593379604349,0.16907069173402403,0.0,0.005798912260930108,0.0551200234113443,0.0,0.006012043955335881,20.82023926270808,1.0,9.799999999999999,0.1973292511248222,0.47252998288072895,0.0744864152921207,-0.025859410215653248,10.26095947063689,0.0,0.20818057573456214,0.4801286501016946,0.1356625986769436,Insurance—Property & Casualty,Financial Services,UFCS
2012Q4,2012,Q4,2013-03-04,2012-12-31,-2418000.0,210755000.0,0.0,-0.1,210755000.0,1.0,3694653000.0,729177000.0,0.0,0.0,2965476000.0,0.0,425428000.0,550967791.92,443501791.91999996,28.90409550893009,0.0,0.0,0.0,0.0,28.90409550893009,-0.003316067292303515,2.6142572746554054,-56.96523903225807,0.75560226381249,-1.5773366418527708,0.0,0.00692236471157245,0.05704324600984179,0.0,-0.0006544592956361531,12.180121408643748,1.0,-1.2924019357008145,-1.0984988622233942,0.3704220963654868,0.04581304322949297,0.020205149553928,-1.276975945017182,0.0,-2.4242640246122487,0.4803646520832815,0.13579275640520985,Insurance—Property & Casualty,Financial Services,UFCS
2012Q3,2012,Q3,2012-11-07,2012-09-30,8730000.0,206581000.0,0.0,0.341995,206581000.0,1.0,3737810000.0,753822000.0,0.0,0.0,2983988000.0,0.0,431660000.0,636705619.5,554139619.5,29.6577264620797,0.0,0.0,0.0,0.0,29.6577264620797,0.011580983309057045,3.0821112275572293,18.233265163230243,0.8446365580999229,0.4368843069873998,0.0,0.005990209420477716,0.0552679242658134,0.0,0.0023355922318148863,12.81949019469668,1.0,-0.4089532789746745,-0.502395448828633,0.419303606644807,0.09373982518448983,0.03473648357592939,-0.40676814351726015,0.0,1.899312853473605,0.4341464108426858,0.1584401826857936,Insurance—Property & Casualty,Financial Services,UFCS
2012Q2,2012,Q2,2012-08-08,2012-06-30,14716000.0,199646000.0,0.0,0.578626,199646000.0,1.0,3741263000.0,735362000.0,0.0,0.0,3005901000.0,0.0,426744000.0,542479085.7299999,485501085.7299999,28.914057468027064,0.0,0.01202802369146462,0.061194350537558374,0.0,28.914057468027064,0.02001191250023798,2.7172048812898826,9.215803984268822,0.7377034518101289,0.25924164175047565,0.0,0.007032529180118076,0.05336326262013657,0.0,0.003933431036524297,13.804944160474346,1.0,-0.2284986666666667,-0.48792746345216764,0.37021239129974376,0.09005189483626633,0.030702275179531127,-0.23290241868223518,0.0,3.884642408068562,0.557263019581731,0.17712213630017976,Insurance—Property & Casualty,Financial Services,UFCS
2012Q1,2012,Q1,2012-05-10,2012-03-31,19184000.0,193699000.0,0.0,0.75,193699000.0,1.0,3687342000.0,719390000.0,0.0,0.0,2967952000.0,0.0,415843000.0,456334703.01,427334703.01,28.202735875903727,0.0,0.012203912737142364,0.06255299628852222,0.0,28.202735875903727,0.026667037351089117,2.355896019132778,5.946813790267932,0.6343356218601871,0.1994370308590492,0.0,0.008384196894874678,0.05253079318381642,0.0,0.0052026635988742026,13.041115198045267,1.0,0.1363636363636363,-0.39912894545661987,0.34514218422204973,0.09025728144053112,0.011197886757781095,0.135752767746137,0.0,5.1209419280189845,0.46166634978021437,0.1815182004498747,Insurance—Property & Casualty,Financial Services,UFCS
2011Q4,2011,Q4,2012-03-15,2011-12-31,16891000.0,191554000.0,0.0,0.66,191554000.0,1.0,3618924000.0,696141000.0,0.0,0.0,2922783000.0,0.0,400485000.0,514747585.62,415220585.62,27.291289502755802,0.0,0.01243463526727834,0.06464207682064409,0.0,27.291289502755802,0.024263762657277765,2.6872191946918362,7.61866653276893,0.7394300660642025,0.22645195666331183,0.0,0.0074308264999298395,0.052931202755294116,0.0,0.004667409428879965,45.40421501455412,1.0,4.473684210526316,-0.37434386041247936,0.2479502726835719,0.10845043814977173,0.021218292513887852,4.536641541038526,0.0,2.1873801401983695,0.3343419646761552,0.13178588191228582,Insurance—Property & Casualty,Financial Services,UFCS
2011Q3,2011,Q3,2011-11-07,2011-09-30,-4776000.0,187574000.0,0.0,-0.19,187574000.0,1.0,3604745000.0,685457000.0,0.0,0.0,2919288000.0,0.0,387419000.0,451142179.23,349665179.23,26.877855559185242,0.0,0.014702843058246838,0.07732067802940228,0.0,26.877855559185242,-0.0069676143069514205,2.4051423930288847,-23.61506382066583,0.6581626261457685,-0.8044388609715243,0.0,0.008516162258553268,0.052035303468067784,0.0,-0.0013249203480412623,94.59890526944852,1.0,0.7246376811594203,-1.2307583058196827,0.2849142538853221,0.12274575558276508,0.0317374755230908,0.7333928770793793,0.0,0.7016313368536865,0.3199183063827777,0.05310578607647549,Insurance—Property & Casualty,Financial Services,UFCS
2011Q2,2011,Q2,2011-08-05,2011-06-30,-17914000.0,181804000.0,0.0,-0.69,181804000.0,1.0,3621934000.0,704773000.0,0.0,0.0,2917161000.0,0.0,396037000.0,453388995.54,358874995.54,27.000891354717417,0.0,0.022888324304087264,0.11762652655535896,0.0,27.000891354717417,-0.025418113349972262,2.4938339945215726,-6.3272998149492015,0.6433120955825493,-0.21832086636150497,0.0,0.00862614672714295,0.05019528240989483,0.0,-0.004945976376157048,34.588724102837965,1.0,-4.136363636363636,-1.765704957636999,0.13636183724689532,0.10323633005824115,0.26186179516366365,-4.083304647160069,0.0,-11.236047466420716,0.24224148803130457,0.009269065707067465,Insurance—Property & Casualty,Financial Services,UFCS
2011Q1,2011,Q1,2011-05-10,2011-03-31,5810000.0,144076000.0,0.0,0.22,144076000.0,1.0,3549529000.0,718390000.0,0.0,0.0,2831139000.0,0.0,417862000.0,529412105.92,446540105.92,27.42412146917156,0.0,0.02335521135339365,0.11539692924456076,0.0,27.42412146917156,0.008087529058032545,3.6745336205891337,22.780211098106715,0.736942476816214,0.6762478485370051,0.0,0.007421439661211138,0.04059017407661693,0.0,0.0016368368873729445,-3.742724377487611,1.0,-0.35294117647058826,-0.6108789909809837,-0.15795796405497706,0.2883256004213601,-0.03967899539422378,-0.36062506877957523,0.0,-0.7003657509832008,-0.003286660299460113,-0.017970217985268388,Insurance—Property & Casualty,Financial Services,UFCS
2010Q4,2010,Q4,2011-03-01,2010-12-31,9087000.0,150029000.0,0.0,0.34,150029000.0,1.0,3007439000.0,716424000.0,0.0,0.0,2291015000.0,0.0,415981000.0,584684720.64,404627720.64,27.34907055976526,0.0,0.0,0.0,0.0,27.34907055976526,0.012683829687447657,3.897144689626672,16.08574668867613,0.8161154855783727,0.4323759216463079,0.0,0.0067198609118762145,0.04988596609939553,0.0,0.003021507668152205,40.9070678402015,1.0,1.450203222737886,1.1401079011143729,-0.15939861118433077,0.2902656626344057,0.014367427520553873,2.108792336640438,0.0,-0.643514828991377,-0.060498011318025395,-0.010451141680960835,Insurance—Property & Casualty,Financial Services,UFCS
2010Q3,2010,Q3,2010-11-01,2010-09-30,2923000.0,147904000.0,0.0,0.138764,147904000.0,1.0,3116502000.0,727427000.0,0.0,0.0,2389075000.0,0.0,0.0,556370305.89,408570305.89,27.731039034010585,0.0,0.0,0.0,0.0,27.731039034010585,0.004018272623919651,3.7616988444531585,47.58555472887445,0.764846927444266,1.346219637358878,0.0,0.0070726276336860955,0.047458336301404586,0.0,0.000937910516341719,45.14160696876267,1.0,-0.7627361498911689,-0.6694802942061282,-0.11200574385509783,0.16338921117419392,-0.0007431729430999771,-0.8101208262959595,0.0,-0.8385616933416297,-0.015371213688301463,0.022686004742256974,Insurance—Property & Casualty,Financial Services,UFCS
2010Q2,2010,Q2,2010-07-30,2010-06-30,15394000.0,148014000.0,0.0,0.584851,148014000.0,1.0,3056579000.0,705935000.0,0.0,0.0,2350644000.0,0.0,411118000.0,523947031.58,367108031.58,26.704286610436988,0.0,0.0,0.0,0.0,26.704286610436988,0.021806540262205444,3.5398477953436838,8.508948804404314,0.7422029387691501,0.25691827984929194,0.0,0.007548472959324557,0.048424725812746865,0.0,0.0050363494612768065,39.04225272578241,1.0,-0.19883424657534243,-0.5158344127171611,-0.19478980393063075,0.05589429419711001,0.019906976744186046,-0.20616749174917492,0.0,-0.4846508104716114,-0.022676182669681536,0.006744150389344031,Insurance—Property & Casualty,Financial Services,UFCS
2010Q1,2010,Q1,2010-05-03,2010-03-31,19392000.0,145125000.0,0.0,0.73,145125000.0,1.0,3019696000.0,698463000.0,0.0,0.0,2321233000.0,0.0,399679000.0,475570489.30999994,331350489.30999994,26.421633916416738,0.0,0.0,0.0,0.0,26.421633916416738,0.02776381855588628,3.2769715025667523,6.131013940155734,0.6808814343923729,0.20395008250825084,0.0,0.008316327629450402,0.048059473536408964,0.0,0.006421838489702274,16.34993259222333,1.0,9.895522388059701,-0.5464336020046515,-0.278530685763272,0.1339571044866778,-0.027201490786483713,9.900505902192243,0.0,-0.4139237229923903,-0.02753838244376554,0.021403699686506957,Insurance—Property & Casualty,Financial Services,UFCS
2009Q4,2009,Q4,2010-03-01,2009-12-31,1779000.0,149183000.0,0.0,0.067,149183000.0,1.0,2902544000.0,672735000.0,0.0,0.0,2229809000.0,0.0,384242000.0,481914953.87,291062953.87,25.448388665914464,0.0,0.0,0.0,0.0,25.448388665914464,0.0026444290842605185,3.230361059034877,67.7227310103991,0.7163518381978045,2.237211916807195,0.0,0.00825871861422593,0.05139732593200999,0.0,0.0006129106053172665,10.50472913658558,1.0,1.1763157894736842,-0.927094750283111,-0.2730776143710979,0.13433081844573844,-0.01007292585981513,1.1751673887357228,0.0,-0.9364163113031565,-0.06219009868582007,0.033600027000929206,Insurance—Property & Casualty,Financial Services,UFCS
2009Q3,2009,Q3,2009-11-09,2009-09-30,-10156000.0,150701000.0,0.0,-0.38,150701000.0,1.0,2970816000.0,680792000.0,0.0,0.0,2290024000.0,0.0,386443000.0,475995922.9,299671922.9,25.601431049568344,0.0,0.0,0.0,0.0,25.601431049568344,-0.014917919129484482,3.1585452180144786,-11.717111138735723,0.6991796655953654,-0.39277274517526584,0.0,0.008380323881131295,0.05072714028738232,0.0,-0.0034185893707318125,40.10413033111467,1.0,-0.8999999999999999,-1.3543747374170496,-0.2726206366806838,0.1944991124778283,0.12424839234292706,-0.9040119985001874,0.0,-1.4705991237425375,-0.009959320566274986,0.06942676228218396,Insurance—Property & Casualty,Financial Services,UFCS
2009Q2,2009,Q2,2009-07-31,2009-06-30,-5334000.0,134046000.0,0.0,-0.2,134046000.0,1.0,2806189000.0,653183000.0,0.0,0.0,2153006000.0,0.0,400588000.0,456048975.54999995,303075975.54999995,24.563345277752592,0.0,0.0,0.0,0.0,24.563345277752592,-0.00816616476546389,3.4021826503588315,-21.374623900918635,0.6981948022988963,-0.7476565429321335,0.0,0.00874467483495699,0.047767987117047356,0.0,-0.0019007985563338748,17.54439391975071,1.0,-2.666666666666667,-1.201159853926398,-0.3222568036066028,0.24617898342752312,-0.030499844499251427,-2.6311926605504588,0.0,-1.2237925870762483,-0.17758530573200976,0.0036400110712126333,Insurance—Property & Casualty,Financial Services,UFCS
2009Q1,2009,Q1,2009-05-04,2009-03-31,3270000.0,138263000.0,0.0,0.12,138263000.0,1.0,2710869000.0,635259000.0,0.0,0.0,2075610000.0,0.0,409910000.0,584429780.88,478283780.88,23.86991234258199,0.0,0.0,0.0,0.0,23.86991234258199,0.0051475067649572855,4.22694271699587,44.68117590825688,0.919986621015995,1.2214067278287462,0.0,0.006834011767822765,0.05100320229417209,0.0,0.0012062552635335754,95.88675650205086,1.0,1.2151733041653965,-0.8663176159714401,-0.28138041935301816,0.2085044931468631,-0.07688661294306945,1.2203207114944077,0.0,-0.7844322187761686,-0.20461818404983784,0.12135658330320082,Insurance—Property & Casualty,Financial Services,UFCS
2008Q4,2008,Q4,2009-03-02,2008-12-31,-14842000.0,149779000.0,0.0,-0.55769,149779000.0,1.0,2687130000.0,641741000.0,0.0,0.0,2045389000.0,0.0,410634000.0,826877654.46,717295654.46,24.113474058047046,0.0,0.0,0.0,0.0,24.113474058047046,-0.02312771040030168,5.5206514562121525,-13.928002534361946,1.2884912362775638,-0.26910119929928583,0.0,0.004830218809829028,0.05573939481900764,0.0,-0.005523365077238541,194.9723306908748,1.0,0.11477777777777776,-1.672800657351751,-0.25521642834441793,0.1028954954250489,0.002664328127405761,0.11791275407108047,0.0,0.7747514114078451,-0.17397466578748982,0.1376177305891842,Insurance—Property & Casualty,Financial Services,UFCS
2008Q3,2008,Q3,2008-10-30,2008-09-30,-16826000.0,149381000.0,0.0,-0.63,149381000.0,1.0,2711576000.0,684192000.0,0.0,0.0,2027384000.0,0.0,429470000.0,766424766.78,647633766.78,25.522464993116465,0.0,0.0,0.0,0.0,25.522464993116465,-0.02459251204340302,5.130671014252147,-11.3875069353976,1.1201896058124035,-0.2380244859146559,0.0,0.005225561821059501,0.055090102582409636,0.0,-0.0062052474280639746,52.59571553527312,1.0,-9.500000000000002,-1.8798416601414452,-0.23428089949386557,0.4676394395994444,-0.018818228393521014,-10.047931713722916,0.0,-2.8617326976170894,-0.12240629541445054,0.07073378603471941,Insurance—Property & Casualty,Financial Services,UFCS
2008Q2,2008,Q2,2008-08-04,2008-06-30,-1523000.0,152246000.0,0.0,-0.06,152246000.0,1.0,2769158000.0,726425000.0,0.0,0.0,2042733000.0,0.0,450301000.0,731233360.02,593916360.02,26.752916810941095,0.0,0.0,0.0,0.0,26.752916810941095,-0.0020965688130226796,4.802972557702665,-120.03173999015101,1.0066192105447913,-2.681549573210768,0.0,0.005585084356501868,0.05497916695255381,0.0,-0.0005499866746498394,-53.56628525529265,1.0,-1.0810810810810811,-1.0867971091827164,-0.1985620132561942,0.5782271272441943,0.014682457695460635,-1.0756694986833606,0.0,-1.04663440395799,-0.19366325271868506,0.057817144711224816,Insurance—Property & Casualty,Financial Services,UFCS
2008Q1,2008,Q1,2008-04-25,2008-03-31,20127000.0,150043000.0,0.0,0.74,150043000.0,1.0,2779222000.0,759329000.0,0.0,0.0,2019893000.0,0.0,455908000.0,1016935770.4,748459770.4,27.92595700398032,0.0,0.0,0.0,0.0,27.92595700398032,0.026506297006962727,6.777628882387049,12.631487186366572,1.339255804005905,0.2026630893824216,0.0,0.0040110694487573905,0.053987410865342894,0.0,0.007241954762879684,34.86118989407288,1.0,-0.23711340206185566,0.27869717793498705,-0.1786784414632442,0.8360544578572016,-0.09480142618411289,-0.23931365508900562,0.0,-0.5423229564056282,-0.2748077019919682,0.19851926812812304,Insurance—Property & Casualty,Financial Services,UFCS
2007Q4,2007,Q4,2008-02-27,2007-12-31,26459000.0,165757000.0,0.0,0.97,165757000.0,1.0,2760554000.0,751497000.0,0.0,0.0,2009057000.0,0.0,439860000.0,790980255.64,538415255.64,27.637918360315748,0.0,0.0,0.0,0.0,27.637918360315748,0.035208390718791956,4.77192670982221,7.473640874938584,1.0525394720670875,0.15457878226690352,0.0,0.0051707991076094416,0.06004483158090731,0.0,0.009584670323420589,16.567113263237264,1.0,0.40579710144927544,5.392227713649214,-0.09965720668186606,0.5604994338422878,0.04764282418672852,0.38739447328404386,0.0,0.05418805896090269,-0.21476003098093374,0.2319264282451146,Insurance—Property & Casualty,Financial Services,UFCS
2007Q3,2007,Q3,2007-10-25,2007-09-30,19071000.0,158219000.0,0.0,0.69,158219000.0,1.0,2769581000.0,749201000.0,0.0,0.0,2020380000.0,0.0,417491000.0,1105736391.9,923096391.9000001,27.115887873130244,0.0,0.0,0.0,0.0,27.115887873130244,0.025455118185907386,6.988644801825319,14.494997534214253,1.4758875013514399,0.1958995333228462,0.0,0.003378743819383919,0.05712741385790847,0.0,0.0068858791275647835,39.707558871691745,1.0,-0.3893805309734513,3.9135869205743314,-0.128445177594987,0.8492989284767956,-0.0014578731461028715,-0.38976705490848584,0.0,-0.35954412885638304,-0.26501384316816073,0.26515990203010537,Insurance—Property & Casualty,Financial Services,UFCS
2007Q2,2007,Q2,2007-07-27,2007-06-30,31252000.0,158450000.0,0.0,1.13,158450000.0,1.0,2760480000.0,733624000.0,0.0,0.0,2026856000.0,0.0,402156000.0,977136648.5999999,767467648.5999999,26.525395355025886,0.0,0.0,0.0,0.0,26.525395355025886,0.04259947875205827,6.166845368254969,7.816592926852681,1.3319311372037992,0.11948035325739152,0.0,0.003821369309348817,0.057399437778936996,0.0,0.011321219498058309,322.2746202506596,1.0,-0.09600000000000009,4.941081788227039,-0.04009900950424932,0.7887412119796169,0.015054452274183215,-0.09702398150823462,0.0,0.133187593595467,-0.2297366282643154,0.3457202121601119,Insurance—Property & Casualty,Financial Services,UFCS
2007Q1,2007,Q1,2007-04-27,2007-03-31,34610000.0,156100000.0,0.0,1.25,156100000.0,1.0,2769129000.0,715285000.0,0.0,0.0,2053844000.0,0.0,374638000.0,971393119.9200001,723164119.9200001,25.867963787997013,0.0,0.0,0.0,0.0,25.867963787997013,0.048386307555729535,6.222889941832159,7.0167084651834735,1.358050455301034,0.10785900028893383,0.0,0.0038429343624622686,0.056371516097661035,0.0,0.012498514875977248,38.08040769610726,1.0,0.17924528301886786,1.2650931558186516,-0.08055787057429899,0.814341324708322,-0.061865211485991084,0.18260097040934872,0.0,0.3617931888227992,-0.21912934435823908,0.3096633962323634,Insurance—Property & Casualty,Financial Services,UFCS
