Quarters,Year,Quarter,FillingDate,Date,NetIncome,Revenue,OperatingIncome,EPSDiluted,GrossProfit,GrossProfitRatio,TotalAssets,CommonStockEquity,CurrentAssets,CurrentLiability,TotalLiability,Inventory,RetainedEarnings,MarketCap,EnterpriseValue,bookValuePerShare,currentRatio,debtToAssets,debtToEquity,roic,shareholdersEquityPerShare,roe,priceToSalesRatio,peRatio,pbRatio,payoutRatio,inventoryTurnover,dividendYield,assetTurnover,quickRatio,returnOnAssets,priceToFreeCashFlowsRatio,grossProfitMargin,epsdilutedGrowth,fiveYNetIncomeGrowthPerShare,fiveYRevenueGrowthPerShare,fiveYShareholdersEquityGrowthPerShare,grossProfitGrowth,netIncomeGrowth,operatingIncomeGrowth,threeYNetIncomeGrowthPerShare,threeYRevenueGrowthPerShare,threeYShareholdersEquityGrowthPerShare,Industry,Sector,Symbol
2023Q1,2023,Q1,2023-05-05,2023-03-31,18800000.0,1036900000.0,13500000.0,0.24,96700000.0,0.093258752,2764500000.0,-287700000.0,799900000.0,1265700000.0,3040600000.0,454800000.0,0.0,1387457061.98,3093657061.98,-3.603878013251323,0.6319823022833215,0.6212334961114125,-5.969412582551269,0.008724959572291344,-3.603878013251323,-0.06534584636774418,1.338081842009837,18.450226888031914,-4.822582766701425,0.0,2.0672823218997363,0.0,0.3750768674262977,0.24342261199336335,0.006800506420690903,-8.83168085283259,0.09325875204937796,1.2526315789473683,4.829075418895076,0.3507142648795174,0.0,1.7707736389684814,1.2486772486772486,1.5192307692307692,2.2821470577949223,0.470269236247995,0.0,Oil & Gas E&P,Energy,CLMT
2022Q4,2022,Q4,2023-03-15,2022-12-31,-75600000.0,999800000.0,-26000000.0,-0.95,34900000.0,0.0349069814,2741800000.0,-287700000.0,820400000.0,1352100000.0,3029500000.0,498000000.0,-421900000.0,1342131889.04,2974431889.04,-3.618404450157032,0.6067598550403077,0.6081771099277846,-5.795968022245394,-0.017617639150309224,-3.618404450157032,0.26277372262773724,1.3424003691138227,-4.438266828835978,-4.665039586513729,0.0,1.9375502008032128,0.0,0.36465095922386753,0.2242437689520006,-0.027573127142752937,-6.3911042335238095,0.034906981396279256,-5.999999999999999,0.11532038703212419,0.4010898781383481,0.0,-0.7494615936826992,-5.877419354838709,-1.3174603174603174,-0.9295439416450062,0.27128728335880054,0.0,Oil & Gas E&P,Energy,CLMT
2022Q3,2022,Q3,2022-11-09,2022-09-30,15500000.0,1165000000.0,81900000.0,0.19,139300000.0,0.1195708155,2568700000.0,-9900000.0,788500000.0,1325000000.0,3034100000.0,402200000.0,0.0,1016920287.1800001,2418220287.1800003,-0.1247088897711728,0.5950943396226415,0.5651886168100596,-146.64646464646464,0.048839064389683245,-0.1247088897711728,-1.5656565656565657,0.8728929503690988,16.40194011580645,-102.71922092727273,0.0,2.5502237692690204,0.0,0.4535368085023553,0.276,0.0060341807139798346,-7.611678796257485,0.11957081545064378,2.0,1.642283956893176,0.03816969792653485,0.0,-0.031966643502432245,2.0130718954248366,-0.4984690753214942,4.323494146974747,0.23609218905374962,0.0,Oil & Gas E&P,Energy,CLMT
2022Q2,2022,Q2,2022-08-05,2022-06-30,-15300000.0,1424000000.0,163300000.0,-0.19,143900000.0,0.1010533708,2353700000.0,-477600000.0,774100000.0,1297700000.0,2831300000.0,325500000.0,-15300000.0,825219339.37,2247819339.37,-6.013266731955601,0.5965169145411112,0.6160938097463567,-3.0362227805695143,0.1747715230050889,-6.013266731955601,0.032035175879396985,0.5795079630407304,-13.483976133496732,-1.7278461879606366,0.0,3.9327188940092164,0.0,0.6050048859242895,0.3306619403560145,-0.006500403619832604,-37.68124837305936,0.10105337078651686,0.8429752066115703,-2.5244748766835476,0.3488025121202072,0.0,3.400611620795107,0.8397905759162304,10.439306358381502,0.10317782409284992,0.5634721687454997,0.0,Oil & Gas E&P,Energy,CLMT
2022Q1,2022,Q1,2022-05-06,2022-03-31,-95500000.0,1097900000.0,-17300000.0,-1.21,32700000.0,0.0297841333,2195600000.0,-10000000.0,691800000.0,1116200000.0,2659400000.0,337600000.0,0.0,1076205714.3,2514605714.3,-0.12646281114435817,0.6197814011825837,0.6600018218254691,-144.91,-0.012110167893845983,-0.12646281114435817,9.55,0.9802401988341378,-2.817292445811518,-107.62057143,0.0,3.15521327014218,0.0,0.500045545636728,0.3076509586095682,-0.043496083075241394,-15.352435296718973,0.02978413334547773,-0.12037037037037027,-14.079479749373391,0.1466015174464926,0.0,0.006153846153846154,-0.11826697892271663,0.5529715762273901,-6.7173860835164465,0.27396719385171503,0.0,Oil & Gas E&P,Energy,CLMT
2021Q4,2021,Q4,2022-03-04,2021-12-31,-85400000.0,865800000.0,-38700000.0,-1.08,32500000.0,0.0375375375,2127900000.0,-385100000.0,632600000.0,899800000.0,2513000000.0,326600000.0,-260100000.0,1043452740.0,2589752740.0,-4.871634147992174,0.7030451211380306,0.7445838620235913,-4.114256037392885,-0.02795186836746992,-4.871634147992174,0.22176058166709944,1.2051891198891198,-3.054604039812646,-2.709563074526097,0.0,2.5514390691977953,0.0,0.406880022557451,0.32351633696376975,-0.040133464918464215,-16.64198947368421,0.03753753753753754,-2.6875000000000004,-0.04982089501250476,-0.10528673870849624,0.0,-0.7561890472618155,-2.658252427184466,-1.414790996784566,-5.66074782066358,0.008551404636651048,0.0,Oil & Gas E&P,Energy,CLMT
2021Q3,2021,Q3,2021-11-05,2021-09-30,51500000.0,874900000.0,93300000.0,0.64,133300000.0,0.15236026974511374,1833900000.0,0.0,565500000.0,838900000.0,2134100000.0,297300000.0,0.0,622713358.1999999,1871313358.1999998,0.0,0.674097031827393,0.6867331915589727,0.0,0.07351193016951829,0.0,0.0,0.7117537526574464,3.02288037961165,0.0,0.0,2.4944500504540867,0.0,0.47707072359452535,0.2930027416855406,0.028082229129178255,14.897448760765549,0.15236026974511374,1.6597938144329896,2.5107936762580443,-0.11313805094500745,0.0,5.979057591623037,1.656887755102041,3.7850746268656716,4.076108877506507,-0.09569249032736213,0.0,Oil & Gas E&P,Energy,CLMT
2021Q2,2021,Q2,2021-08-06,2021-06-30,-78400000.0,807000000.0,-33500000.0,-0.97,19100000.0,0.023667905824039652,1840300000.0,0.0,591000000.0,880200000.0,2192000000.0,287000000.0,0.0,542246084.07,1792946084.0700002,0.0,0.6714383094751193,0.698364397109167,0.0,-0.02636868367418652,0.0,0.0,0.6719282330483272,-1.7291010333864796,0.0,0.0,2.745296167247387,0.0,0.43851545943596154,0.32492615314701206,-0.04260174971472042,-10.954466344848486,0.023667905824039652,0.46703296703296704,0.48447269023315986,-0.19330545650110148,0.0,1.4547619047619047,0.46338124572210815,0.6860356138706654,-0.48764821050080304,-0.15945002246316758,0.0,Oil & Gas E&P,Energy,CLMT
2021Q1,2021,Q1,2021-05-07,2021-03-31,-146100000.0,600300000.0,-106700000.0,-1.82,-42000000.0,-0.06996501749125437,1868000000.0,0.0,602600000.0,831700000.0,2141500000.0,257800000.0,0.0,479421716.4,1761721716.4,0.0,0.7245400985932428,0.7475910064239829,0.0,-0.07651003549213778,0.0,0.0,0.7986368755622189,-0.8203657022587268,0.0,0.0,2.491466252909232,0.0,0.3213597430406852,0.40098593242755803,-0.0782119914346895,-8.485340113274336,-0.06996501749125437,-0.7669902912621359,-1.0991828343534773,-0.1810308686455226,0.0,-2.9178082191780823,-0.7795371498172959,-1.6675,-29.225131525769157,-0.20571407349595108,0.0,Oil & Gas E&P,Energy,CLMT
2020Q4,2020,Q4,2021-03-03,2020-12-31,-82100000.0,553900000.0,-40000000.0,-1.03,21900000.0,0.03953782271168081,1808300000.0,0.0,534900000.0,544500000.0,1936900000.0,254900000.0,0.0,245485026.73,1544585026.73,0.0,0.9823691460055096,0.7789083669745065,0.0,-0.026793045426123645,0.0,0.0,0.44319376553529516,-0.7475183517965894,0.0,0.0,2.0870929776382896,0.0,0.30630979372891665,0.4955004591368228,-0.045401758557761435,-21.724338648672564,0.03953782271168081,-0.4714285714285716,0.3177524203767858,-0.4013172874018967,0.0,-0.5089686098654709,-0.46345811051693403,-0.2987012987012987,0.026021289994823015,-0.21308774059522056,0.0,Oil & Gas E&P,Energy,CLMT
2020Q3,2020,Q3,2020-11-06,2020-09-30,-56100000.0,568000000.0,-30800000.0,-0.7,44600000.0,0.07852112676056339,1807500000.0,0.0,541000000.0,471700000.0,1852300000.0,230800000.0,0.0,200794861.64999998,1473694861.65,0.0,1.1469154123383507,0.7647579529737206,0.0,-0.02129105713497102,0.0,0.0,0.35351208036971826,-0.8948077613636363,0.0,0.0,2.2677642980935877,0.0,0.31424619640387275,0.6029255882976469,-0.031037344398340248,24.78948909259259,0.07852112676056339,-15.0,-0.10891070520297653,-0.5184004656604166,0.0,-0.5005599104143337,-16.583333333333332,-2.3449781659388647,-1.3436006212417178,-0.4897110946791269,0.0,Oil & Gas E&P,Energy,CLMT
2020Q2,2020,Q2,2020-08-06,2020-06-30,3600000.0,453700000.0,22900000.0,0.05,89300000.0,0.1968260965395636,1821500000.0,0.0,536700000.0,432900000.0,1810600000.0,240400000.0,0.0,179354337.23999998,1462554337.24,0.0,1.2397782397782398,0.7623387318144387,0.0,0.014937163895693517,0.0,0.0,0.3953148275071633,12.455162308333332,0.0,0.0,1.5158069883527454,0.0,0.24908042821850124,0.6084546084546084,0.0019763930826242108,3.157646782394366,0.1968260965395636,1.2777777777777777,0.39292394964554583,-0.6204222669363575,0.0,0.6445672191528545,1.25,1.9541666666666666,-0.6378336011250378,-0.5661056755527022,0.0,Oil & Gas E&P,Energy,CLMT
2020Q1,2020,Q1,2020-05-07,2020-03-31,-14400000.0,692600000.0,-24000000.0,-0.18,54300000.0,0.07840023101357205,1862300000.0,0.0,544400000.0,437700000.0,1855300000.0,222600000.0,0.0,82319279.7,1419019279.7,0.0,1.2437742746173177,0.7734521827847286,0.0,-0.016356364286900852,0.0,0.0,0.11885544282414093,-1.4291541614583332,0.0,0.0,2.867475292003594,0.0,0.37190570799548944,0.6641535298149417,-0.0077323739461955645,-2.3654965431034483,0.07840023101357205,0.625,-1.5497317249184994,-0.38220543817293107,0.0,-0.40198237885462557,0.6269430051813472,-6.454545454545454,-1.2933502379798227,-0.27044654215605834,0.0,Oil & Gas E&P,Energy,CLMT
2019Q4,2019,Q4,2020-03-05,2019-12-31,-38600000.0,774800000.0,4400000.0,-0.48,90800000.0,0.11719153329891585,1857800000.0,0.0,512100000.0,565000000.0,1836200000.0,292600000.0,0.0,285914249.15,1571714249.15,0.0,0.9063716814159292,0.7023899235655076,0.0,0.0031239791518904267,0.0,0.0,0.36901684195921525,-1.851776225064767,0.0,0.0,2.3376623376623376,0.0,0.41705242760254063,0.36743362831858406,-0.020777263429863278,27.229928490476187,0.11719153329891585,-7.0,0.45852845793257935,-0.48472226804421975,0.0,-0.22920203735144312,-7.391304347826087,-0.8682634730538922,0.5211488181870553,-0.19199914158866682,0.0,Oil & Gas E&P,Energy,CLMT
2019Q3,2019,Q3,2019-11-12,2019-09-30,-4600000.0,929600000.0,33400000.0,-0.06,117800000.0,0.1267211703958692,2161300000.0,0.0,710500000.0,737400000.0,2098500000.0,293300000.0,0.0,285010078.08,1661710078.08,0.0,0.9635204773528614,0.7129505390274372,0.0,0.022682144380913576,0.0,0.0,0.30659431807228915,-15.489678156521741,0.0,0.0,2.76781452437777,0.0,0.43011150696340167,0.5490914022240304,-0.0021283486790357655,5.277964408888889,0.1267211703958692,0.7142857142857143,-1.4355199833873828,-0.5063126060966385,0.0,0.09990662931839403,0.7261904761904762,6.1063829787234045,0.8639783287947568,-0.0501695990765567,0.0,Oil & Gas E&P,Energy,CLMT
2019Q2,2019,Q2,2019-08-08,2019-06-30,-16800000.0,896900000.0,4700000.0,-0.21,107100000.0,0.11941130560820604,2207100000.0,0.0,730700000.0,595800000.0,2140000000.0,285100000.0,0.0,333186685.62,1762086685.62,0.0,1.2264182611614636,0.7260205699787051,0.0,0.00277096383639522,0.0,0.0,0.371486994782027,-4.958135202678571,0.0,0.0,2.7702560505085936,0.0,0.40637035023333784,0.7269217858341726,-0.007611798287345386,6.10232024945055,0.11941130560820604,-2.05,-0.8013227028161506,-0.4437337363441128,0.0,-0.2125,-2.018181818181818,-0.8609467455621301,0.8885175398927132,-0.09522361522581271,0.0,Oil & Gas E&P,Energy,CLMT
2019Q1,2019,Q1,2019-05-10,2019-03-31,16500000.0,851300000.0,33800000.0,0.2,136000000.0,0.1597556678021849,2270400000.0,0.0,755700000.0,566200000.0,2186900000.0,291100000.0,0.0,294480547.27,1819880547.27,0.0,1.3346873896149771,0.7392089499647639,0.0,0.018755438982566833,0.0,0.0,0.34591865061670385,4.4618264737878786,0.0,0.0,2.45723119203023,0.0,0.37495595489781536,0.7394913458142,0.007267441860465116,16.451427221787707,0.1597556678021849,-0.13043478260869565,1.2953189728885064,-0.4341639630002358,0.0,0.4196242171189979,-0.08839779005524862,1.0609756097560976,1.2385374656129302,0.16856918194948114,0.0,Oil & Gas E&P,Energy,CLMT
2018Q4,2018,Q4,2019-03-07,2018-12-31,18100000.0,848000000.0,16400000.0,0.23,95800000.0,0.11297169811320755,2087500000.0,0.0,670000000.0,415100000.0,2021800000.0,284100000.0,0.0,172570848.97,1621370848.97,0.0,1.6140688990604675,0.7686227544910179,0.0,0.010384357823408897,0.0,0.0,0.20350335963443397,2.3835752620165747,0.0,0.0,2.6476592749032033,0.0,0.40622754491017965,0.8520838352204289,0.008670658682634731,1.7976130101041667,0.11297169811320755,2.0952380952380953,2.0413691059270898,-0.3916582839681375,0.0,-0.08149568552253116,2.096969696969697,-0.24074074074074073,1.1510716350122958,-0.07940902496143286,0.0,Oil & Gas E&P,Energy,CLMT
2018Q3,2018,Q3,2018-11-09,2018-09-30,-16500000.0,953500000.0,21600000.0,-0.21,104300000.0,0.10938647089669638,2177700000.0,0.0,735300000.0,522000000.0,2126500000.0,363600000.0,0.0,490816276.48999995,2028316276.49,0.0,1.4086206896551725,0.7360977177756348,0.0,0.013820240894476702,0.0,0.0,0.5147522564132144,-7.436610249848484,0.0,0.0,2.3355335533553356,0.0,0.43784727005556323,0.6637931034482759,-0.007576801212288194,-35.05830546357142,0.10938647089669638,0.676923076923077,0.5755851186611295,-0.4330746974382764,0.0,-0.1547811993517018,0.6820809248554913,-0.5045871559633027,0.6698278205852817,-0.18157057080183064,0.0,Oil & Gas E&P,Energy,CLMT
2018Q2,2018,Q2,2018-08-09,2018-06-30,-51900000.0,945500000.0,43600000.0,-0.65,123400000.0,0.13051295610787944,2144500000.0,0.0,689100000.0,473800000.0,2077900000.0,334100000.0,0.0,579091912.1,2142791912.1,0.0,1.4544111439425917,0.7472604336675216,0.0,0.027639353193175346,0.0,0.0,0.612471615124273,-2.7894600775529867,0.0,0.0,2.460640526788387,0.0,0.4408953135929121,0.7201350780920219,-0.024201445558405223,-29.100096085427136,0.13051295610787944,-9.833333333333336,-6.955457252132649,-0.3750848115894762,0.0,0.09010600706713781,-9.8125,0.05569007263922518,-21.322544000962917,-0.19946690386859464,0.0,Oil & Gas E&P,Energy,CLMT
2018Q1,2018,Q1,2018-05-15,2018-03-31,-4800000.0,750500000.0,41300000.0,-0.06,113200000.0,0.1508327781479014,2606100000.0,0.0,1120300000.0,887200000.0,2490700000.0,325000000.0,0.0,550219788.0,2395019788.0,0.0,1.262736699729486,0.7641303096581098,0.0,0.019401166953383422,0.0,0.0,0.7331376255829447,-28.657280625000002,0.0,0.0,1.960923076923077,0.0,0.2879782049806224,0.48162759242560865,-0.001841832623460343,-14.992364795640327,0.1508327781479014,0.9433962264150942,-1.083642540796688,-0.5417889268135324,0.0,1.4188034188034189,0.9425837320574163,0.04030226700251889,-1.184074962379344,-0.3275229541929276,0.0,Oil & Gas E&P,Energy,CLMT
2017Q4,2017,Q4,2018-04-02,2017-12-31,-83600000.0,698100000.0,39700000.0,-1.06,46800000.0,0.0670391061452514,2688800000.0,0.0,1191500000.0,925700000.0,2568900000.0,314400000.0,0.0,598940911.8000001,2426940911.8,0.0,1.2871340607108135,0.7409625111573936,0.0,0.02189966022652559,0.0,0.0,0.8579586188225183,-1.7910912434210526,0.0,0.0,2.071564885496183,0.0,0.25963254983635825,0.5600086421086745,-0.031091936923534663,-12.582792264705883,0.0670391061452514,-2.5333333333333337,-2.3935224509447606,-0.5755049801419245,0.0,-0.691089108910891,-2.542372881355932,0.13428571428571429,-0.18098475228151187,-0.532459667110189,0.0,Oil & Gas E&P,Energy,CLMT
2017Q3,2017,Q3,2017-12-28,2017-09-30,-23600000.0,1097400000.0,35000000.0,-0.3,151500000.0,0.13805358119190814,2813400000.0,0.0,833700000.0,612700000.0,2611800000.0,324400000.0,0.0,648233746.4,2612633746.4,0.0,1.3606985474130897,0.7076491078410464,0.0,0.01750581178115701,0.0,0.0,0.5906996048842719,-6.866882906779661,0.0,0.0,2.915844636251541,0.0,0.3900618468756665,0.6009466296719439,-0.008388426814530461,38.816392,0.13805358119190814,-3.5,-1.4138653221986035,-0.3081265203222171,0.0,-0.05548628428927681,-3.4081632653061225,-0.32038834951456313,-3.2535953142594902,-0.4121932737421988,0.0,Oil & Gas E&P,Energy,CLMT
2017Q2,2017,Q2,2017-08-07,2017-06-30,9800000.0,1030900000.0,51500000.0,0.12,160400000.0,0.15559220098942672,2788500000.0,0.0,769300000.0,564000000.0,2564500000.0,438500000.0,0.0,329607963.75,2292807963.75,0.0,1.3640070921985816,0.7135736058812981,0.0,0.028559446279473592,0.0,0.0,0.3197283575031526,8.408366422193877,0.0,0.0,1.985176738882554,0.0,0.3696969696969697,0.5601063829787234,0.0035144342836650527,-42.80622905844156,0.15559220098942672,2.5,-0.8941022015930687,-0.3270798143408952,0.0,0.14982078853046596,2.5806451612903225,0.6194968553459119,2.059686958807042,-0.35520076970281,0.0,Oil & Gas E&P,Energy,CLMT
2017Q1,2017,Q1,2017-05-09,2017-03-31,-6200000.0,937400000.0,31800000.0,-0.08,139500000.0,0.14881587369319393,2748200000.0,0.0,702200000.0,496700000.0,2534900000.0,436400000.0,0.0,294168009.2,2316968009.2,0.0,1.413730622105899,0.7377192344079762,0.0,0.01543614387651085,0.0,0.0,0.31381268316620436,-11.861613274193546,0.0,0.0,1.8283684692942255,0.0,0.3410959901026126,0.5049325548620898,-0.0022560221235717924,-5.080621920552677,0.14881587369319393,0.9207920792079208,-1.0797231753531962,-0.4648870467283453,0.0,0.7329192546583851,0.9221105527638191,2.127659574468085,0.8880297852542771,-0.3713103137678305,0.0,Oil & Gas E&P,Energy,CLMT
2016Q4,2016,Q4,2017-03-06,2016-12-31,-79600000.0,946900000.0,-28200000.0,-1.01,80500000.0,0.08501425704931884,2725200000.0,0.0,640900000.0,498200000.0,2506500000.0,386200000.0,0.0,309406372.0,2302406372.0,0.0,1.2864311521477318,0.7328636430353735,0.0,-0.014014133502614384,0.0,0.0,0.3267571781603126,-0.9717536809045227,0.0,0.0,2.2433972035214915,0.0,0.3474607368266549,0.48755519871537534,-0.02920886540437399,386.757965,0.08501425704931884,-1.404761904761905,-1.615721087003147,-0.49708169907727084,0.0,-0.2701722574796011,-1.3832335329341316,-3.8484848484848486,-3.623225555915662,-0.31425640062899574,0.0,Oil & Gas E&P,Energy,CLMT
2016Q3,2016,Q3,2016-11-09,2016-09-30,-33400000.0,966600000.0,9900000.0,-0.42,110300000.0,0.11411131802193254,2840100000.0,0.0,724300000.0,551800000.0,2545900000.0,409900000.0,0.0,348764374.96999997,2333264374.97,0.0,1.3126132656759695,0.7050103869582057,0.0,0.004027807046287015,0.0,0.0,0.3608156165632112,-2.610511788697605,0.0,0.0,2.0890461088070262,0.0,0.3403401288687018,0.5398695179412831,-0.011760149290517939,99.64696427714284,0.11411131802193254,0.7777777777777778,-1.9210682671901322,-0.3277953015240763,0.0,-0.15993907083015993,0.7741717376605814,4.8076923076923075,0.13585395229746594,-0.42192264638675003,0.0,Oil & Gas E&P,Energy,CLMT
2016Q2,2016,Q2,2016-08-05,2016-06-30,-147900000.0,972900000.0,-2600000.0,-1.89,131300000.0,0.13495734402302395,2906800000.0,0.0,763700000.0,587400000.0,2575300000.0,444900000.0,0.0,376131369.6,2358331369.6,0.0,1.3001361933946203,0.6929957341406358,0.0,-0.0012933302982751829,0.0,0.0,0.3866084588344126,-0.6357866288032454,0.0,0.0,1.891661047426388,0.0,0.33469794963533783,0.5148110316649642,-0.05088069354616761,-22.522836502994014,0.13495734402302395,-1.1724137931034484,-9.044468973513048,-0.3110538759131167,0.0,0.5232018561484919,-1.1846381093057607,0.8617021276595744,-18.18555963185762,-0.34885831097528874,0.0,Oil & Gas E&P,Energy,CLMT
2016Q1,2016,Q1,2016-05-06,2016-03-31,-67700000.0,713000000.0,-18800000.0,-0.87,86200000.0,0.1208976157082749,2998600000.0,0.0,675100000.0,621500000.0,2520100000.0,429900000.0,0.0,898285631.75,2848285631.75,0.0,1.0862429605792439,0.6527045954778897,0.0,-0.009634019877224455,0.0,0.0,1.2598676462131837,-3.317155213257016,0.0,-0.8478581979320532,1.4580134915096534,0.06389949696532035,0.23777762956046156,0.3834271922767498,-0.02257720269459081,-7.3090775569568756,0.1208976157082749,0.44230769230769235,-8.773049433022429,-0.4317789088934797,0.0,1.702194357366771,0.4203767123287671,0.7839080459770115,-2.2043290157277013,-0.5555991149527248,0.0,Oil & Gas E&P,Energy,CLMT
2015Q4,2015,Q4,2016-02-29,2015-12-31,-116800000.0,898000000.0,-87000000.0,-1.56,31900000.0,0.035523385300668155,2944700000.0,0.0,609000000.0,626600000.0,2340800000.0,384400000.0,0.0,1515631488.03,3283431488.0299997,0.0,0.971911905521864,0.6022345230413964,0.0,-0.04643444205830114,0.0,0.0,1.687785621414254,-3.2440742466395545,0.0,-0.4897260273972603,2.2531217481789803,0.03774004462941575,0.30495466431215407,0.34519629747845515,-0.03966448195062315,-68.27168865,0.035523385300668155,-1.2941176470588234,-6.945047399717097,-0.30082740405681424,0.0,-0.8064320388349514,-1.3885480572597138,-10.0625,-2.989396869511808,-0.4420411210255928,0.0,Oil & Gas E&P,Energy,CLMT
2015Q3,2015,Q3,2015-11-06,2015-09-30,-48900000.0,1140000000.0,9600000.0,-0.68,164800000.0,0.14456140350877192,3079000000.0,0.0,734600000.0,557200000.0,2315100000.0,427800000.0,0.0,1848007251.0,3567607251.0,0.0,1.3183776022972002,0.5605066580058461,0.0,0.004788960906474891,0.0,0.0,1.6210589921052632,-9.447889831288345,0.0,-1.1738241308793456,2.2795698924731185,0.03106048418854391,0.37025008119519326,0.5193826274228285,-0.01588177979863592,35.200138114285714,0.14456140350877192,-21.697164624000003,-2.069837216718932,-0.11087390867831515,0.0,-0.18697582634435125,-20.56,-0.8853046594982079,-1.8746736970471511,-0.2669109179072122,0.0,Oil & Gas E&P,Energy,CLMT
2015Q2,2015,Q2,2015-08-07,2015-06-30,2500000.0,1156200000.0,83700000.0,0.03285474181383696,202700000.0,0.17531568932710603,3233200000.0,0.0,892900000.0,602000000.0,2361500000.0,553300000.0,0.0,1937315482.8200002,3643215482.82,0.0,1.4832225913621262,0.5312384015835705,0.0,-0.018458631494262613,0.0,0.0,1.6755885511330222,193.731548282,0.0,22.92,1.7232965841315742,0.029577010305308057,0.3576023753556848,0.5347176079734219,0.0007732277619695657,-227.91946856705886,0.17531568932710603,-0.8783157710598631,2.3067613226045682,0.043944292627027454,0.0,0.038422131147540985,-0.8949579831932774,0.2183406113537118,-0.9724661031870515,-0.23078667706107817,0.0,Oil & Gas E&P,Energy,CLMT
2015Q1,2015,Q1,2015-05-08,2015-03-31,23800000.0,1018600000.0,68700000.0,0.27,195200000.0,0.19163557824464952,3399600000.0,0.0,1118900000.0,798800000.0,2460500000.0,519200000.0,0.0,1713139027.6000001,3326439027.6000004,0.0,1.4007260891337006,0.5548005647723262,0.0,0.04562631327802567,0.0,0.0,1.6818564967602594,17.995157852941176,0.0,2.2142857142857144,1.5859013867488443,0.030762243548808403,0.299623485115896,0.742864296444667,0.0070008236263089775,111.96987108496732,0.19163557824464952,1.2842105263157895,1.9223327607002385,0.04310997489503767,0.0,0.5831305758313058,1.3748031496062991,2.734848484848485,-0.6674138404585148,-0.36808523493332895,0.0,Oil & Gas E&P,Energy,CLMT
2014Q4,2014,Q4,2015-03-02,2014-12-31,-63500000.0,1339400000.0,-39600000.0,-0.95,123300000.0,0.0920561445423324,3119800000.0,0.0,906500000.0,543500000.0,2309600000.0,513500000.0,0.0,1563676283.07,3268676283.0699997,0.0,1.6678932842686292,0.5492339252516187,0.0,-0.02268195694793911,0.0,0.0,1.1674453360235926,-6.156205838858268,0.0,-0.8283464566929134,2.3682570593962997,0.03363867609268158,0.4293223924610552,0.659245630174793,-0.02035386883774601,21.538240813636364,0.0920561445423324,-12.875,-2.002288203333158,0.24775437462420014,0.0,-0.3247535596933187,-7.75531914893617,-1.6449511400651466,-1.5445138798114275,-0.21137981780433915,0.0,Oil & Gas E&P,Energy,CLMT
2014Q3,2014,Q3,2014-11-07,2014-09-30,9400000.0,1675800000.0,61400000.0,0.08,182600000.0,0.10896288339897363,3332000000.0,0.0,1192400000.0,660300000.0,2386300000.0,640500000.0,0.0,1912842846.45,3588842846.45,0.0,1.8058458276540965,0.5053121248499399,0.0,0.029808057306501465,0.0,0.0,1.1414505588077337,50.87347995877659,0.0,5.585106382978723,2.331303669008587,0.027446060243492304,0.5029411764705882,0.7107375435408148,0.0028211284513805523,56.4260426681416,0.10896288339897363,1.6708883759036144,0.8781365750868662,0.5740811307764753,0.0,0.8444444444444444,2.1325301204819276,6.961165048543689,-0.7123318107635912,0.29328896411114447,0.0,Oil & Gas E&P,Energy,CLMT
2014Q2,2014,Q2,2014-08-08,2014-06-30,-8300000.0,1434900000.0,-10300000.0,-0.11924487421957283,99000000.0,0.06899435500731758,3261100000.0,0.0,1259600000.0,689900000.0,2310200000.0,717900000.0,0.0,2213428474.2000003,3777928474.2000003,0.0,1.8257718509928975,0.4842231148998804,0.0,-0.005307689537723772,0.0,0.0,1.5425663629521222,-66.66953235542168,0.0,-6.325301204819277,1.8608441287087338,0.023718859955018465,0.44000490631995337,0.6851717640237716,-0.002545153475821042,-13.587651775322286,0.06899435500731758,0.8430988497110884,0.8490850955769879,0.4964058642763252,0.0,-0.20673076923076922,0.8333333333333334,-1.291784702549575,0.37835563284251966,0.12058239764316475,0.0,Oil & Gas E&P,Energy,CLMT
2014Q1,2014,Q1,2014-05-09,2014-03-31,-49800000.0,1341000000.0,35300000.0,-0.76,124800000.0,0.09306487695749441,3217600000.0,0.0,1284400000.0,657800000.0,2214000000.0,675900000.0,0.0,1799055322.56,3138255322.56,0.0,1.9525691699604744,0.4720288413724515,0.0,0.023335751059835014,0.0,0.0,1.3415774217449663,-9.031402221686747,0.0,-1.0562248995983936,1.7993786063027075,0.029237566705370588,0.4167702635504724,0.8727576771055032,-0.015477374440576827,-268.5157197850746,0.09306487695749441,-1.8148148148148147,-1.304806729534607,0.4986037975575258,0.0,0.10933333333333334,-2.2129032258064516,0.22145328719723184,-7.278511311690117,0.17349481507319536,0.0,Oil & Gas E&P,Energy,CLMT
2013Q4,2013,Q4,2014-03-03,2013-12-31,-15500000.0,1243100000.0,28900000.0,-0.27,112500000.0,0.0904995575577186,2688100000.0,0.0,974400000.0,502100000.0,1625300000.0,567400000.0,0.0,1811925207.3,2801625207.3,0.0,1.9406492730531766,0.41322867452847734,0.0,0.025850507372833627,0.0,0.0,1.457586040785134,-29.224600117741932,0.0,-3.393548387096774,1.9925978145928798,0.029029895819144058,0.4624455935419069,0.7655845449113723,-0.0057661545329414825,-15.368322368956743,0.0904995575577186,0.5,-1.2301516996855248,-0.31390619855509194,-1.0,0.8115942028985508,0.5545977011494253,2.5210526315789474,-1.862449275467311,0.05804347270156896,0.0,Oil & Gas E&P,Energy,CLMT
2013Q3,2013,Q3,2013-11-08,2013-09-30,-34800000.0,1505500000.0,-19000000.0,-0.54,62100000.0,0.04124875456658917,2641000000.0,0.0,1031900000.0,550300000.0,1436200000.0,559700000.0,0.0,1900111278.5,2630511278.5,0.0,1.8751590041795385,0.3272624006058311,0.0,-0.022046459612666512,0.0,0.0,1.262113104284291,-13.650224701867815,0.0,-1.5114942528735633,2.5788815436841164,0.027682589222629048,0.5700492237788717,0.7921133926948937,-0.013176826959485044,57.405174577039276,0.04124875456658917,-11.8,0.2345719495216989,-0.427895072411041,-1.0,-0.38514851485148516,-5.461538461538462,-1.695970695970696,-1.8322763903771602,0.2835676166109724,0.0,Oil & Gas E&P,Energy,CLMT
2013Q2,2013,Q2,2013-08-09,2013-06-30,7800000.0,1354200000.0,27300000.0,0.05,101000000.0,0.07458277950081228,2684200000.0,0.0,1094400000.0,514800000.0,1401600000.0,589300000.0,0.0,2546329893.0,3247229893.0,0.0,2.125874125874126,0.32192087027792265,0.0,0.030803726420553176,0.0,0.0,1.8803204054054055,81.61313759615385,0.0,6.653846153846154,2.126590870524351,0.020382276523821966,0.5045078608151404,0.9137529137529138,0.002905893748602936,141.46277183333333,0.07458277950081228,-0.9242424242424242,-0.9486035514123244,-0.44420348197159526,-1.0,-0.24851190476190477,-0.8311688311688312,-0.49816176470588236,5.459223423672108,0.3373206032822844,0.0,Oil & Gas E&P,Energy,CLMT
2013Q1,2013,Q1,2013-05-10,2013-03-31,46200000.0,1318600000.0,54400000.0,0.66,134400000.0,0.10192628545426968,2499900000.0,0.0,965800000.0,522500000.0,1439000000.0,622000000.0,0.0,2354283377.85,3236783377.85,0.0,1.848421052631579,0.35721428857154286,0.0,0.06065453769821071,0.0,0.0,1.7854416637721826,12.73962866801948,0.0,0.9632034632034632,1.9038585209003216,0.01890171778753274,0.5274610984439377,0.6179904306220095,0.018480739229569183,-42.88312163661202,0.10192628545426968,-0.09589041095890405,5.15472776745267,-0.32367603360585206,-1.0,-0.05164445134385651,0.037339739991467766,-0.260879607614027,3.0298088342368406,0.5308829389285501,0.0,Oil & Gas E&P,Energy,CLMT
2012Q4,2012,Q4,2013-03-01,2012-12-31,44537000.0,1220882000.0,73601000.0,0.73,141719000.0,0.11607919520477819,2253045000.0,0.0,833946000.0,475398000.0,1363252000.0,553574000.0,0.0,1754900940.0,2586227940.0,0.0,1.7542059495412266,0.38325954430559533,0.0,0.0849698998059551,0.0,0.0,1.4374042208829354,9.850803489233671,0.0,0.8576239980241148,1.9494466864411986,0.021765331096124434,0.5418808767689949,0.5447162167278785,0.019767470245822875,24.94528699360341,0.11607919520477819,0.05797101449275368,0.6201245227690906,-0.2080688312885756,-1.0,-0.1053432319482848,0.050004715201810636,-0.2554575434479131,-0.1505791064036379,0.3742811302510937,0.0,Oil & Gas E&P,Energy,CLMT
2012Q3,2012,Q3,2012-11-07,2012-09-30,42416000.0,1179818000.0,98854000.0,0.69,158406000.0,0.1342630812549054,2239161000.0,0.0,963055000.0,508881000.0,1390841000.0,494112000.0,0.0,1909660220.0,2582418220.0,0.0,1.8924954950174993,0.38554440703459913,0.0,0.114029127773782,0.0,0.0,1.618605768008286,11.255541658807998,0.0,0.8460486608826858,2.0671669580985688,0.018791824652450474,0.5269018172431549,0.8934878684800572,0.018942809382621436,8.281015840802752,0.1342630812549054,-0.39473684210526316,0.2712848958766445,-0.2188999564100504,-1.0,0.22978386435625117,-0.35402515914836585,0.2599446844848902,9.226901260222114,0.33731889358847056,0.0,Oil & Gas E&P,Energy,CLMT
2012Q2,2012,Q2,2012-08-09,2012-06-30,65662000.0,1086996000.0,78459000.0,1.14,128808000.0,0.11849905611428192,2111158000.0,0.0,861503000.0,339518000.0,1229459000.0,513319000.0,0.0,1308565840.0,2098250840.0,0.0,2.537429532454833,0.40879365731982165,0.0,0.09044435655776062,0.0,0.0,1.2038368494456282,4.982203709908318,0.0,0.45869757241631387,1.8666521208059705,0.023016801355597055,0.5148814063182386,0.9481912593735825,0.031102361831753,88.75845079020552,0.11849905611428192,0.17525773195876282,-0.4780939222665152,-0.2334219361393059,-1.0,0.5289872275770381,0.2646033549679333,1.2407893985263037,2.510159403806922,0.4338719064468307,0.0,Oil & Gas E&P,Energy,CLMT
2012Q1,2012,Q1,2012-05-04,2012-03-31,51923000.0,1169586000.0,35014000.0,0.97,84244000.0,0.07202890595475664,1799419000.0,0.0,814275000.0,483521000.0,1177225000.0,506584000.0,0.0,1365517700.0,2025744700.0,0.0,1.6840530194138414,0.37047680390170384,0.0,0.05242895833275781,0.0,0.0,1.1675222685634061,6.574724592184581,0.0,0.5430926564335651,2.142471929630624,0.020650775892542442,0.649979799035133,0.6164385828123288,0.02885542500106979,185.65842284160436,0.07202890595475664,-0.4196206442753333,-0.4171796368102153,0.054783379257366815,-1.0,0.05173533083645443,-0.25726669336842706,0.05476563441378479,-0.5719027144775777,0.7606689307602773,0.0,Oil & Gas E&P,Energy,CLMT
2011Q4,2011,Q4,2012-02-29,2011-12-31,69908000.0,1018133000.0,33196000.0,1.6713206464569188,80100000.0,0.07867341496641402,1732058000.0,0.0,778644000.0,388607000.0,1003158000.0,497740000.0,0.0,843252480.0,1430278480.0,0.0,2.0036798101938462,0.3389551620095863,0.0,0.05601176993800315,0.0,0.0,0.8282341108676371,3.0155793328374436,0.0,0.37708130686044516,1.8845843211315145,0.03126109987841364,0.5878169206804853,0.6964130857138445,0.04036123501637936,18.52243728858235,0.07867341496641402,2.633305753167215,-0.14175282963650326,0.06869024890956078,-1.0,-0.17081603710106522,2.5641888447027634,-0.4127823671967593,0.728125351208098,-0.06449132583613432,-1.0,Oil & Gas E&P,Energy,CLMT
2011Q3,2011,Q3,2011-11-04,2011-09-30,19614000.0,777780000.0,56531000.0,0.46,96601000.0,0.12420093085448328,1641596000.0,0.0,686633000.0,423969000.0,1092673000.0,446506000.0,0.0,708566320.0,1349022320.0,0.0,1.6195358622918186,0.39171757241123883,0.0,0.08686663297343529,0.0,0.0,0.9110112371107512,9.03138472519629,0.0,1.026001835423677,1.5255763640354216,0.028401011213742135,0.47379501412040476,0.5556538331811995,0.011948128528578286,11.815937432254406,0.12420093085448328,3.4210526315789473,-0.7872224497314056,-0.32322701962792416,-1.0,0.9104321170770295,3.563586459286368,1.4147195762675666,1.7181244302762861,-0.5080056666078617,-1.0,Oil & Gas E&P,Energy,CLMT
2011Q2,2011,Q2,2011-08-08,2011-06-30,-7651000.0,733770000.0,23411000.0,-0.19,50565000.0,0.06891123921664827,1196224000.0,0.0,483390000.0,399857000.0,837792000.0,258665000.0,0.0,857549000.0,1272047000.0,0.0,1.2089071843183938,0.35894782248140816,0.0,0.05574662597619632,0.0,0.0,1.1686890987639178,-28.0208142726441,0.0,-2.5238530910992028,2.6412734618135425,0.022517663713677003,0.6134051816382216,0.5528701510790107,-0.006395959285217485,-20.554373097480884,0.06891123921664827,-2.727272727272727,-1.1082419445192064,-0.44090009204024105,-1.0,0.07897319904404233,-2.82123303975244,1.059739574168573,-1.0879366280485685,-0.4747016191103077,-1.0,Oil & Gas E&P,Energy,CLMT
2011Q1,2011,Q1,2011-05-06,2011-03-31,4201000.0,605240000.0,11366000.0,0.11,46864000.0,0.07743044081686604,1108398000.0,0.0,406004000.0,370447000.0,737092000.0,171929000.0,0.0,783593750.0,1094102750.0,0.0,1.0959840409019375,0.32283800584266664,0.0,0.029845253625497312,0.0,0.0,1.2946826878593616,46.63138240895025,0.0,4.03427755296358,3.247712718622222,0.02162855433698903,0.5460493432864368,0.6278361007107629,0.003790154799990617,-15.839136279107374,0.07743044081686604,-0.5737861842105263,-0.5822949498051712,-0.4655386267936348,-1.0,-0.15328467153284672,-0.5393640350877194,-0.40946641034966486,1.6437189478733611,-0.4710527751461106,-1.0,Oil & Gas E&P,Energy,CLMT
2010Q4,2010,Q4,2011-02-22,2010-12-31,9120000.0,596210000.0,19247000.0,0.2580864249936327,55348000.0,0.0928330621760789,1016672000.0,0.0,309111000.0,243711000.0,618393000.0,147110000.0,0.0,752678100.0,1121916100.0,0.0,1.2683506284082375,0.36321940606213216,0.0,0.050731224934302446,0.0,0.0,1.262437899397863,20.63262335526316,0.0,1.8157894736842106,3.676582149412005,0.022001437267804125,0.586432989203991,0.648300651181112,0.008970444745207895,19.423950967741934,0.0928330621760789,-0.5625653813667242,-0.7970553916360109,0.08217836899221671,-1.0,-0.10881396322416513,-0.5702370293577117,-0.3491478425537671,-0.45785618900708597,-0.3680172396873745,-1.0,Oil & Gas E&P,Energy,CLMT
2010Q3,2010,Q3,2010-11-04,2010-09-30,21221000.0,595273000.0,29572000.0,0.59,62106000.0,0.10433196197374986,1038619000.0,0.0,320008000.0,228608000.0,624521000.0,150214000.0,0.0,696845640.0,1087700640.0,0.0,1.3998110302351623,0.376406555243068,0.0,0.07536218786934815,0.0,0.0,1.1706320293377996,8.209387399274302,0.0,0.7723952688374723,3.5493828804239285,0.023521708480518013,0.5731389470055911,0.7208234182530795,0.020431938949701477,20.000161873600828,0.10433196197374986,20.666666666666668,1.3852118175948867,0.17021603140205557,-1.0,0.25165763114935813,24.87064116985377,0.49625581866019025,0.039372572293642376,-0.3559789555530872,-1.0,Oil & Gas E&P,Energy,CLMT
2010Q2,2010,Q2,2010-08-05,2010-06-30,-889000.0,514652000.0,19764000.0,-0.03,49619000.0,0.09641272160605613,1030087000.0,0.0,304421000.0,193863000.0,607921000.0,146833000.0,0.0,625147120.0,1033922120.0,0.0,1.5702893280306196,0.39690045598090257,0.0,0.05419735679758155,0.0,0.0,1.2146987090305683,-175.8006524184477,0.0,-18.437570303712036,3.16708777999496,0.026219428156367415,0.49961993501519775,0.7798342128203938,-0.0008630338990784274,-23.940989583333334,0.09641272160605613,0.9166666666666666,-1.014187296835484,-0.5576524312038987,-1.0,0.5665035516969219,0.9305794158987974,5.798761609907121,-1.0109967350898654,-0.4351594582594844,-1.0,Oil & Gas E&P,Energy,CLMT
2010Q1,2010,Q1,2010-05-07,2010-03-31,-12806000.0,484616000.0,2907000.0,-0.36,31675000.0,0.06536102811298017,986357000.0,0.0,264589000.0,167724000.0,540480000.0,110994000.0,0.0,735300800.0,1102649800.0,0.0,1.5775261739524458,0.372467575127464,0.0,0.00801198839177186,0.0,0.0,1.5172854383676972,-14.354615024207405,0.0,-1.2804154302670623,4.080770131718832,0.02229971734016881,0.4913190660176792,0.8366960005723689,-0.012983128826581045,14.23291394061399,0.06536102811298017,-1.3964846579648738,-2.3281920227091306,-0.5536076177588168,-1.0,-0.08474919093851133,-1.4375726098544386,-0.543498743718593,-1.210160578215504,-0.3610135006457801,-1.0,Oil & Gas E&P,Energy,CLMT
2009Q4,2009,Q4,2010-02-26,2009-12-31,29266000.0,495865000.0,6368000.0,0.9079796475552246,34608000.0,0.06979318967864237,1031856000.0,0.0,299643000.0,139916000.0,546509000.0,137250000.0,0.0,590812560.0,991821560.0,0.0,2.1415920981160124,0.38867632692933896,0.0,0.015722071764218557,0.0,0.0,1.1914786484224538,5.046919292011207,0.0,0.5060821431012096,3.3607067395264116,0.025068864480470764,0.480556395466034,0.87779096029046,0.02836248468778589,-47.163132433942685,0.06979318967864237,11.641900647948164,-0.28601601583611364,-0.013253782711436865,-1.0,-0.15910195354261833,11.641900647948164,-0.5399508741511342,-0.533739402481555,-0.32455400201693024,-1.0,Oil & Gas E&P,Energy,CLMT
2009Q3,2009,Q3,2009-11-06,2009-09-30,2315000.0,492431000.0,13842000.0,0.07182303301067262,41156000.0,0.08357719152531015,1048032000.0,0.0,303816000.0,161956000.0,598416000.0,131708000.0,0.0,510554880.0,937622880.0,0.0,1.8759169157055002,0.4099445436780556,0.0,0.03287268176389175,0.0,0.0,1.0368049127695047,55.1355161987041,0.0,6.397840172786177,3.426329456069487,0.029009614010544763,0.4698625614485054,0.80778730025439,0.0022089020182589846,11.15552428605764,0.08357719152531015,1.0909152316590793,1.0460709506866028,0.06129878309914447,-1.0,1.2406358885017421,1.09089838228365,3.3861403206343734,-0.9674095412400483,-0.4439530405322519,-1.0,Oil & Gas E&P,Energy,CLMT
2009Q2,2009,Q2,2009-08-07,2009-06-30,-25468000.0,444039000.0,-5801000.0,-0.79,18368000.0,0.04136573589256799,1058940000.0,0.0,302706000.0,146982000.0,609376000.0,146114000.0,0.0,499596000.0,956513000.0,0.0,2.059476670612728,0.4315456966400363,0.0,-0.012726994927200825,0.0,0.0,1.125117388337511,-4.904154232762682,0.0,-0.58182817653526,2.9132800416113445,0.029659965251923555,0.4193240410221542,0.7741696262127336,-0.024050465559899523,30.453886010362694,0.04136573589256799,-1.3434782608695652,-1.4458671286166012,-0.5813184575518829,-1.0,-0.7674082891187904,-1.3367090615828023,-1.1095541160695737,-1.4458671286166012,-0.5813184575518829,-1.0,Oil & Gas E&P,Energy,CLMT
2009Q1,2009,Q1,2009-05-08,2009-03-31,75638000.0,414264000.0,52951000.0,2.3,78971000.0,0.1906296467952803,1102982000.0,0.0,339255000.0,130301000.0,590289000.0,148976000.0,0.0,351328800.0,806128800.0,0.0,2.6036254518384356,0.41236212376992554,0.0,0.11629375807045356,0.0,0.0,0.8480794855454493,1.1612179063433723,0.0,0.1959068193236204,2.2506511115884438,0.042177014807781195,0.37558545833023566,0.7854582850476972,0.06857591511012873,12.688847154001733,0.1906296467952803,1.3781722054380663,7.6040288106584,-0.5814853456685611,-1.0,-0.027366891234466024,3.0805999136814846,-0.06684407161990695,7.6040288106584,-0.5814853456685611,-1.0,Oil & Gas E&P,Energy,CLMT
2008Q4,2008,Q4,2009-03-04,2008-12-31,18536000.0,498679000.0,56744000.0,0.9671292914536158,81193000.0,0.16281616029550072,1081062000.0,473212000.0,305151000.0,137853000.0,607850000.0,118524000.0,0.0,167894160.0,632937160.0,24.690180528018367,2.213597092555113,0.43021676832596095,0.9828385586164341,0.0606419848843932,24.690180528018367,0.03917060429574905,0.33667782280785835,2.264433534743202,0.3547969197738012,0.7985002157962883,3.5223752151462997,0.08815672921559631,0.46128621670172476,0.7950788158400616,0.017146102628711395,3.4424998462200898,0.16281616029550072,2.4811026767878546,-0.23950407195481666,0.6688560036538757,14.98028533721074,0.05481071530646712,2.4811026767878546,0.36384175359323173,-0.23950407195481666,0.6688560036538757,14.98028533721074,Oil & Gas E&P,Energy,CLMT
2008Q3,2008,Q3,2008-11-10,2008-09-30,-12515000.0,724371000.0,41606000.0,-0.6529792340603151,76974000.0,0.10626322699279789,1091490000.0,329183000.0,311710000.0,306292000.0,762307000.0,89450000.0,0.0,236700100.0,697450100.0,17.17536262130857,1.017689002651065,0.4222274139020971,1.4000024302591567,0.0532933937934006,17.17536262130857,-0.03801836668357722,0.32676639456852913,-4.72832800639233,0.7190532317890048,-1.1825809029165002,7.237529346003353,0.062526378315852,0.6636533545886816,0.7157973437112298,-0.011465977700207972,-5.226321483771252,0.10626322699279789,-1.6801867021461616,0.5811458688009162,1.6254823720481364,66.70771968329008,0.26431457573667094,-1.299344623038653,0.43736613003523805,0.5811458688009162,1.6254823720481364,66.70771968329008,Oil & Gas E&P,Energy,CLMT
2008Q2,2008,Q2,2008-08-11,2008-06-30,41808000.0,671220000.0,28946000.0,0.96,60882000.0,0.09070349512827389,1113330000.0,310638000.0,328439000.0,413185000.0,802692000.0,113300000.0,0.0,275223760.0,664396760.0,16.207763748304288,0.7948957488776214,0.3499654190581409,1.254279901364289,0.041187022839738005,16.207763748304288,0.13458752631680607,0.41003510026518875,1.6457601415996939,0.8859951454747971,0.354023153463452,5.386919682259488,0.053778060440711956,0.6028940206407803,0.5126783402108015,0.03755220824014443,-21.17594521812726,0.09070349512827389,6.424339622641509,0.23090851811401336,0.06434728965434341,0.3114519695273896,0.7477751621978527,13.325471698113208,19.045706371191137,0.23090851811401336,0.06434728965434341,0.3114519695273896,Oil & Gas E&P,Energy,CLMT
2008Q1,2008,Q1,2008-05-09,2008-03-31,-3392000.0,594723000.0,1444000.0,-0.17698006887196077,34834000.0,0.05857180569777863,1059573000.0,319525000.0,321306000.0,369839000.0,740048000.0,147521000.0,0.0,450209339.99999994,820589340.0,16.671449441719712,0.86877262808952,0.34960309483159724,1.159314607620687,0.002097837846792797,16.671449441719712,-0.010615757765433064,0.7570067745824526,-33.181702535377354,1.4089956654408886,-6.408608490566038,3.7953172768622774,0.04828420485456833,0.5612855367209244,0.46607307504076095,-0.003201289576083951,-16.168408690967855,0.05857180569777863,-1.371769452850534,-1.6488935141256773,0.010424760908801428,0.2761276171549254,0.24518319928507595,-1.435374149659864,-0.8556577369052379,-1.6488935141256773,0.010424760908801428,0.2761276171549254,Oil & Gas E&P,Energy,CLMT
2007Q4,2007,Q4,2008-03-04,2007-12-31,7791000.0,436925000.0,10004000.0,0.47604790419161674,27975000.0,0.06402700692338502,678857000.0,399644000.0,229284000.0,240265000.0,279213000.0,107664000.0,0.0,606032980.0,645888980.0,24.419161676646706,0.9542962978378041,0.05876200731523723,0.09981633653952017,0.02247198211456455,24.419161676646706,0.019494850416871014,1.3870412084453854,19.446572327044027,1.5164320745463464,2.5476832242330896,3.7983912914251747,0.03275234295004869,0.6436186118726035,0.47460928558050486,0.011476643829260065,-11.27125762535337,0.06402700692338502,0.057884231536926074,-0.6256627775713156,0.7123542554497707,14.804873149690787,-0.2613861386138614,-0.17607868020304568,-0.42103130968227326,-0.6256627775713156,0.7123542554497707,14.804873149690787,Oil & Gas E&P,Energy,CLMT
2007Q3,2007,Q3,2007-11-08,2007-09-30,9456000.0,428084000.0,17279000.0,0.45,37875000.0,0.0884756262789546,577102000.0,328928000.0,220261000.0,182346000.0,248174000.0,101380000.0,0.0,807989420.0,875779420.0,20.098252474642553,1.2079288824542354,0.11751475475739125,0.20617885981126569,0.04311408737212905,20.098252474642553,0.028747932678276095,1.8874553125087599,21.36181842216582,2.4564324715439243,2.09919627749577,3.8489741566383904,0.02456715336693394,0.7417822152756358,0.6426628497471839,0.016385318366597238,-43.189513577079325,0.0884756262789546,-0.5212765957446808,1.3706195717141332,0.8170462619075446,78.23016676159185,-0.3736667162772238,-0.747287401785237,-0.5562888398130553,1.3706195717141332,0.8170462619075446,78.23016676159185,Oil & Gas E&P,Energy,CLMT
2007Q2,2007,Q2,2007-08-10,2007-06-30,37418000.0,421726000.0,38942000.0,0.94,60471000.0,0.14338930964654775,554262000.0,324458000.0,256309000.0,178869000.0,229804000.0,102451000.0,0.0,795387600.0,825783600.0,19.82512525968471,1.4329425445437722,0.09533036722705146,0.16285004530632624,0.1025147640753293,19.82512525968471,0.1153246336968113,1.886029317613806,5.314204393607355,2.451434700331014,0.49903789619968997,3.526124683995276,0.023476604362451713,0.7608784293348633,0.8454735029546764,0.06750958932779083,-36.01483359746434,0.14338930964654775,0.18987341772151886,0.29013718340446626,-0.21686292660041892,0.604150947144753,0.0987934731257041,0.3264090747961716,0.11342387419585419,0.29013718340446626,-0.21686292660041892,0.604150947144753,Oil & Gas E&P,Energy,CLMT
2007Q1,2007,Q1,2007-05-10,2007-03-31,28210000.0,351113000.0,34975000.0,0.79,55034000.0,0.15674156183336987,525085000.0,327514000.0,288795000.0,148696000.0,197571000.0,107706000.0,0.0,788022900.0,774129900.0,20.01185384333374,1.9421840533706354,0.09403239475513488,0.15075691420824758,0.09263501786951349,20.01185384333374,0.08613372252789193,2.24435694491517,6.983542183622829,2.4060739388239893,0.6619283941864587,2.74895548994485,0.023696011879857804,0.6686784044488036,1.1494323989885404,0.053724635059085674,721.6326923076923,0.15674156183336987,-0.5943236469767147,5.319891361105648,-0.3014056123371597,0.5318211802291756,0.2776913611775358,-0.10506947528710107,0.4553511984021305,5.319891361105648,-0.3014056123371597,0.5318211802291756,Oil & Gas E&P,Energy,CLMT
