Quarters,Year,Quarter,FillingDate,Date,NetIncome,Revenue,OperatingIncome,EPSDiluted,GrossProfit,GrossProfitRatio,TotalAssets,CommonStockEquity,CurrentAssets,CurrentLiability,TotalLiability,Inventory,RetainedEarnings,MarketCap,EnterpriseValue,bookValuePerShare,currentRatio,debtToAssets,debtToEquity,roic,shareholdersEquityPerShare,roe,priceToSalesRatio,peRatio,pbRatio,payoutRatio,inventoryTurnover,dividendYield,assetTurnover,quickRatio,returnOnAssets,priceToFreeCashFlowsRatio,grossProfitMargin,epsdilutedGrowth,fiveYNetIncomeGrowthPerShare,fiveYRevenueGrowthPerShare,fiveYShareholdersEquityGrowthPerShare,grossProfitGrowth,netIncomeGrowth,operatingIncomeGrowth,threeYNetIncomeGrowthPerShare,threeYRevenueGrowthPerShare,threeYShareholdersEquityGrowthPerShare,Industry,Sector,Symbol
2023Q1,2023,Q1,2023-05-09,2023-04-02,-714000.0,295792000.0,9477000.0,-0.0123,95873000.0,0.3241230324,1253205000.0,367029000.0,611773000.0,221484000.0,886176000.0,312745000.0,277345000.0,472182270.00000006,954952270.0,6.319478641161177,2.762154376839862,0.46603947478664703,1.591272079317983,0.012394113563434008,6.319478641161177,-0.0019453503674096598,1.596332118515714,-165.32992647058825,1.2864985328134835,0.0,0.6392396361252778,0.0,0.23602842312311234,1.1243791876614113,-0.0005697391887201217,19.779753267426276,0.32412303240114676,0.9707142857142858,-1.048632419209328,0.2632862777926889,0.1144396764363208,-0.09075993664823649,0.9709944751381215,-0.5285074626865671,0.9929668001836622,0.03301005740385537,0.5477300981578882,"Furnishings, Fixtures & Appliances",Consumer Cyclical,TILE
2022Q4,2022,Q4,2023-03-01,2023-01-01,-24616000.0,335555000.0,20100000.0,-0.42,105443000.0,0.3142346262,1266503000.0,361537000.0,617037000.0,220470000.0,904966000.0,306327000.0,278639000.0,574098420.0,1080910420.0,6.21560705566826,2.7987345217036332,0.4772006067099723,1.6716850557480978,0.01915783351170325,6.21560705566826,-0.06808708375629603,1.710892163728748,-5.830541314592135,1.5879382193247162,-0.023643158921026974,0.7511972499975517,0.0010137634588856734,0.264946075927179,1.2716968295006124,-0.019436195571585695,24.90125439167209,0.3142346262162686,-2.7499999999999996,-6.882241387894224,0.30181559827352256,0.1311734117414875,-0.030721147216987637,-2.7501599715606115,-0.28321803009771057,-2.5046200494364568,-0.0072343317264434055,-0.013796829459928514,"Furnishings, Fixtures & Appliances",Consumer Cyclical,TILE
2022Q3,2022,Q3,2022-11-08,2022-10-02,14065000.0,327757000.0,28042000.0,0.24,108785000.0,0.3319074802,1240633000.0,321423000.0,603092000.0,237900000.0,919210000.0,319074000.0,303837000.0,553948640.0,1075414640.0,5.4774628925887425,2.5350651534258093,0.4843616121770096,1.8695457387928058,0.01951902135352086,5.4774628925887425,0.04375853625907294,1.6901199364163084,9.846225382154284,1.7234256416000098,0.04166370423035905,0.6862734036618464,0.0010578598044757362,0.26418529895625864,1.0503783102143758,0.01133695460301314,23.668972825158093,0.3319074802368828,-0.14285714285714296,-0.2476389928580685,0.32388906339607837,0.00611643501342558,-0.06787140335544016,-0.16369366155309786,-0.1877769732078204,-0.4656406740988585,-0.06309761334128082,-0.10440880747377285,"Furnishings, Fixtures & Appliances",Consumer Cyclical,TILE
2022Q2,2022,Q2,2022-08-09,2022-07-03,16818000.0,346605000.0,34525000.0,0.28,116706000.0,0.3367118189,1313447000.0,347377000.0,626690000.0,249359000.0,966070000.0,318076000.0,290358000.0,753379920.0,1294061920.0,5.851249831559089,2.5132038546834083,0.4814316831969619,1.8203133771090199,0.020983946458041774,5.851249831559089,0.04841425885997058,2.173597957328948,11.19901177310025,2.1687674198349343,0.0705791413961232,0.7227800902928859,0.0015755662826797932,0.26388959737241013,1.065435777333082,0.012804475551735243,1173.488971962617,0.3367118189293288,0.2727272727272728,-0.15048646938570265,0.45640699335343027,0.1068255100358915,0.09276304085244244,0.2651771609117581,0.2591174325309993,-0.43067604209267957,-0.03184993422237467,-0.014829482967170722,"Furnishings, Fixtures & Appliances",Consumer Cyclical,TILE
2022Q1,2022,Q1,2022-05-10,2022-04-03,13293000.0,288002000.0,27420000.0,0.22,106799000.0,0.3708272859,1309785000.0,366880000.0,583779000.0,245867000.0,942905000.0,319367000.0,274135000.0,786813440.0,1319827440.0,6.192276532541183,2.3743690694562507,0.4650396820852277,1.660221325774095,0.016803019049706436,6.192276532541183,0.03623255560401221,2.7319721390823677,14.797514481305951,2.144607064980375,0.0,0.5673817269786797,0.0,0.21988494294865188,0.8991934663862983,0.010148993918849276,-35.00526938648396,0.37082728592162556,-0.4054054054054054,0.6821506451704937,0.40882943973839747,0.19870848923137116,-0.1201123762131523,-0.39095574085952534,-0.1918656056587091,0.8953329096829289,-0.0262670728566589,0.056051279070453854,"Furnishings, Fixtures & Appliances",Consumer Cyclical,TILE
2021Q4,2021,Q4,2022-03-02,2022-01-02,21826000.0,339646000.0,33930000.0,0.37,121378000.0,0.3573661989,1330057000.0,363398000.0,572340000.0,261812000.0,966659000.0,265092000.0,261434000.0,958462650.0,1471761650.0,6.153551773770214,2.186072448932822,0.45904122906010797,1.6801165664092812,0.026446954354037013,6.153551773770214,0.060060869900219596,2.821945937829387,10.97845058645652,2.637501169516618,0.0270777971226977,0.8233669820288806,0.000616612447026496,0.25536198824561657,1.027179808412143,0.01640982303765929,80.08544869652407,0.35736619892476285,0.9473684210526315,4.067363420584783,0.5497455318230344,0.16553557467608662,0.1415753585704209,0.9916050734556072,0.36941518343625135,2.439505979934556,0.015507284630108443,0.03259285649802914,"Furnishings, Fixtures & Appliances",Consumer Cyclical,TILE
2021Q3,2021,Q3,2021-11-09,2021-10-03,10959000.0,312707000.0,24777000.0,0.19,106325000.0,0.3400147742,1289242000.0,336777000.0,535711000.0,234836000.0,952465000.0,256652000.0,240199000.0,923651480.0,1451602480.0,5.702575477928104,2.2812132722410534,0.48149222566438266,1.843237513250608,0.015949173005274417,5.702575477928104,0.03254082078051648,2.953728186449296,21.07061501961858,2.742620428354668,0.054110776530705354,0.8041316646665524,0.0006420170517130552,0.24255104937630018,1.0477439574852236,0.008500343612758504,39.064941634241244,0.3400147742135609,-0.2692307692307693,-0.24386090511438172,0.38169542863468026,-0.02103750798779651,-0.02446968584850264,-0.2934691509251499,-0.15216944976731453,0.3510112197288082,-0.010346324117814103,-0.03881117730520008,"Furnishings, Fixtures & Appliances",Consumer Cyclical,TILE
2021Q2,2021,Q2,2021-08-10,2021-07-04,15511000.0,294785000.0,29224000.0,0.26,108992000.0,0.3697338738,1322214000.0,335586000.0,546659000.0,229598000.0,986628000.0,258215000.0,229833000.0,916316320.0,1466678320.0,5.683948442607679,2.380939729440152,0.4936674396126497,1.945057302748029,0.019607194485747964,5.683948442607679,0.046220640908738744,3.1084224773987823,14.768814389787892,2.7304962662327985,0.07594610276577912,0.7195283000600275,0.0012855822539535255,0.2229480250549457,1.0858544063972684,0.011731081352942867,272.30797028231797,0.36973387384025647,1.1666666666666667,-0.16866244998461333,0.3149105332633499,0.028805055789821638,0.1348841083737687,1.2356586912654943,0.7327167081702834,-0.24134804803227267,0.047300968907317324,-0.007186828371862122,"Furnishings, Fixtures & Appliances",Consumer Cyclical,TILE
2021Q1,2021,Q1,2021-05-11,2021-04-04,6938000.0,253260000.0,16866000.0,0.12,96038000.0,0.3792071389,1295326000.0,314815000.0,517427000.0,217084000.0,980511000.0,243067000.0,214911000.0,754680500.0,1306790500.0,5.360378001021624,2.38353356304472,0.5087777131007947,2.093397709766053,0.012291102940137294,5.360378001021624,0.022038339977447072,2.979864566058596,27.193733784952435,2.3972190016358814,0.0,0.6468257723179206,0.0,0.19551834827680445,1.0849855355530578,0.005356180606272089,38.42373097092816,0.37920713890863145,-0.6363636363636364,-0.3981990998074095,0.2727332835818675,-0.02018252730046449,-0.007933392558312501,-0.6463091353996737,-0.19490190462551912,-0.5326727700438021,0.06964850041363788,-0.054697663486801794,"Furnishings, Fixtures & Appliances",Consumer Cyclical,TILE
2020Q4,2020,Q4,2021-03-03,2021-01-03,19616000.0,276946000.0,20949000.0,0.33,96806000.0,0.3495482874,1306011000.0,326538000.0,495394000.0,193300000.0,979473000.0,228725000.0,208562000.0,581986560.0,1155526560.0,5.565862139496829,2.5628246249353337,0.5180607207749399,2.0720191830659833,0.058304854701059394,5.565862139496829,0.060072640856500624,2.101444180453951,7.4172430668841765,1.7822935156092095,0.029924551386623165,0.787583342441797,0.0010086143570050827,0.21205487549492308,1.256709777547853,0.015019781609802675,101.44440648422521,0.3495482873917659,2.3,0.20633503390923064,0.26004944804971436,0.07026681414519621,-0.0524265382431824,2.317436157618806,0.8907039711191336,3.6473323073796196,0.06524319617020977,0.012926848372094419,"Furnishings, Fixtures & Appliances",Consumer Cyclical,TILE
2020Q3,2020,Q3,2020-11-09,2020-10-04,5913000.0,278642000.0,11080000.0,0.1,102162000.0,0.3666425018,1305775000.0,287020000.0,515046000.0,244807000.0,1018755000.0,247494000.0,189533000.0,397253760.0,974891760.0,4.898620972146368,2.10388591829482,0.5218027608125443,2.3739007734652637,0.008128593002229624,4.898620972146368,0.02060135182217267,1.425677966709972,16.79577879249112,1.3840629921259844,0.09910366987992558,0.7130677915424213,0.0014751276362997797,0.21339204686871782,0.9652951100254487,0.004528345235588061,7.408409980977956,0.3666425018482497,0.25000000000000006,-0.6698033452215244,0.2296608404292766,-0.013489746334988985,0.050033917816103765,0.2556806115948184,-0.08407043068529388,-0.6832230265248241,0.1272114222455236,-0.10020694514489492,"Furnishings, Fixtures & Appliances",Consumer Cyclical,TILE
2020Q2,2020,Q2,2020-08-11,2020-07-05,4709000.0,259504000.0,12097000.0,0.08,97294000.0,0.3749229299,1300968000.0,258196000.0,533386000.0,232584000.0,1042772000.0,263721000.0,184206000.0,466702320.0,1095889320.0,4.4148143081868545,2.2933047845079626,0.5542265451571445,2.7925723094083565,0.007235819486172502,4.4148143081868545,0.018238082696865946,1.7984397928355633,24.777145890847315,1.8075505429983425,0.9326820981100021,0.615081847861945,0.00941070959321565,0.19946993315746428,0.99428163588209,0.0036196124731738212,13.456226969985295,0.37492292989703435,1.0457142857142858,-0.7553738694152,0.11073807724104921,-0.07769359741945535,-0.14886581343877667,1.0460912036176064,-0.5187572104865338,-0.7585428929672604,0.10689732743274198,-0.16489139260173108,"Furnishings, Fixtures & Appliances",Consumer Cyclical,TILE
2020Q1,2020,Q1,2020-05-12,2020-04-05,-102167000.0,288169000.0,25137000.0,-1.75,114311000.0,0.3966804202,1287083000.0,238655000.0,533911000.0,230291000.0,1048428000.0,271151000.0,180082000.0,440713000.0,1097994000.0,4.0830624465355,2.3184188700383426,0.5671211569106266,3.058523810521464,0.02382289042427458,4.0830624465355,-0.428094948775429,1.5293560376029345,-1.0784132841328413,1.8466531185183634,0.0,0.6411851698868896,0.0,0.22389309780332736,0.9465849729255594,-0.07937871916574145,-11.621871786081591,0.3966804201701085,-7.25,-10.42201502344628,0.38225834826143473,-0.08061019510504992,-0.15764457937864765,-7.217563291139241,-0.3575207667731629,-14.105141123259171,0.42889183072467096,-0.20959576159055135,"Furnishings, Fixtures & Appliances",Consumer Cyclical,TILE
2019Q4,2019,Q4,2020-02-26,2019-12-29,16432000.0,339482000.0,39125000.0,0.28,135704000.0,0.399738425,1423049000.0,368202000.0,548135000.0,263275000.0,1054847000.0,253584000.0,286056000.0,962193869.9999999,1584835870.0,6.302562434740932,2.08198651600038,0.4946723549224236,1.9118391535081287,0.025492838082985855,6.302562434740932,0.04462767719892885,2.8343001101678436,14.639025529454722,2.6132228233415353,0.23107351509250243,0.8035917092561045,0.0039461901789085395,0.2385595998451213,0.982937992593296,0.011547037382409179,30.940699401890793,0.3997384250122245,-0.3777777777777777,1.300262068209115,0.41261114676749805,0.35952371435446556,-0.000427218220120505,-0.3730637161388783,-0.10419910248191226,2.856434991059798,0.5658073521965615,0.19375947410075317,"Furnishings, Fixtures & Appliances",Consumer Cyclical,TILE
2019Q3,2019,Q3,2019-11-07,2019-09-29,26210000.0,348352000.0,43676000.0,0.45,135762000.0,0.3897264836,1424537000.0,357378000.0,564789000.0,254972000.0,1067159000.0,265101000.0,273421000.0,843772520.0,1492158520.0,6.116030325329865,2.2151020504212227,0.5149729350659197,2.052722887251034,0.026476028545170952,6.116030325329865,0.07333971313287331,2.422183653316186,8.048192674551698,2.361008567958856,0.1449065242273941,0.801920777364099,0.0045012131942860625,0.2445369969330386,1.0272382849881556,0.018398960504360365,16.703405325150946,0.389726483556862,-0.09999999999999998,80.28919364276453,0.5711713444744482,0.19312001753144045,-0.020405512663251316,-0.1114953049255907,0.018278466846964467,0.8277255583369296,0.5556296915251195,0.04994038424941629,"Furnishings, Fixtures & Appliances",Consumer Cyclical,TILE
2019Q2,2019,Q2,2019-08-08,2019-06-30,29499000.0,357507000.0,42892000.0,0.5,138590000.0,0.3876567452,1454293000.0,352113000.0,582854000.0,234255000.0,1102180000.0,271790000.0,251009000.0,917731800.0,1619755800.0,5.9393269798431305,2.4881176495699133,0.5406613385335692,2.233033145609506,0.02823598700372043,5.9393269798431305,0.0837770829250837,2.567031694484304,7.777651784806265,2.606355914152559,0.1309535916471745,0.8054637771809118,0.004209290775365962,0.24582872914880288,1.1445561460801263,0.020284083056165435,53.43416593886463,0.3876567451826118,3.166666666666667,1.5304568408141321,0.5380505132573835,0.10291476074787323,0.2009740203469731,3.1789205269868255,1.6174406541770916,0.5745402745581455,0.5881234323387949,0.07502903774548907,"Furnishings, Fixtures & Appliances",Consumer Cyclical,TILE
2019Q1,2019,Q1,2019-05-10,2019-03-31,7059000.0,297688000.0,16387000.0,0.12,115398000.0,0.3876474698,1405067000.0,349659000.0,564485000.0,232522000.0,1055408000.0,285738000.0,225373000.0,926681280.0,1615039280.0,5.863613496109472,2.4276627587927164,0.5375757882008474,2.1601903568905705,0.011066093377991986,5.863613496109472,0.02018824054292897,3.1129278976646693,32.81914152146196,2.650242893790807,0.5524861878453039,0.6379620491499206,0.0042085667253362454,0.21186747678224596,0.9975314163821057,0.005023959711529771,-29.26146326060185,0.3876474698341888,0.09090909090909087,0.9549251516964504,0.5152556616505836,0.12467069498317061,-0.051642806659982575,0.10383111806098515,-0.3123373898447335,-0.396965242099738,0.4733731553413775,0.07180332348761408,"Furnishings, Fixtures & Appliances",Consumer Cyclical,TILE
2018Q4,2018,Q4,2019-02-28,2018-12-30,6395000.0,337059000.0,23830000.0,0.11,121682000.0,0.3610109803,1284644000.0,354663000.0,558879000.0,223587000.0,929981000.0,258657000.0,222214000.0,848074500.0,1385666500.0,5.959320496017744,2.499604180922862,0.4815193936997332,1.7441373923978538,-0.05347758464267763,5.959320496017744,0.018031201450390933,2.5161010386905556,33.15381157154027,2.391212221178978,0.6050039093041438,0.8326741592147129,0.004562099202369604,0.2623754129548731,1.162826997991833,0.0049780328246580375,119.66621983914209,0.3610109802734833,-0.21428571428571436,-0.5354532916852554,0.4919100203545464,0.15940135100949415,0.21748961929060984,-0.21744982868330887,0.5096610706366804,-0.6123139454756618,0.5117520359911144,0.14592542932076244,"Furnishings, Fixtures & Appliances",Consumer Cyclical,TILE
2018Q3,2018,Q3,2018-11-09,2018-09-30,8172000.0,318325000.0,15785000.0,0.14,99945000.0,0.3139715699,1342960000.0,352980000.0,600226000.0,233865000.0,989980000.0,278815000.0,219689000.0,1331520480.0,1873069480.0,5.932835820895522,2.566549077459218,0.4831715017573122,1.8382911213099893,0.013751525654752524,5.932835820895522,0.023151453340132584,4.182896348071939,40.73422907488987,3.7722264150943396,0.473201174743025,0.7832433692591863,0.0029041986646724358,0.23703237624352178,1.219066555491416,0.006085065824745339,32.32002718578572,0.31397156993638575,-0.6,-0.39222540140145734,0.3916511634360079,0.21500785389170465,-0.08431670758969473,-0.6033394816037277,-0.5316440672937127,-0.5505889958585491,0.38343916389828303,0.1947859211610028,"Furnishings, Fixtures & Appliances",Consumer Cyclical,TILE
2018Q2,2018,Q2,2018-08-10,2018-07-01,20602000.0,283626000.0,33703000.0,0.35,109148000.0,0.3848307278,824627000.0,340603000.0,460794000.0,179495000.0,484024000.0,199127000.0,215383000.0,1383212250.0,1559760250.0,5.725093708503522,2.567169001922059,0.2953226125266333,0.7149995742844308,0.04218024110142094,5.725093708503522,0.06048684245294375,4.876888049755665,16.784926827492477,4.061068898394905,0.18770022327929328,0.8762146770653905,0.0027956663917630864,0.34394459555653645,1.2456335831081646,0.024983416744782792,753.7941416893733,0.3848307277894128,0.3999999999999999,1.0900738922876878,0.2958009366999992,0.2538858974377439,0.1663354063815691,0.36581808538849114,0.4661127544805986,0.052094468894079635,0.19339672867186883,0.1960391115283364,"Furnishings, Fixtures & Appliances",Consumer Cyclical,TILE
2018Q1,2018,Q1,2018-05-11,2018-04-01,15084000.0,240563000.0,22988000.0,0.25,93582000.0,0.3890124416,815453000.0,338367000.0,441284000.0,169560000.0,477086000.0,197415000.0,198649000.0,1467906600.0,1643930600.0,5.670543480082452,2.6025241802311867,0.2990742568854367,0.7207588210434233,0.029228874285685866,5.670543480082452,0.044578815310003635,6.101963311066124,24.32886833731106,4.33820851324154,0.25643065499867407,0.7445280247194995,0.0026350450362441317,0.29500535285295415,1.213417079499882,0.018497693919821253,-121.29454635597422,0.38901244164730236,2.571428571428571,1.3886246222968115,0.26704005225259086,0.25604263062210675,-0.08052820845369334,2.4900509023600184,-0.24777486910994764,0.3626078120276413,0.13029548470946484,0.27684548842131185,"Furnishings, Fixtures & Appliances",Consumer Cyclical,TILE
2017Q4,2017,Q4,2018-03-01,2017-12-31,4322000.0,266210000.0,30560000.0,0.07,101778000.0,0.3823222268,800600000.0,330091000.0,430867000.0,176646000.0,470509000.0,177935000.0,187432000.0,1510835950.0,1653726950.0,5.4948312885988715,2.4391551464510943,0.2871946040469648,0.6965594336107316,0.008357241495407888,5.4948312885988715,0.013093359104004653,5.675353855978363,87.39217665432669,4.577028607262846,0.9060620083294771,0.9241127377975104,0.002591942560011231,0.3325131151636273,1.3011616453245474,0.005398451161628778,54.38770114114979,0.382322226813418,-0.78125,-0.35797717755086284,0.17115977213067027,0.22576462493028768,0.03281782756941062,-0.7776634600545296,-0.011355181003526253,-0.41161536928619463,0.07725844658119993,0.18528828878378928,"Furnishings, Fixtures & Appliances",Consumer Cyclical,TILE
2017Q3,2017,Q3,2017-11-09,2017-10-01,19439000.0,257431000.0,30911000.0,0.32,98544000.0,0.3827977206,802399000.0,332192000.0,422461000.0,168659000.0,470207000.0,186126000.0,183423000.0,1363752300.0,1520150300.0,5.44416401717526,2.504823341772452,0.29225609702903416,0.7059351218572392,0.03732324092200634,5.44416401717526,0.058517363452461224,5.297544973216124,17.538869026184475,4.105313493401407,0.20556612994495602,0.8536529017977069,0.0029301508785723037,0.32082667102027795,1.2568377614002217,0.02422610197669738,35.415698444438675,0.3827977205542456,-0.030303030303030328,4.6397812847471895,0.14578310373091113,0.2726589618317514,0.006608986996537176,-0.0715923201833986,-0.06457860493266758,57.31461447895041,0.11190146001493098,0.06205180846055571,"Furnishings, Fixtures & Appliances",Consumer Cyclical,TILE
2017Q2,2017,Q2,2017-08-10,2017-07-02,20938000.0,251700000.0,33045000.0,0.33,97897000.0,0.3889431863,783944000.0,331935000.0,410355000.0,156867000.0,452009000.0,182808000.0,167980000.0,1233803850.0,1397445850.0,5.286515153928236,2.6159421675687047,0.29393043380649636,0.6941871149472035,0.03952150350452154,5.286515153928236,0.06307861478904002,4.901882598331347,14.731634468430604,3.7170043833883137,0.1800076416085586,0.8413362653713186,0.0030547805471672017,0.32106885185676526,1.2965888300279855,0.026708540405947362,137.59382736701238,0.388943186332936,1.5384615384615385,1.143961115767934,0.03838230698974782,0.24137036940253997,0.11497460194528598,1.4497484497484499,0.5232322301097078,0.6958525697456499,0.022422792787353166,-0.018310388370171227,"Furnishings, Fixtures & Appliances",Consumer Cyclical,TILE
2017Q1,2017,Q1,2017-05-11,2017-04-02,8547000.0,221102000.0,21694000.0,0.13,87802000.0,0.3971108357,773730000.0,331029000.0,401235000.0,155623000.0,442701000.0,177725000.0,150811000.0,1198314700.0,1341303700.0,5.165790171813798,2.5782500016064462,0.2882594703578768,0.6737627216950781,0.026189699957125747,5.165790171813798,0.025819490135305365,5.419737044441027,35.05074002574002,3.61996894531899,0.4453024453024453,0.7500351666901112,0.003176127272743963,0.2857611828415597,1.2640805022393862,0.011046489085339848,-1090.3682438580527,0.39711083572287903,0.857142857142857,2.4260035039386847,-0.059543411716641854,0.15697228726994503,-0.024075226747287924,0.815806246016571,-0.21278757529573988,1.2026766666915447,0.047290956003529255,-0.00917534443123032,"Furnishings, Fixtures & Appliances",Consumer Cyclical,TILE
2016Q4,2016,Q4,2017-03-02,2017-01-01,4707000.0,239507000.0,27558000.0,0.07,89968000.0,0.3756382903,839573000.0,340729000.0,480912000.0,159083000.0,498844000.0,156083000.0,140238000.0,1197161350.0,1301836350.0,5.279591552132885,3.023025716135602,0.3220053527209665,0.7934370129927303,0.03315226193866196,5.279591552132885,0.013814497738672082,4.998439920336358,63.58409549606968,3.5135293737838578,0.8192054387083068,0.9580735890519787,0.0032209526309882955,0.2852723944195442,1.8334831503051865,0.005606421359429139,101.10306139684148,0.3756382903213685,-0.72,0.21988519817287383,-0.10296182362047107,0.23012441129243066,-0.03174842334101036,-0.7040367203219315,0.07050460319310103,-0.6846858911447311,-0.022390797345626177,0.027158311490645008,"Furnishings, Fixtures & Appliances",Consumer Cyclical,TILE
2016Q3,2016,Q3,2016-11-10,2016-10-02,15904000.0,248349000.0,25743000.0,0.25,92918000.0,0.3741428393,787540000.0,377497000.0,438285000.0,153871000.0,410043000.0,164199000.0,139297000.0,1073818850.0,1177701850.0,5.825121518401358,2.848392484613735,0.2763186631790131,0.5764602102798168,0.02946334970978613,5.825121518401358,0.042130136133532184,4.323829973142634,16.87969771755533,2.8445758509339147,0.24408953722334004,0.9466013800327652,0.003615134899149889,0.31534779185819134,1.5757940092675033,0.02019452980166087,29.71275179856115,0.3741428393108086,-0.21875000000000003,0.32042688526815455,-0.08133247018726322,0.32174664312749224,-0.06262736315396566,-0.23009149440867502,-0.19042078118120637,0.08592494069760256,-0.0032154258474347192,0.19294863508677199,"Furnishings, Fixtures & Appliances",Consumer Cyclical,TILE
2016Q2,2016,Q2,2016-08-11,2016-07-03,20657000.0,248207000.0,31798000.0,0.32,99126000.0,0.3993682692,765119000.0,361140000.0,416492000.0,138425000.0,403979000.0,168738000.0,127274000.0,1007959140.0,1143922140.0,5.524806094818486,3.008791764493408,0.29319230080549563,0.6211635376862159,0.03699799126979883,5.524806094818486,0.057199424046076315,4.06096177787089,12.198759984508884,2.791048180760924,0.15849348888996467,0.8835057900413659,0.003248147538996472,0.32440313206181,1.56650171573054,0.026998414625698748,38.90382260990389,0.3993682692268953,0.6,1.0317673230702935,-0.016412270363957936,0.29732543709933906,0.14421922615199925,0.6020629750271445,0.5122461596994341,0.9073343169829059,0.03208054250571603,0.21001974833731812,"Furnishings, Fixtures & Appliances",Consumer Cyclical,TILE
2016Q1,2016,Q1,2016-05-12,2016-04-03,12894000.0,222554000.0,21027000.0,0.2,86632000.0,0.3892628306,766472000.0,359349000.0,406599000.0,129176000.0,407123000.0,173601000.0,109891000.0,1182330000.0,1331730000.0,5.4707924183603565,3.147635783736917,0.30348401507165296,0.6473150057465027,0.024030996232851157,5.4707924183603565,0.035881552474057256,5.31255335783675,22.924034434620754,3.2901997779317598,0.25383899488134015,0.7829563193760405,0.0027682626677831062,0.2903615526725047,1.5630612497677587,0.016822532329948126,-134.9537724004109,0.38926283059392325,-0.28571428571428575,0.2952557661566568,-0.10501959108113428,0.3002075408453807,-0.11815063264080457,-0.2933632925960432,-0.24013443191673894,0.8548814529621103,0.0648637144475396,0.21179716280826466,"Furnishings, Fixtures & Appliances",Consumer Cyclical,TILE
2015Q4,2015,Q4,2016-03-02,2016-01-03,18247000.0,246636000.0,27672000.0,0.28,98239000.0,0.3983157366,756549000.0,342366000.0,398408000.0,153017000.0,414183000.0,161174000.0,100270000.0,1219245680.0,1357080680.0,5.200443539812255,2.6036845579249364,0.28224345019291547,0.6236921890608297,0.03446602106900916,5.200443539812255,0.05329676428149992,4.9435024894986945,16.704741601359128,3.561234702044011,0.18046802214062585,0.9207254271780808,0.0027008502502957406,0.3260013561580281,1.3463732787860172,0.0241187285952397,41.68931409423511,0.39831573655103064,-0.09677419354838701,2.450549587012544,-0.08472736328242628,0.3545242178216513,0.0027866810934405813,-0.09340686639837034,-0.11596703086064789,1.4733538535924082,-0.00990395192710902,0.1600938027479543,"Furnishings, Fixtures & Appliances",Consumer Cyclical,TILE
2015Q3,2015,Q3,2015-11-12,2015-10-04,20127000.0,254686000.0,31302000.0,0.31,97966000.0,0.3846540446,749895000.0,327005000.0,394384000.0,144062000.0,422890000.0,163440000.0,85316000.0,1485007700.0,1643820700.0,4.9656057338961945,2.737599089281004,0.3101034144780269,0.7111359153529763,0.03843165459915179,4.9656057338961945,0.06154951759147414,5.830739420305789,18.445467531177027,4.541238513172582,0.16356138520395488,0.9588839941262849,0.0022168235221945312,0.3396288813767261,1.4332717857589095,0.026839757566059247,49.185469660837306,0.38465404458823804,-0.060606060606060656,0.6444224362733196,-0.07289829625850137,0.12671859104376978,-0.032453679927310075,-0.07342786115458981,-0.05770793822812246,4.491855180263206,0.050321974545869085,0.16078843661382716,"Furnishings, Fixtures & Appliances",Consumer Cyclical,TILE
2015Q2,2015,Q2,2015-08-10,2015-07-05,21722000.0,263637000.0,33219000.0,0.33,101252000.0,0.3840583833,770165000.0,315899000.0,405178000.0,144194000.0,454266000.0,164205000.0,68481000.0,1637335950.0,1824629950.0,4.786711114478369,2.809950483376562,0.336440892536015,0.8202463445594953,0.03936930534069861,4.786711114478369,0.0687624842117259,6.2105696469008524,18.84421266457969,5.183099503322264,0.12171991529325109,0.9889162936573186,0.0016148182662208085,0.34231236163679213,1.4519813584476469,0.028204345821999183,77.4227326461131,0.38405838330735065,0.736842105263158,0.6798423404074495,-0.02386749803477921,0.07827049464606535,0.18517651465493024,0.7628631715630579,0.5522897196261682,1.1161870457847802,0.03479175154896681,0.1240072470023833,"Furnishings, Fixtures & Appliances",Consumer Cyclical,TILE
2015Q1,2015,Q1,2015-05-14,2015-04-05,12322000.0,236904000.0,21400000.0,0.19,85432000.0,0.3606186472,741370000.0,294975000.0,373384000.0,133943000.0,446395000.0,158664000.0,49403000.0,1390834800.0,1590832800.0,4.441056910569106,2.787633545612686,0.34935322443584177,0.8780405119077888,0.0260963625725716,4.441056910569106,0.041773031612848545,5.870879343531557,28.2185278363902,4.7150938215102975,0.2155494237948385,0.9546715070841527,0.0019096444811418291,0.3195489431727747,1.347834526626998,0.0166205808165963,79.35837042108867,0.3606186472157498,0.5833333333333334,5.282954718554909,0.04005163372888601,0.15841093357123645,-0.06489639999562176,0.5234915924826904,-0.1977206268276224,2.983437419158673,-0.027815069563882366,-0.0053448551292917465,"Furnishings, Fixtures & Appliances",Consumer Cyclical,TILE
2014Q4,2014,Q4,2015-02-25,2014-12-28,8088000.0,272096000.0,26674000.0,0.12,91361000.0,0.3357675232,774914000.0,306639000.0,384668000.0,143787000.0,468275000.0,142167000.0,39737000.0,1103960050.0,1312402050.0,4.635860609267518,2.675262714988142,0.3398286777629518,0.8587883472095852,0.040138419307875886,4.635860609267518,0.026376292643792865,4.057244685699165,34.12339422601385,3.600194528419412,0.32764589515331355,1.2712865854945241,0.0024004491829210666,0.35113057707048784,1.4743266081078261,0.010437287234454404,229.94377213080608,0.3357675232270963,22.05263157894737,0.30195617289012144,0.12820669241786262,0.23828378668217545,0.09290029307972965,22.51063829787234,0.4259595851598418,1.045161735407147,-0.0056789690565538856,0.08013759142128438,"Furnishings, Fixtures & Appliances",Consumer Cyclical,TILE
2014Q3,2014,Q3,2014-11-06,2014-09-28,-376000.0,252191000.0,18706000.0,-0.0057,83595000.0,0.3314749535,809276000.0,340705000.0,404030000.0,144300000.0,468571000.0,161964000.0,34299000.0,1085373450.0,1292398450.0,5.126081396223577,2.7999306999307,0.3404129122820892,0.8085822045464551,-0.01616766543321484,5.126081396223577,-0.0011035940182856138,4.303775511417933,-721.6578789893616,3.1856692740053707,-7.069148936170213,1.0409473710207207,0.002448926680489559,0.31162545287392684,1.446133056133056,-0.0004646128144168368,45.424518707625346,0.3314749535074606,-1.0285,-1.029988130886792,-0.03874264670094915,0.23192583383962503,-0.0751230845826188,-1.028765970468977,-0.23156554245573677,-1.0304376656545813,-0.09041971071922592,0.1631312508165893,"Furnishings, Fixtures & Appliances",Consumer Cyclical,TILE
2014Q2,2014,Q2,2014-08-07,2014-06-29,13071000.0,260624000.0,24343000.0,0.2,90385000.0,0.3468022899,823483000.0,357965000.0,406638000.0,135514000.0,465518000.0,172452000.0,37333000.0,1252351320.0,1481352320.0,5.385118770026928,3.0007084138908158,0.3388205949606731,0.7794421242300225,0.02622048398895655,5.385118770026928,0.03651474306147249,4.80520335809442,23.95285976589396,3.498530079756401,0.15255144977430954,0.9871674436944773,0.0015922049732817786,0.3164898364629264,1.4754121345396047,0.015872823118388602,-131.0676420722135,0.34680228988888206,2.3333333333333335,0.6364452354372471,0.09903225761568078,0.43989011959207525,0.2102000374902927,2.2474534161490682,1.0240292674815,0.2642379143191043,0.015609505495163557,0.2645243004472482,"Furnishings, Fixtures & Appliances",Consumer Cyclical,TILE
2014Q1,2014,Q1,2014-05-08,2014-03-30,4025000.0,218992000.0,12027000.0,0.06,74686000.0,0.3410444217,807691000.0,346555000.0,394622000.0,130764000.0,461136000.0,170507000.0,26256000.0,1365979050.0,1581894050.0,5.213626995231003,3.0178183597932153,0.3446949390299013,0.8033558886756792,0.011816718456482155,5.213626995231003,0.01161431807361025,6.237575116899247,84.84341925465839,3.941593830705083,0.4956521739130435,0.8463347545848557,0.0014604909204134573,0.2711333913588241,1.450674497568138,0.004983341401600365,-117.13077087978048,0.3410444217140352,-0.7391304347826088,1.0507620347001874,-0.03932295025696258,0.35992909716254967,-0.18705576297199333,-0.7375456442357851,-0.5073728188744163,-0.6004531187880077,-0.1297573456210701,0.23908871256095982,"Furnishings, Fixtures & Appliances",Consumer Cyclical,TILE
2013Q4,2013,Q4,2014-02-26,2013-12-29,15336000.0,251689000.0,24414000.0,0.23,91871000.0,0.3650179388,818140000.0,340787000.0,388105000.0,130187000.0,477353000.0,149643000.0,24226000.0,1461937050.0,1662880050.0,5.139997888417972,2.9811348291304047,0.33469332877013713,0.8035106972977255,0.025111716724202055,5.139997888417972,0.04500171661477697,5.8085059339105,23.831785504694835,4.289885030825706,0.12969483568075119,1.0679951618184613,0.0013605236969676635,0.30763561248686044,1.5732676841773756,0.018744958075634977,-404.74447674418604,0.3650179388054305,0.0,1.4628857406614353,0.04113654615866053,0.3729437930219064,0.0012860614911774002,0.025339306010563615,-0.12290282019040775,2.2105517835243966,-0.07255447502395272,0.33878034942874163,"Furnishings, Fixtures & Appliances",Consumer Cyclical,TILE
2013Q3,2013,Q3,2013-11-07,2013-09-29,14957000.0,254448000.0,27835000.0,0.23,91753000.0,0.3605962711,818389000.0,323169000.0,432725000.0,167512000.0,495220000.0,162845000.0,10879000.0,1313203086.0,1506961086.0,4.882960881193056,2.583247767324132,0.3459723921020444,0.8761360155212907,0.032059946268467004,4.882960881193056,0.046282285739040564,5.160988044708546,21.949640402487127,4.063518115908394,0.1327137795012369,0.9990788786883232,0.0015115712269960354,0.31091326985088996,1.3759193371221166,0.01827614985049897,59.46669773128651,0.3605962711438093,0.3529411764705882,1.6169320487204486,0.11255094380943277,0.2682415773679851,0.06401261697957858,0.3640674874601003,0.27665917534284273,0.21594673423736543,-0.0783690341578983,0.10796609699071562,"Furnishings, Fixtures & Appliances",Consumer Cyclical,TILE
2013Q2,2013,Q2,2013-08-08,2013-06-30,10965000.0,243483000.0,21803000.0,0.17,86233000.0,0.3541643564,778168000.0,302170000.0,403494000.0,148642000.0,475998000.0,157730000.0,-2093000.0,1144914000.0,1366674000.0,4.565880930794802,2.7145355955920936,0.36384174111502915,0.9369891120892213,0.025692352625486192,4.565880930794802,0.03628752027004666,4.702233831520065,26.10383036935705,3.788973094615614,0.15093479252165984,0.9969568249540354,0.0014455234192262475,0.31289258874690296,1.2960939707485097,0.014090787593424556,-60.32848561492254,0.35416435644377636,0.5454545454545455,1.7563637493953292,0.10045553797638834,0.25202615706788095,0.2102537472632347,0.5671001857939116,0.5580248678004859,-0.15440653008573327,-0.10100903495080661,0.028525551678223418,"Furnishings, Fixtures & Appliances",Consumer Cyclical,TILE
2013Q1,2013,Q1,2013-05-09,2013-03-31,6997000.0,210369000.0,13994000.0,0.11,71252000.0,0.3387000936,772207000.0,298488000.0,407336000.0,145957000.0,473719000.0,157519000.0,-11403000.0,1237691520.0,1455732520.0,4.514610684251921,2.7907945490795236,0.36663744306902163,0.9485138431025703,0.022661727528676682,4.514610684251921,0.023441478384390663,5.883431113899862,44.2222209518365,4.146536946208892,0.23638702300986136,0.8831759978161364,0.0013363588368125849,0.27242565788706913,1.2256897579424078,0.009061041922696893,-51.82311769878156,0.3387000936449762,0.0,-0.5404278163576476,-0.2544850632113609,-0.13954098115242536,-0.1627065265928694,-0.053436147186147184,-0.25432940800341025,2.5841559624746395,-0.07219533954076848,0.1775967934589627,"Furnishings, Fixtures & Appliances",Consumer Cyclical,TILE
2012Q4,2012,Q4,2013-02-28,2012-12-30,7392000.0,249595000.0,18767000.0,0.11,85098000.0,0.3409443298,789367000.0,295702000.0,430651000.0,161826000.0,493665000.0,141176000.0,-16746000.0,1060041480.0,1252618480.0,4.482778485234371,2.6611978297677754,0.3586544661735289,0.9574165883220269,0.019680825745403228,4.482778485234371,0.0249981400193438,4.247046134738276,35.85096996753247,3.584830268310664,0.22307900432900432,1.1651909673032244,0.0015555995035213149,0.3161963953395569,1.4079690531805766,0.009364465451431337,-98.96755485015404,0.3409443298142992,-0.35294117647058826,1.0872878733546514,-0.05443111780969376,0.32174947031412093,0.026997019104283076,2.280443443616837,-0.1874702342295536,0.19318344333810983,0.03774926173008728,0.19739405159346932,"Furnishings, Fixtures & Appliances",Consumer Cyclical,TILE
2012Q3,2012,Q3,2012-11-08,2012-09-30,-5773000.0,242863000.0,23097000.0,0.17,82861000.0,0.3411841244,761409000.0,282150000.0,409468000.0,151418000.0,479259000.0,147762000.0,-22612000.0,884483370.0,1075922370.0,4.277787043073517,2.704222747625778,0.3717975490176764,1.003331561226298,0.027191566819457443,4.277787043073517,-0.02046074782916888,3.6419025129393936,-38.302588342283045,3.1347984051036684,-0.2856400485016456,1.0828359118041175,0.0018643651830333452,0.31896523419082257,1.4535392093410295,-0.007581996010028775,65.3720155210643,0.34118412438288254,0.06250000000000006,-1.621065312835782,-0.20010846835258111,0.014146533477176907,-0.02049766534665169,-1.562780269058296,0.4778296756030456,-1.4639756891192686,-0.06716772912518201,0.02805944008401315,"Furnishings, Fixtures & Appliances",Consumer Cyclical,TILE
2012Q2,2012,Q2,2012-08-09,2012-07-01,10258000.0,254607000.0,15629000.0,0.16,84595000.0,0.332257165,751570000.0,280864000.0,387714000.0,141963000.0,470706000.0,173684000.0,-15067000.0,900244800.0,1146436800.0,4.258612324114508,2.7310919042285664,0.3766382372899397,1.0078543351942577,0.01820055272311972,4.258612324114508,0.036523014697504845,3.5358210889724164,21.94006628972509,3.2052694542554403,0.1286800545915383,0.9788581561917045,0.0014662678418136932,0.33876684806471785,1.2539182744799702,0.013648761925036923,-73.25018714401953,0.3322571649640426,2.7112299465240643,-0.2957798798799783,-0.12111002930941281,0.06637226644874133,0.11012689789115913,2.7286821705426356,0.4759656247048824,0.29441240205061153,0.08214057831198046,0.13868125672460554,"Furnishings, Fixtures & Appliances",Consumer Cyclical,TILE
2012Q1,2012,Q1,2012-05-10,2012-04-01,-5934000.0,232760000.0,10589000.0,-0.0935,76203000.0,0.3273887266,779770000.0,283268000.0,401633000.0,154895000.0,496502000.0,171902000.0,-24005000.0,862190370.0,1093634370.0,4.464921267909777,2.5929371509732397,0.37771009400207756,1.0397468122061087,0.016549971253981013,4.464921267909777,-0.02094835985709646,3.7042033424987113,-36.32416456016178,3.0437266828586353,-0.22025615099427032,0.9107340228734977,0.0015159065160980632,0.29849827513241084,1.2249071951967463,-0.007609936263257114,61.70844331520183,0.3273887265853239,-2.5583333333333336,0.8619415121840799,-0.21245284282021143,0.1340974932103203,-0.11313486336762721,-2.515708812260536,-0.25743338008415145,-4.1677100864719945,0.06980842961875956,0.16463574289540747,"Furnishings, Fixtures & Appliances",Consumer Cyclical,TILE
2011Q4,2011,Q4,2012-02-29,2012-01-01,3915000.0,270903000.0,14260000.0,0.06,85924000.0,0.3171762587,772272000.0,281039000.0,405984000.0,149173000.0,491233000.0,166073000.0,-16764000.0,755650740.0,999522740.0,4.291916739206793,2.721564894451409,0.381351389147865,1.0479221745024712,0.015403140004313936,4.291916739206793,0.013930450933856154,2.789377526273242,48.25355938697317,2.6887753656965754,0.33358876117496805,1.1138415034352362,0.0017283116800759042,0.3507870284045,1.3863433731305264,0.0050694573932500465,106.63995766299746,0.3171762586608491,-0.6842105263157895,-0.8189343473679388,-0.13511170747330678,-0.10517339941730251,-0.09002912364310299,-0.6782544378698225,-0.43720893519614806,-0.36339696252388054,0.13465033656924782,0.14641300933966805,"Furnishings, Fixtures & Appliances",Consumer Cyclical,TILE
2011Q3,2011,Q3,2011-11-10,2011-10-02,12168000.0,273106000.0,25338000.0,0.19,94425000.0,0.3457448756,779305000.0,288531000.0,412186000.0,153742000.0,490774000.0,171116000.0,-19369000.0,705755820.0,955856820.0,4.4071392567474685,2.6810240532840734,0.3778841403558299,1.020642495953641,0.02770878004942137,4.4071392567474685,0.04217224492342244,2.5841827715246093,14.500242850098617,2.4460311716938556,0.10757725180802104,1.0442097758245867,0.001854749139723708,0.3504481557285017,1.316458742568719,0.015613912396301832,36.46374683544304,0.34574487561606115,-0.050000000000000044,0.09102840345833324,-0.1759971906203554,0.21561669520304644,-0.0036929570034291742,-0.05041361011393788,-0.030569690477101428,1.1521765510244764,0.20715447401757595,0.14465738691155328,"Furnishings, Fixtures & Appliances",Consumer Cyclical,TILE
2011Q2,2011,Q2,2011-05-13,2011-05-12,12814000.0,267640000.0,26137000.0,0.2,94775000.0,0.3541137349,779237000.0,290318000.0,401323000.0,150875000.0,488919000.0,170517000.0,-30228000.0,1267413174.602,1534581174.602,4.439248906694394,2.659970173985087,0.3778914502263111,1.01429122548378,0.029855730820614525,4.439248906694394,0.044137807507629565,4.735514775825736,24.72711828082566,4.365603147589884,0.10246605275479943,1.013769888046353,0.001035968401079873,0.34346418355391234,1.2624490472245236,0.016444291018008643,-108.44640836844357,0.3541137348677328,0.3333333333333335,0.7770992089921503,-0.15556748446231014,0.31679222853498257,0.09027010859561936,0.30435667752442996,1.9216409568522244,-0.22247776355627324,-0.12604145442196285,-0.16408898106256695,"Furnishings, Fixtures & Appliances",Consumer Cyclical,TILE
2011Q1,2011,Q1,2011-03-31,2011-03-31,9824000.0,245402000.0,8946000.0,0.15,86928000.0,0.3542269419,762633000.0,272747000.0,388213000.0,151077000.0,489886000.0,159699000.0,-41729000.0,1198558780.0,1453321780.0,4.20763012557465,2.5696366753377418,0.3860939665605868,1.0795645781621797,0.010333973591552297,4.20763012557465,0.03601872797867621,4.88406280307414,30.500783285830614,4.394397665235548,0.1322271986970684,0.9923293195323702,0.0010838016638616591,0.3217825612057176,1.2391628110168986,0.012881687522045335,-42.038468661218474,0.3542269419157138,1.789473684210526,1.4665803918006752,-0.20536538830906695,0.35300089635416954,-0.07299542512236998,1.7931535604715,-0.6964267535376159,-0.3418659526489262,-0.11297298035398531,-0.19804972283553995,"Furnishings, Fixtures & Appliances",Consumer Cyclical,TILE
2010Q4,2010,Q4,2011-03-17,2011-01-02,-12386000.0,265325000.0,29469000.0,-0.19,93773000.0,0.3534269292,755433000.0,248872000.0,393089000.0,168516000.0,506561000.0,136766000.0,-49770000.0,1050116464.822,1275308464.822,3.839313813211564,2.3326509055519953,0.38974733695774477,1.183049921244656,0.031604927387157256,3.839313813211564,-0.04976855572342409,3.957849674256101,-21.19563347372033,4.219504262520492,-0.5343129339576942,1.2543468405890352,0.006302158114549499,0.35122241151763295,1.309661990552826,-0.01639589480470141,419.3755849928115,0.35342692923772734,-2.0,-2.7586046638262385,-0.17373416693342902,0.1737756635755943,0.047977201609298165,-2.0255009107468123,0.3587071787542072,0.8511641381538332,0.02286900741927055,0.1320235911047386,"Furnishings, Fixtures & Appliances",Consumer Cyclical,TILE
2010Q3,2010,Q3,2010-08-13,2010-08-10,12078000.0,252724000.0,21689000.0,0.19,89480000.0,0.3540621389,730929000.0,266410000.0,390789000.0,160211000.0,464519000.0,133774000.0,-35187000.0,856654500.0,1031927500.0,4.1610308473252635,2.439214535830873,0.3504129676069769,0.9614015990390751,0.02672722565801869,4.1610308473252635,0.04533613603092977,3.3896840031021984,17.731712617983113,3.2155493412409446,0.7074846828945189,1.2202969186837502,0.009974849837361502,0.34575724865205787,1.3832570797261112,0.016524176766826874,72.41985797616029,0.35406213893417326,0.5833333333333334,0.9025854493075461,-0.16412339660146041,0.269817075953388,0.11662964534404872,0.5825471698113207,0.4767481446176891,0.33857296276601256,-0.14251301480246406,-0.013533173340346231,"Furnishings, Fixtures & Appliances",Consumer Cyclical,TILE
2010Q2,2010,Q2,2010-05-14,2010-05-13,7632000.0,226587000.0,14687000.0,0.12,80134000.0,0.3536566529,685167000.0,237543000.0,363641000.0,144982000.0,447624000.0,121904000.0,-46624000.0,863804000.0,1046448000.0,3.7399511926316618,2.5081803258335515,0.3733571523438811,1.076908180834628,0.018474524571669072,3.7399511926316618,0.03212891981662268,3.8122398901967016,28.29546645702306,3.6364110918865213,0.08333333333333333,1.201379774248589,0.0007362781371700062,0.3307033175853478,1.4153619069953511,0.011138890226762234,283.67947454844006,0.35365665285298803,3.0,1.8322347536590595,-0.2562812893682146,0.17104588757093944,0.09213072750565596,3.081283422459893,0.3647091618658242,-0.45595382197791495,-0.18782273920310957,-0.06350239792640446,"Furnishings, Fixtures & Appliances",Consumer Cyclical,TILE
2010Q1,2010,Q1,2010-03-16,2010-03-12,1870000.0,217191000.0,10762000.0,0.03,73374000.0,0.3378316781,685193000.0,242799000.0,352546000.0,139657000.0,442394000.0,115846000.0,-53620000.0,718818200.0,902940200.0,3.833749131560664,2.5243704218191714,0.3728847200715711,1.052302521839052,0.012129190422579305,3.833749131560664,0.007701843912042471,3.3096131976002687,96.09868983957219,2.9605484371846673,0.08449197860962566,1.241449855843102,0.00021980523030719034,0.31697784419864183,1.4413599031913904,0.002729158062035076,-419.62533566841796,0.3378316781082089,-0.6774193548387097,-0.4815259700769616,-0.25007955071350774,0.07095005266542934,-0.06327077747989276,-0.6856086079354405,-0.4653750620963736,1.0435830565446984,-0.2638428195406523,-0.02622128839113753,"Furnishings, Fixtures & Appliances",Consumer Cyclical,TILE
2009Q4,2009,Q4,2009-11-12,2009-12-31,5948000.0,230919000.0,20130000.0,0.093,78330000.0,0.3392098528,727239000.0,237101000.0,387973000.0,151343000.0,481058000.0,112249000.0,-55332000.0,526288920.00000006,705695920.0,3.7437788163961345,2.563534487885135,0.40532754706499513,1.2432254608795408,0.02421739262355191,3.7437788163961345,0.025086355603730057,2.2791061800891224,22.12041526563551,2.219682413823645,0.026227303295225286,1.3593795935821253,0.00029641513258534875,0.31752835037724875,1.6201343967015323,0.00817887929552733,61.274760740482016,0.33920985280552923,0.03333333333333337,1.6028203526576459,-0.195394779734099,-0.010427589477963555,0.08172678561564381,0.08997617738684259,0.06367239101717305,-0.7155752612335698,-0.23774905391401258,-0.21945529814066217,"Furnishings, Fixtures & Appliances",Consumer Cyclical,TILE
2009Q3,2009,Q3,2009-08-14,2009-08-13,5457000.0,218364000.0,18925000.0,0.09,72412000.0,0.3316114378,724381000.0,243293000.0,381023000.0,152844000.0,481088000.0,119744000.0,-61124000.0,404416000.0,592934000.0,3.8501819908213326,2.4928881735625867,0.40649326804540703,1.2102937610206623,0.021690659023646273,3.8501819908213326,0.02242974520434209,1.852026890879449,18.527396005131024,1.6622590867801377,0.028953637529778267,1.2188669160876537,0.00039068681753442,0.301449099299954,1.5234618303629845,0.007533328455605544,25.11276701440636,0.33161143778278473,0.5,0.842243945825429,-0.2159125488497714,0.1478597565318748,0.04783955083494921,0.43643063964201106,-0.09302214128246909,-0.49305813087732825,-0.3174006913653312,0.061991744519249894,"Furnishings, Fixtures & Appliances",Consumer Cyclical,TILE
2009Q2,2009,Q2,2009-05-15,2009-05-13,3799000.0,211297000.0,20866000.0,0.06,69106000.0,0.3270562289,705465000.0,230481000.0,367029000.0,145820000.0,474984000.0,122854000.0,-66422000.0,353925600.0,558200600.0,3.6467935633929844,2.5170004114661912,0.4169476869865975,1.2762093187724801,0.023631350303975167,3.6467935633929844,0.016482920501039132,1.6750147896089391,23.290708081073966,1.5355955588530072,0.04158989207686233,1.1573982125124131,0.00044642150779711893,0.29951450461752177,1.458133315045947,0.005385100607400792,13.17864164432529,0.3270562289100177,2.098901098901099,20.122102000814213,-0.33459065884912,-0.14557467723715048,0.09398597413288164,2.1262970649273645,1.3716753807683564,-0.45482395534942616,-0.31016095074762207,0.08173015847472528,"Furnishings, Fixtures & Appliances",Consumer Cyclical,TILE
2009Q1,2009,Q1,2009-02-26,2009-02-23,-3373000.0,199308000.0,8798000.0,-0.0546,63169000.0,0.316941618,651894000.0,208260000.0,324043000.0,264069000.0,443634000.0,124811000.0,-69931000.0,163690500.0,385605500.0,3.3715395823215153,1.2271148828525877,0.4246135107854958,1.3291222510323635,0.015894769681767215,3.3715395823215153,-0.0161961010275617,0.8212941778553796,-12.13241179958494,0.7859910688562374,-0.04802846131040617,1.0907612309812436,0.0009896725833203515,0.3057368222441072,0.6362200788430297,-0.0051741540802645826,-23.948866130212142,0.31694161799827403,0.95734375,0.09191048508313651,-0.34790388612093526,-0.21164219473828647,-0.1856411710863876,0.9574658579336957,-0.37801343230823614,0.8318877750553431,-0.3227345266876247,0.08414854462797307,"Furnishings, Fixtures & Appliances",Consumer Cyclical,TILE
2008Q4,2008,Q4,2008-11-07,2008-11-05,-79301000.0,247180000.0,14145000.0,-1.28,77569000.0,0.3138158427,706035000.0,209496000.0,375955000.0,154632000.0,488598000.0,128923000.0,-65616000.0,378650100.0,594481100.0,3.391549295774648,2.4312884784520667,0.4073282485995737,1.3727612937717188,0.036056910676682666,3.391549295774648,-0.37853228701263986,1.5318800064730156,-1.1937116177601794,1.8074335548172757,-0.023871073504747733,1.315599233651094,0.004999338439366581,0.35009595841565927,1.4003569765637125,-0.11231879439404562,34.60203783240428,0.31381584270572055,-6.818181818181818,-18.703876670122508,-0.16789664971303037,-0.2189604626336193,-0.1827702097622133,-10.40699881376038,-0.5440332667139449,-12.815732055516907,-0.19220757782928172,0.036882687603806884,"Furnishings, Fixtures & Appliances",Consumer Cyclical,TILE
2008Q3,2008,Q3,2008-08-07,2008-08-06,8430000.0,278423000.0,31022000.0,0.22,94917000.0,0.3409093358,843945000.0,323139000.0,425311000.0,157894000.0,513074000.0,145494000.0,15579000.0,735217440.0,959696440.0,5.247807587371703,2.693648903694884,0.36732251509280817,0.9593394792952877,0.03019175073654433,5.247807587371703,0.026087844549868632,2.640649084306972,21.803601423487546,2.27523585825295,0.22431791221826808,1.2612616327821078,0.002572028215217528,0.32990656974091914,1.5888570813330463,0.009988802587846365,95.05073561732385,0.3409093357948158,-0.12,4.207164127319428,-0.04124448837004464,0.2606222803896104,-0.09854406275820805,-0.4690098261526833,-0.07219763129560952,0.3807493070703145,-0.042499730725188804,0.6014675041512474,"Furnishings, Fixtures & Appliances",Consumer Cyclical,TILE
2008Q2,2008,Q2,2008-05-08,2008-05-06,15876000.0,295005000.0,33436000.0,0.25,105293000.0,0.3569193742,879330000.0,334567000.0,445102000.0,181624000.0,537216000.0,152039000.0,9039000.0,827806860.0,1054190860.0,5.310671597961872,2.450678324450513,0.3525411392764946,0.9265707616112767,0.03283672285826568,5.310671597961872,0.04745237874626009,2.8060773885188386,13.035507369614514,2.4742633314104503,0.11904761904761904,1.2477851077684015,0.0022831412631685605,0.3354883832008461,1.425356781042153,0.01805465524888267,31.887783513097073,0.3569193742478941,0.08695652173913039,4.215609417053836,0.0062334781534347655,0.2018636713370835,0.11697748923259711,0.12420337062738988,0.07959058474056376,2.745384934006659,-0.023784403885562275,0.6628666564648233,"Furnishings, Fixtures & Appliances",Consumer Cyclical,TILE
2008Q1,2008,Q1,2008-02-27,2008-03-31,14122000.0,261736000.0,30971000.0,0.23,94266000.0,0.3601567992,839623000.0,321762000.0,404783000.0,153958000.0,510140000.0,150836000.0,-4946000.0,861630300.0,1112336300.0,5.246746893650328,2.6291780875303656,0.3692133255044228,0.9634450307991621,0.030390945780726108,5.246746893650328,0.043889582983696024,3.291982379191246,15.2533334513525,2.677849777164488,0.13369211159892366,1.1102787133045162,0.002191194993955064,0.3117303837555665,1.4369893087725223,0.01681945349281761,-45.72923787283728,0.3601567992175322,-0.30303030303030304,2.278750853646035,0.01944622249876143,0.20925381455301684,-0.09481467255617439,-0.30261728395061727,-0.2147312373225152,3.0435253739879733,-0.06671261233368324,0.4656681147494856,"Furnishings, Fixtures & Appliances",Consumer Cyclical,TILE
2007Q4,2007,Q4,2007-11-09,2007-11-06,20250000.0,293348000.0,39440000.0,0.33,104140000.0,0.355004977,835232000.0,294142000.0,416429000.0,177851000.0,534116000.0,125789000.0,-15159000.0,1111227181.326,1338852181.326,4.796366956918762,2.341448740799883,0.37115436190184287,1.053912736025457,0.04040386237373839,4.796366956918762,0.06884429969198551,3.788085077539305,13.718854090444442,3.777859609732714,0.061037037037037035,1.504169680973694,0.0011122838072815243,0.351217386307038,1.467520564967304,0.02424476073713651,105.02099814062943,0.35500497702387607,0.32000000000000006,2.0573177057172325,0.12386604871188334,0.0743155059032968,0.06342350069948637,1.3667601683029453,0.1349640287769784,8.151174275297777,0.055564738092349575,0.26779722950495094,"Furnishings, Fixtures & Appliances",Consumer Cyclical,TILE
2007Q3,2007,Q3,2007-09-30,2007-09-30,8556000.0,279471000.0,34750000.0,0.25,97929000.0,0.3504084503,823270000.0,256086000.0,395288000.0,168603000.0,560379000.0,124432000.0,-34172000.0,1162008479.289,1401647479.289,4.21811533330039,2.344489718451036,0.3852551410837271,1.2385253391438813,0.0371291658697533,4.21811533330039,0.03341065110939294,4.157885717262256,33.95302943224053,4.537571281870154,0.144109396914446,1.4589655394110839,0.00106109380609205,0.33946457419801523,1.445905470246674,0.010392702272644454,130.16785922359136,0.35040845025065215,0.13636363636363635,3.576163118195258,-0.017150657308102227,-0.18458565163791885,0.06184873949579832,-0.3578022967800045,0.12485028970964296,2.006387306202096,0.04448252919139102,0.2575522017006487,"Furnishings, Fixtures & Appliances",Consumer Cyclical,TILE
2007Q2,2007,Q2,2007-08-09,2007-07-01,13323000.0,264962000.0,30893000.0,0.22,92225000.0,0.3480687797,899103000.0,240899000.0,490029000.0,259539000.0,651711000.0,128446000.0,-41493000.0,1151546980.0,1460200980.0,3.9935512748251054,1.888074624622889,0.44266341008760957,1.6521446747392061,0.03050253892918628,3.9935512748251054,0.05530533543103126,4.346083513862365,21.608252270509645,4.7802065595955145,0.09202131652030324,1.3448219485231148,0.0010646547829077718,0.29469593583827436,0.9300336365632911,0.014818102041701562,39.1017650254669,0.34806877967406646,1.3235294117647058,30.925450323418026,-0.08427497116566655,-0.2333215516531775,0.04593138644740573,1.3280234390388024,0.2567325685460906,2.5297134458047346,-0.08429015865075443,0.25045262793840206,"Furnishings, Fixtures & Appliances",Consumer Cyclical,TILE
2007Q1,2007,Q1,2007-03-16,2007-03-07,-40616000.0,279283000.0,24582000.0,-0.68,88175000.0,0.3157191809,864701000.0,236026000.0,415340000.0,145817000.0,622488000.0,160893000.0,-41264000.0,941830210.0,1272771210.0,3.936981868525963,2.8483647311356015,0.45757435229056054,1.6763619262284664,0.04439138399550947,3.936981868525963,-0.17208273664765747,3.372314856256915,-5.797162509848335,3.9903663579436164,-0.03013590703171164,1.187795615719764,0.001299597302150671,0.3229821637768431,1.5285254805681094,-0.046971149564994145,-39.50298674607835,0.3157191809025254,-4.4,-318.6778110928957,-0.00605630313136519,-0.3454416592383174,-0.06308441006460387,-4.359748531723054,-0.16919021224820874,-10.266542001928405,-0.05851685040356968,-0.07942638386906836,"Furnishings, Fixtures & Appliances",Consumer Cyclical,TILE
