Year,Date,FillingDate,NetIncome,Revenue,OperatingIncome,EPSDiluted,GrossProfit,GrossProfitRatio,TotalAssets,CommonStockEquity,CurrentAssets,CurrentLiability,TotalLiability,Inventory,RetainedEarnings,EnterpriseValue,bookValuePerShare,currentRatio,debtToAssets,debtToEquity,roic,shareholdersEquityPerShare,roe,priceToSalesRatio,peRatio,pbRatio,payoutRatio,inventoryTurnover,dividendYield,assetTurnover,quickRatio,returnOnAssets,priceToFreeCashFlowsRatio,grossProfitMargin,epsdilutedGrowth,fiveYNetIncomeGrowthPerShare,fiveYRevenueGrowthPerShare,fiveYShareholdersEquityGrowthPerShare,grossProfitGrowth,netIncomeGrowth,operatingIncomeGrowth,threeYNetIncomeGrowthPerShare,threeYRevenueGrowthPerShare,threeYShareholdersEquityGrowthPerShare,Industry,Sector,Price,MarketCap,AvgVolume,Symbol
2022,2022-12-31,2023-02-23,-486000000.0,6557000000.0,-640000000.0,-3.06,6534000000.0,0.9964922983,29736000000.0,10531000000.0,4478000000.0,50000000.0,19205000000.0,0.0,11702000000.0,15886532000.0,66.316120906801,89.56,0.0299636803874092,0.08460734972937042,-0.03911723625859934,66.316120906801,-0.04614946348874751,2.4797212139698033,-33.455827160493826,1.5439684740290571,-0.8703703703703703,0.0,0.02601550893346746,0.2205071294054345,98.6,-0.016343825665859565,7.982097201767305,0.9964922983071527,-1.1690607734806628,-1.4812033645643765,0.18360741810965336,0.3218829146660122,-0.32149532710280376,-1.164969450101833,-1.1719043781896321,-1.2500370428753962,-0.14982786533863265,0.09688904424161027,Insurance—Property & Casualty,Financial Services,98.2,15438315814,607973,CINF
2021,2021-12-31,2022-02-24,2946000000.0,9630000000.0,3723000000.0,18.1,9630000000.0,1.0,31387000000.0,13105000000.0,4004000000.0,54000000.0,18282000000.0,0.0,12625000000.0,18108890122.32,81.36132035273947,74.14814814814815,0.02857871093127728,0.06844715757344524,0.2126169901941475,81.36132035273947,0.22479969477298742,1.9055960666998961,6.229086939008826,1.4002968426035867,0.13408010862186015,0.0,0.021524841430965003,0.30681492337592,80.24074074074075,0.09386051550004779,9.334125189379451,1.0,1.416555407209613,4.094707502410692,0.8062733441062538,0.8971703031855477,0.2778662420382166,1.4226973684210527,1.3972955569864778,9.392045455690974,0.803101229371977,0.6937881520542353,Insurance—Property & Casualty,Financial Services,98.2,15438315814,607973,CINF
2020,2020-12-31,2021-02-25,1216000000.0,7536000000.0,1553000000.0,7.49,7536000000.0,1.0,27542000000.0,10789000000.0,3527000000.0,54000000.0,16753000000.0,0.0,10085000000.0,14070777514.11,66.98762320927862,65.31481481481481,0.03264105729431414,0.08332560941699879,0.10726310800076452,66.98762320927862,0.11270738715358235,1.8672740862672506,11.572185455682567,1.3042707863666696,0.30838815789473684,0.0,0.02664908535001931,0.2736184736039503,71.75925925925925,0.044150751579406,9.56613019314072,1.0,-0.38099173553719007,0.9509043836821941,0.4907351266885575,0.7075151305523525,-0.048965169106511865,-0.3910866299449174,-0.38495049504950496,0.18710691492492776,0.34124235132284764,0.33526800729004447,Insurance—Property & Casualty,Financial Services,98.2,15438315814,607973,CINF
2019,2019-12-31,2020-02-25,1997000000.0,7924000000.0,2525000000.0,12.1,7924000000.0,1.0,25408000000.0,9864000000.0,3364000000.0,39000000.0,15544000000.0,0.0,9257000000.0,17273600514.25,60.45836746655812,86.25641025641026,0.03483154911838791,0.08972019464720195,0.18874950851404892,60.45836746655812,0.20245336577453366,2.1650177327423017,8.590686286554833,1.7392133530261558,0.17776664997496244,0.0,0.020692950952379975,0.3118702770780856,93.84615384615384,0.07859729219143577,14.489527461359797,1.0,5.914285714285714,2.849188566031612,0.6215434733037988,0.5185876264610901,0.46550767523580544,5.958188153310105,0.0,2.4094707383667786,0.4673173150543989,0.40975857863854515,Insurance—Property & Casualty,Financial Services,98.2,15438315814,607973,CINF
2018,2018-12-31,2019-02-22,287000000.0,5407000000.0,0.0,1.75,5407000000.0,1.0,3559000000.0,7833000000.0,784000000.0,13314000000.0,14102000000.0,0.0,7625000000.0,12660738650.44,48.035121897661185,0.058885383806519455,0.23040179825793763,0.10468530575769182,0.0,48.035121897661185,0.03663985701519214,2.3348878584131683,43.98863641268293,1.611737348453977,1.170731707317073,0.0,0.026614412329897193,1.5192469794886203,0.23396424815983174,0.08064062939027816,10.874021232075798,1.0,-0.7217806041335453,-0.43693617084057235,0.2103990752401138,0.3088977202426951,-0.05669923237962317,-0.7253588516746412,0.0,-0.5452196398761574,0.05641208233771851,0.22441569813484907,Insurance—Property & Casualty,Financial Services,98.2,15438315814,607973,CINF
2017,2017-12-31,2018-02-23,1045000000.0,5732000000.0,0.0,6.29,5732000000.0,1.0,3203000000.0,8243000000.0,657000000.0,12813000000.0,13600000000.0,0.0,5180000000.0,12472183954.72,50.16792347570093,0.051276047763989696,0.25320012488292226,0.09838650976586194,0.0,50.16792347570093,0.12677423268227586,2.1490202293649685,11.787735841837321,1.4943811664102875,0.3827751196172249,0.0,0.032472319091056495,1.7895722759912582,0.22422539608210412,0.3262566344052451,11.890138952432432,1.0,0.771830985915493,1.4724084575712093,0.38881606295492227,0.5056909084827966,0.051936135070655164,0.7681895093062606,0.0,1.0000685726534937,0.1647367657991319,0.26011321555427097,Insurance—Property & Casualty,Financial Services,98.2,15438315814,607973,CINF
2016,2016-12-31,2017-02-24,591000000.0,5449000000.0,0.0,3.55,5449000000.0,1.0,3353000000.0,7060000000.0,777000000.0,12533000000.0,13326000000.0,0.0,5037000000.0,12500264591.25,42.88561770976769,0.061996329689619406,0.24067998807038474,0.11430594900849858,0.0,42.88561770976769,0.08371104815864022,2.2885418592861075,21.100278496192892,1.766326429355524,0.5177664974619289,0.0,0.024538372683343926,1.6251118401431555,0.24255964254368467,0.176260065612884,11.440609716743118,1.0,-0.07310704960835515,2.530726557332232,0.4209381478643646,0.38505886889932656,0.05970439517697394,-0.06782334384858044,0.0,0.14852224672593184,0.20827341427442866,0.16858009377192354,Insurance—Property & Casualty,Financial Services,98.2,15438315814,607973,CINF
2015,2015-12-31,2016-02-26,634000000.0,5142000000.0,0.0,3.83,5142000000.0,1.0,3034000000.0,6427000000.0,544000000.0,11668000000.0,12461000000.0,0.0,4762000000.0,9970483180.130001,39.231056879483845,0.046623243057936234,0.27059986816084375,0.12774233701571494,0.0,39.231056879483845,0.09864633577096624,1.885158144716064,15.289405646892744,1.508243843181889,0.5772870662460567,0.0,0.03775732553497777,1.6947923533289386,0.2320877613986973,0.2089650626235992,9.1968531120778,1.0,0.2044025157232704,0.6681034524066547,0.3521829694844636,0.26690118102466703,0.03983822042467138,0.20761904761904762,0.0,0.504437224628112,0.24954385825092387,0.17744250870221995,Insurance—Property & Casualty,Financial Services,98.2,15438315814,607973,CINF
2014,2014-12-31,2015-02-27,525000000.0,4945000000.0,0.0,3.18,4945000000.0,1.0,2962000000.0,6573000000.0,591000000.0,11389000000.0,12180000000.0,0.0,4505000000.0,8806133000.0,39.812235009085406,0.0518921766616911,0.2835921674544227,0.12779552715654952,0.0,39.812235009085406,0.07987220447284345,1.730461678463094,16.299300952380953,1.3018610984329833,0.5295238095238095,0.0,0.03248751655490221,1.6694800810263335,0.24049521468083238,0.1772451046590142,9.90408912037037,1.0,0.019230769230769246,0.19830928330473102,0.24928381019089046,0.3616015802632987,0.09137055837563451,0.015473887814313346,0.0,2.1273887147621373,0.2857917054389623,0.2857991124954395,Insurance—Property & Casualty,Financial Services,98.2,15438315814,607973,CINF
2013,2013-12-31,2014-02-27,517000000.0,4531000000.0,0.0,3.12,4531000000.0,1.0,2752000000.0,6070000000.0,433000000.0,10802000000.0,11592000000.0,0.0,4268000000.0,9122998000.0,36.69891172914148,0.04008516941307165,0.3248546511627907,0.1472817133443163,0.0,36.69891172914148,0.08517298187808896,1.9117188258662547,16.75434816247582,1.4270177924217462,0.5087040618955513,0.0,0.03036250989667742,1.646438953488372,0.2344010368450287,0.18786337209302326,10.978451204055768,1.0,0.21400778210116744,0.1902820238427433,0.17028813624603473,0.4335778641202552,0.10216492337630746,0.22802850356294538,0.0,0.34730851019472136,0.18015822691479633,0.185129800474064,Insurance—Property & Casualty,Financial Services,98.2,15438315814,607973,CINF
2012,2012-12-31,2013-02-27,421000000.0,4111000000.0,0.0,2.57,4111000000.0,1.0,2800000000.0,5453000000.0,487000000.0,10305000000.0,11095000000.0,0.0,4021000000.0,6815964759.999999,33.31887254752201,0.047258612324114505,0.3192857142857143,0.16394645149459014,0.0,33.31887254752201,0.07720520814230698,1.5589795086353684,15.223194204275533,1.175309877131854,0.6080760095011877,0.0,0.03994404862354088,1.4682142857142857,0.24318292091217855,0.15035714285714286,10.140767025316455,1.0,1.5196078431372546,-0.48200945470259793,0.015419942130965947,-0.03248011637382119,0.08098869313699711,1.536144578313253,0.0,-0.030621040581966366,0.04771742166563858,0.1395248094698619,Insurance—Property & Casualty,Financial Services,98.2,15438315814,607973,CINF
2011,2011-12-31,2012-02-29,166000000.0,3803000000.0,0.0,1.02,3803000000.0,1.0,2780000000.0,5055000000.0,438000000.0,9812000000.0,10613000000.0,0.0,3885000000.0,5459875902.12,30.963028845010665,0.0446392172849572,0.3327338129496403,0.18298714144411474,0.0,30.963028845010665,0.032838773491592484,1.3076192222245595,29.957083747710843,0.9837538876597429,1.536144578313253,0.0,0.05127817484673009,1.3679856115107913,0.16316754993885038,0.05971223021582734,20.720316258833332,1.0,-0.5584415584415584,-0.8081754849859543,-0.10175688275317508,-0.2020409911458868,0.008218451749734889,-0.5596816976127321,0.0,-0.6128090459391756,-0.004863058823423225,0.209515777632097,Insurance—Property & Casualty,Financial Services,98.2,15438315814,607973,CINF
2010,2010-12-31,2011-02-25,377000000.0,3772000000.0,0.0,2.31,3772000000.0,1.0,2572000000.0,5032000000.0,385000000.0,9273000000.0,10063000000.0,0.0,3980000000.0,5603625000.0,30.966153846153848,0.04151838671411625,0.3262052877138414,0.1667329093799682,0.0,30.966153846153848,0.07492050874403816,1.365224019088017,13.65948275862069,1.0233753974562798,0.6684350132625995,0.0,0.04893560210694953,1.4665629860031104,0.15884826916855388,0.14657853810264385,10.018725680933851,1.0,-0.12830188679245277,-0.32558139534883723,0.07835249433338096,-0.10958315427589163,-0.033563925185754545,-0.12731481481481483,0.0,-0.5328321770292398,-0.06165675735510324,-0.10079881836189775,Insurance—Property & Casualty,Financial Services,98.2,15438315814,607973,CINF
2009,2009-12-31,2010-02-26,432000000.0,3903000000.0,0.0,2.65,3903000000.0,1.0,14440000000.0,4760000000.0,557000000.0,8890000000.0,9680000000.0,0.0,3862000000.0,4553734686.08,29.23926909763629,0.06265466816647919,0.05810249307479225,0.17626050420168068,0.0,29.23926909763629,0.0907563025210084,1.0944746825723801,9.888274736296296,0.8974232533781512,0.5763888888888888,0.0,0.05829013698144661,0.27029085872576175,0.18368953880764904,0.029916897506925208,8.844171192712215,1.0,0.011450381679389238,-0.18947027854596246,0.1833370109397758,-0.16536907353813962,0.02065899581589958,0.006993006993006993,0.0,-0.4993697939022898,-0.07550747059859203,-0.24646460443006066,Insurance—Property & Casualty,Financial Services,98.2,15438315814,607973,CINF
2008,2008-12-31,2009-02-27,429000000.0,3824000000.0,0.0,2.62,3824000000.0,1.0,13369000000.0,4182000000.0,1009000000.0,8396000000.0,9187000000.0,0.0,3579000000.0,4579945229.63,25.59952455157539,0.12017627441638876,0.06283192460169047,0.20086083213773315,0.0,25.59952455157539,0.10258249641319943,1.2418789826438286,11.06980240006993,1.135567965,0.5827505827505828,0.0,0.05264326874948566,0.28603485675817186,0.26476893758932823,0.03208916149300621,10.60032417328125,1.0,-0.4728370221327967,0.24365571223699983,0.30337291999940147,-0.2691525797601443,-0.10213665179619628,-0.4982456140350877,0.0,-0.23660955363616484,0.08744720918377408,-0.26389799597014574,Insurance—Property & Casualty,Financial Services,98.2,15438315814,607973,CINF
TTM,,,,,,,,,,,,,,,,15378315814.0,68.32697201017811,19.1,0.02936929841832382,0.08332557489991621,0.000173688781283718,68.32697201017811,0.0011634671320535194,2.035911356191481,1286.42,1.4372069639698353,35.833333333333336,0.0,0.029327902240325863,0.24883507252083745,97.88,0.00039377830281551486,7.390290001914792,0.9951206646445998,,,,,,,,,,,Insurance—Property & Casualty,Financial Services,98.2,15438315814,607973,CINF
