Quarters,Year,Quarter,FillingDate,Date,NetIncome,Revenue,OperatingIncome,EPSDiluted,GrossProfit,GrossProfitRatio,TotalAssets,CommonStockEquity,CurrentAssets,CurrentLiability,TotalLiability,Inventory,RetainedEarnings,MarketCap,EnterpriseValue,bookValuePerShare,currentRatio,debtToAssets,debtToEquity,roic,shareholdersEquityPerShare,roe,priceToSalesRatio,peRatio,pbRatio,payoutRatio,inventoryTurnover,dividendYield,assetTurnover,quickRatio,returnOnAssets,priceToFreeCashFlowsRatio,grossProfitMargin,epsdilutedGrowth,fiveYNetIncomeGrowthPerShare,fiveYRevenueGrowthPerShare,fiveYShareholdersEquityGrowthPerShare,grossProfitGrowth,netIncomeGrowth,operatingIncomeGrowth,threeYNetIncomeGrowthPerShare,threeYRevenueGrowthPerShare,threeYShareholdersEquityGrowthPerShare,Industry,Sector,Symbol
2023Q1,2023,Q1,2023-04-27,2023-03-31,225000000.0,2241000000.0,282000000.0,1.42,2236000000.0,0.9977688532,30474000000.0,10741000000.0,955000000.0,50000000.0,19733000000.0,0.0,11818000000.0,17618976000.0,17558976000.0,68.32697201017811,19.1,0.02936929841832382,0.08332557489991621,0.020249207265077285,68.32697201017811,0.02094777022623592,7.8621044176706825,19.57664,1.6403478260869566,0.4711111111111111,0.0,0.00601624067142154,0.0735380980507974,97.88,0.007383343177790904,71.62185365853658,0.99776885319054,-0.7781250000000001,8.53314585385373,0.9002729688201616,0.40298073557822545,-0.2766095114849563,-0.7778874629812438,-0.7830769230769231,1.189360920513555,24.356349757113115,0.3780943621053084,Insurance—Property & Casualty,Financial Services,CINF
2022Q4,2022,Q4,2023-02-23,2022-12-31,1013000000.0,3114000000.0,1300000000.0,6.4,3091000000.0,0.9926140013,29736000000.0,10531000000.0,4478000000.0,50000000.0,19205000000.0,0.0,11702000000.0,16105756247.43,15732756247.43,66.94929896086437,89.56,0.0299636803874092,0.08460734972937042,0.08917834436398146,66.94929896086437,0.09619219447345931,5.172047606753372,3.97476708969151,1.5293662755132464,0.10562685093780849,0.0,0.006643587445145522,0.10472154963680387,98.6,0.0340664514393328,25.646108674251593,0.9926140012845215,3.415094339622642,0.6428571371123241,1.297825136604239,0.3301777970954788,1.2015669515669516,3.423444976076555,3.3008849557522124,0.6770833261294742,0.49967057479396865,0.10646091700792208,Insurance—Property & Casualty,Financial Services,CINF
2022Q3,2022,Q3,2022-10-31,2022-09-30,-418000000.0,1408000000.0,-565000000.0,-2.65,1404000000.0,0.9971590909,28199000000.0,9431000000.0,22071000000.0,-1137000000.0,18768000000.0,0.0,10797000000.0,14152059999.999998,13956059999.999998,59.68987341772152,-19.41160949868074,0.03145501613532395,0.09405153218110486,-0.03953216891118059,59.68987341772152,-0.04432191708196374,10.051178977272725,-8.46415071770335,1.5005895451171667,-0.2583732057416268,0.0,0.007631397831835083,0.049930848611652895,-22.22867194371152,-0.014823220681584454,21.377734138972805,0.9971590909090909,0.4762845849802371,-5.253660958054108,0.03503424534729443,0.30122813246129587,0.7226993865030675,0.48267326732673266,0.45038910505836577,-2.7520328654042463,-0.13906298329113934,0.04613914874802278,Insurance—Property & Casualty,Financial Services,CINF
2022Q2,2022,Q2,2022-07-27,2022-06-30,-808000000.0,820000000.0,-1028000000.0,-5.06,815000000.0,0.993902439,29192000000.0,10553000000.0,22932000000.0,44000000.0,18639000000.0,21834000000.0,11324000000.0,18989208000.0,18776208000.0,66.12155388471177,521.1818181818181,0.030316525075363112,0.08386240879370795,-0.06975954731678738,66.12155388471177,-0.07656590542973563,23.157570731707317,-5.875373762376237,1.7994132474177962,-0.1349009900990099,0.00022900064120179536,0.005740102483473771,0.028089887640449437,594.8863636363636,-0.027678816114003836,34.33853164556962,0.9939024390243902,-1.9764705882352938,-9.31794486215539,-0.39094670297677814,0.47345331659543527,-0.3292181069958848,-1.9597069597069596,-1.962536023054755,-2.931616424238166,-0.5614166100038387,0.182526530431873,Insurance—Property & Casualty,Financial Services,CINF
2022Q1,2022,Q1,2022-04-28,2022-03-31,-273000000.0,1215000000.0,-347000000.0,-1.7,1215000000.0,1.0,30250000000.0,12092000000.0,24386000000.0,49000000.0,18158000000.0,23399000000.0,12241000000.0,21807984000.0,21710984000.0,75.38653366583542,497.6734693877551,0.029421487603305783,0.07360238173999338,-0.020269732450059055,75.38653366583542,-0.022576910353953025,17.948958024691358,-19.97068131868132,1.8035051273569302,-0.3626373626373626,0.0,0.0045396218192383115,0.04016528925619835,559.7755102040817,-0.009024793388429752,112.41228865979382,1.0,-1.1878453038674033,-2.3937730301112894,-0.1813432603651738,0.7101189968848551,-0.6343665362624135,-1.1857142857142857,-1.1865591397849462,-1.399662713719299,-0.42741571268678696,0.42561787882553176,Insurance—Property & Casualty,Financial Services,CINF
2021Q4,2021,Q4,2022-02-24,2021-12-31,1470000000.0,3323000000.0,1860000000.0,9.05,3323000000.0,1.0,31387000000.0,13105000000.0,25903000000.0,54000000.0,18282000000.0,0.0,12625000000.0,18323533934.3,18081533934.3,81.4827890380436,479.68518518518516,0.02857871093127728,0.06844715757344524,0.10537481709133131,81.4827890380436,0.11217092712705075,5.514154057869395,3.1162472677380957,1.3982093807172835,0.06802721088435375,0.0,0.0054574625374425745,0.10587185777551215,530.925925925926,0.04683467677700959,39.833769422391306,1.0,8.627659574468087,13.983606522129897,1.581639106989259,0.8920445113074745,0.861624649859944,8.607843137254902,0.0,4.28776977987764,3.7314525805280208,0.6913418617304609,Insurance—Property & Casualty,Financial Services,CINF
2021Q3,2021,Q3,2021-10-27,2021-09-30,153000000.0,1785000000.0,0.0,0.94,1785000000.0,1.0,29907000000.0,11841000000.0,0.0,59000000.0,18066000000.0,0.0,11257000000.0,18400842000.0,18219842000.0,73.50093109869646,0.0,0.030227037148493664,0.07634490330208597,0.0,73.50093109869646,0.012921205979224727,10.308594957983193,30.066735294117645,1.5539939194324806,0.6535947712418301,0.0,0.005434533919697805,0.059685023573076534,67.44067796610169,0.00511585916340656,30.77063879598662,1.0,-0.7819025522041764,-0.13153320918684053,0.30084184073297787,0.6989542562625244,-0.2222222222222222,-0.7823613086770982,0.0,-0.7205794700314182,-0.058627614004891415,0.43491738538011915,Insurance—Property & Casualty,Financial Services,CINF
2021Q2,2021,Q2,2021-07-28,2021-06-30,703000000.0,2295000000.0,0.0,4.31,2295000000.0,1.0,29677000000.0,11858000000.0,0.0,59000000.0,17819000000.0,0.0,11205000000.0,18787482000.0,18691482000.0,73.6064556176288,0.0,0.03056238838157496,0.07648844661831675,0.0,73.6064556176288,0.05928487097318266,8.186266666666667,6.681181365576102,1.5843719008264465,0.1422475106685633,0.0,0.005322693057004659,0.07733261448259594,67.15254237288136,0.023688378205344206,33.60909123434705,1.0,0.12827225130890046,4.836071116763309,0.7092893903646565,0.7369476329220969,0.030534351145038167,0.1338709677419355,0.0,2.281861167606347,0.4922440315258783,0.5175055023745603,Insurance—Property & Casualty,Financial Services,CINF
2021Q1,2021,Q1,2021-04-28,2021-03-31,620000000.0,2227000000.0,0.0,3.82,2227000000.0,1.0,28313000000.0,11138000000.0,0.0,57000000.0,17175000000.0,0.0,10603000000.0,16597490000.0,16555490000.0,69.18012422360249,0.0,0.031964115424010175,0.08125336685221764,0.0,69.18012422360249,0.055665289998204345,7.452846879209699,6.692536290322581,1.4901678936972527,0.1532258064516129,0.0,0.005723757025911749,0.07865644756825486,65.59649122807018,0.021898068025288736,47.55727793696275,1.0,-0.4095826893353941,2.363420113651381,0.6651490865375856,0.6866186187847853,-0.17334818114328138,-0.40896091515729266,0.0,21.26806149068323,0.8438305939440993,0.4204987974026544,Insurance—Property & Casualty,Financial Services,CINF
2020Q4,2020,Q4,2021-02-25,2020-12-31,1049000000.0,2694000000.0,0.0,6.47,2694000000.0,1.0,27542000000.0,10789000000.0,0.0,54000000.0,16753000000.0,0.0,10085000000.0,14056921818.27,14055921818.27,67.05841735385073,0.0,0.03264105729431414,0.08332560941699879,0.0,67.05841735385073,0.09722865881916767,5.217862590300668,3.3500766964418496,1.302893856545556,0.0905624404194471,0.0,0.006758236349904644,0.09781424733134848,65.31481481481481,0.0380872848740106,38.19815711486413,1.0,1.163879598662207,5.863157862434152,1.17704466561905,0.7133496166801551,0.20969914683430624,1.1673553719008265,0.0,0.6632652994199733,0.9435317710574587,0.33234580879773784,Insurance—Property & Casualty,Financial Services,CINF
2020Q3,2020,Q3,2020-10-26,2020-09-30,484000000.0,2227000000.0,0.0,2.99,2227000000.0,1.0,26370000000.0,9745000000.0,0.0,123000000.0,16625000000.0,0.0,9132000000.0,12545373000.0,12598373000.0,60.56556867619639,0.0,0.0366704588547592,0.09923037455105183,0.0,60.56556867619639,0.049666495638789124,5.633306241580602,6.480048037190082,1.287365110312981,0.1962809917355372,0.0,0.007572512989450373,0.08445202882062951,29.178861788617887,0.018354190367842246,25.141028056112223,1.0,-0.46891651865008876,1.8352014173149598,0.7761398860673188,0.5642131122671195,-0.17943994104642594,-0.4675467546754675,0.0,3.836520064831402,0.607582701412205,0.32031812613268745,Insurance—Property & Casualty,Financial Services,CINF
2020Q2,2020,Q2,2020-07-27,2020-06-30,909000000.0,2714000000.0,0.0,5.63,2714000000.0,1.0,25450000000.0,9258000000.0,0.0,122000000.0,16192000000.0,0.0,8745000000.0,10296024000.0,10557024000.0,57.57462686567164,0.0,0.03799607072691552,0.104450205227911,0.0,57.57462686567164,0.0981853532080363,3.793671333824613,2.8316897689768976,1.1121218405703177,0.10451045104510451,0.0,0.00922686271904572,0.10664047151277013,28.704918032786885,0.035717092337917485,23.346993197278913,1.0,1.7447089947089947,4.270766197421981,1.1046335571383203,0.45420906089837093,28.414141414141415,1.7414355628058729,0.0,8.28785447761194,1.0007744466699693,0.28299351607620377,Insurance—Property & Casualty,Financial Services,CINF
2020Q1,2020,Q1,2020-04-27,2020-03-31,-1226000000.0,-99000000.0,0.0,-7.56,-99000000.0,1.0,3591000000.0,8042000000.0,486000000.0,14537000000.0,15325000000.0,0.0,7932000000.0,12237990000.0,12711990000.0,49.580764488286064,0.03343193231065557,0.2673350041771094,0.11937329022631187,0.0,49.580764488286064,-0.1524496393931858,-123.6160606060606,-2.495511827079935,1.521759512559065,-0.0734094616639478,0.0,0.0073541488430698175,-0.02756892230576441,0.21689482011419137,-0.3414090782511835,75.07969325153374,1.0,-2.9947229551451184,-10.68441738594328,-1.0778977771593892,0.23051534141630073,-1.046003717472119,-2.9584664536741214,0.0,-7.18975406567655,-1.065965107156765,0.12472351636878252,Insurance—Property & Casualty,Financial Services,CINF
2019Q4,2019,Q4,2020-02-25,2019-12-31,626000000.0,2152000000.0,0.0,3.79,2152000000.0,1.0,3885000000.0,9864000000.0,767000000.0,14756000000.0,15544000000.0,0.0,9257000000.0,17141640589.95,17201640589.95,60.507603957587435,0.05197885605855245,0.21287001287001286,0.08384022708840227,0.0,60.507603957587435,0.06346309813463098,7.96544637079461,6.845703111002396,1.7377981133363747,0.14376996805111822,0.0,0.0052503725957692895,0.5539253539253539,0.2279750609921388,0.16113256113256114,52.58171960107362,1.0,1.5436241610738255,2.8009101874125477,0.7290703265179149,0.5216654395541159,0.26588235294117646,1.5241935483870968,0.0,5.295081971271734,0.6494360732799189,0.4049970713062923,Insurance—Property & Casualty,Financial Services,CINF
2019Q3,2019,Q3,2019-10-24,2019-09-30,248000000.0,1700000000.0,0.0,1.49,1700000000.0,1.0,3844000000.0,9371000000.0,787000000.0,14583000000.0,15371000000.0,0.0,8722000000.0,19161695411.37,19259695411.37,57.05729824675423,0.05396694781595008,0.23022892819979188,0.09444029452566428,0.0,57.05729824675423,0.026464624906626828,11.2715855361,19.316225213074596,2.044786619503788,0.3629032258064516,0.0,0.00469687040044466,0.4422476586888658,0.22992525543440992,0.06451612903225806,48.510621294607596,1.0,-0.4247104247104247,0.3490983573373911,0.3221537895906702,0.4631223750540019,-0.1113434396236278,-0.4205607476635514,0.0,0.3808111077147612,0.21522306543853528,0.31886410495938006,Insurance—Property & Casualty,Financial Services,CINF
2019Q2,2019,Q2,2019-07-30,2019-06-30,428000000.0,1913000000.0,0.0,2.59,1913000000.0,1.0,3821000000.0,9131000000.0,803000000.0,14418000000.0,15206000000.0,0.0,8566000000.0,17167729000.0,17248729000.0,55.91549295774648,0.055694271050076294,0.23135304894006806,0.09681305442996387,0.0,55.91549295774648,0.04687328879640784,8.974244119184528,10.027879088785047,1.8801586901763223,0.2102803738317757,0.0,0.005242394028936501,0.500654278984559,0.2383825773338882,0.11201256215650353,64.05869029850746,1.0,-0.3918157657321294,4.1014784358323855,0.5777124605667094,0.44130271142859057,-0.11394163964798518,-0.3841726618705036,0.0,2.5052449728416444,0.4055853849510661,0.3194805037368091,Insurance—Property & Casualty,Financial Services,CINF
2019Q1,2019,Q1,2019-04-24,2019-03-31,695000000.0,2159000000.0,0.0,4.258578,2159000000.0,1.0,3703000000.0,8630000000.0,802000000.0,13934000000.0,14722000000.0,0.0,8229000000.0,14085792000.0,14160792000.0,52.879901960784316,0.057557054686378645,0.23683499864974344,0.10162224797219004,0.0,52.879901960784316,0.08053302433371959,6.524220472440945,5.066831654676259,1.6321891077636153,0.1223021582733813,0.0,0.0060344494651063995,0.5830407777477721,0.23783551026266686,0.18768566027545233,72.23483076923077,1.0,2.5318625899280573,6.646722150398621,0.8180368657134847,0.40087159215177653,2.0408450704225354,2.5376106194690267,0.0,2.7194605235711307,0.592543377321603,0.2892175058590623,Insurance—Property & Casualty,Financial Services,CINF
2018Q4,2018,Q4,2019-02-22,2018-12-31,-452000000.0,710000000.0,0.0,-2.78,710000000.0,1.0,3559000000.0,7833000000.0,784000000.0,13314000000.0,14102000000.0,0.0,7625000000.0,12587712225.76,12623712225.76,48.17641594625714,0.058885383806519455,0.23040179825793763,0.10468530575769182,0.0,48.17641594625714,-0.05770458317375207,17.729172148957748,-6.962230213362832,1.6070103696872209,-0.18805309734513273,0.0,0.0067526170344165155,0.19949423995504356,0.23396424815983174,-0.12700196684461929,36.06794334028653,1.0,-1.822485207100592,-4.775786886582463,-0.38260997743103653,0.31512885046042954,-0.6292428198433421,-1.817359855334539,0.0,-3.926315784882018,-0.43224319058161087,0.23091249468331607,Insurance—Property & Casualty,Financial Services,CINF
2018Q3,2018,Q3,2018-10-25,2018-09-30,553000000.0,1915000000.0,0.0,3.38,1915000000.0,1.0,3338000000.0,8334000000.0,616000000.0,13359000000.0,14146000000.0,0.0,8164000000.0,12262699000.0,12506699000.0,51.223110018438845,0.046111235870948425,0.2576393049730378,0.10319174466042716,0.0,51.223110018438845,0.06635469162467003,6.40349817232376,5.543715641952985,1.4714061675065995,0.15370705244122965,0.0,0.006931589856360333,0.573696824445776,0.22060034433715098,0.16566806470940684,34.34929691876751,1.0,1.5606060606060603,3.247579256534529,0.6726456860786726,0.44183895136152407,0.22913992297817715,1.5483870967741935,0.0,2.2035549527018907,0.5104077995254186,0.3229275658305466,Insurance—Property & Casualty,Financial Services,CINF
2018Q2,2018,Q2,2018-07-26,2018-06-30,217000000.0,1558000000.0,0.0,1.32,1558000000.0,1.0,3083000000.0,7916000000.0,521000000.0,13057000000.0,13844000000.0,0.0,7696000000.0,10911552000.0,11279552000.0,48.504901960784316,0.039901968292869724,0.288355497891664,0.11230419403739263,0.0,48.504901960784316,0.027412834765032843,7.003563543003851,12.570912442396313,1.3784173825164223,0.39631336405529954,0.0,0.007881555254467926,0.5053519299383717,0.21980546833116335,0.07038598767434318,35.89326315789474,1.0,7.947368421052632,0.9764986631016043,0.41392982736572886,0.3916710878069423,0.272875816993464,8.0,0.0,0.23975392713903743,0.1904193858394421,0.2251276607302919,Insurance—Property & Casualty,Financial Services,CINF
2018Q1,2018,Q1,2018-04-25,2018-03-31,-31000000.0,1224000000.0,0.0,-0.19,1224000000.0,1.0,3123000000.0,7946000000.0,604000000.0,12737000000.0,13524000000.0,0.0,7565000000.0,12116105282.7,12365105282.7,48.701290244030176,0.047420899740912306,0.27313480627601666,0.10734960986659954,0.0,48.701290244030176,-0.0039013340045305814,9.898778825735295,-97.7105264733871,1.5248055981248427,-2.5806451612903225,0.0,0.0066027818456008405,0.3919308357348703,0.22281541964355814,-0.009926352865834135,80.23910783245033,1.0,-1.0489690721649485,-1.2012679866883613,0.10953149530048073,0.3733427106965211,-0.13253012048192772,-1.0482866043613708,0.0,-1.243437499607359,-0.04255453901131845,0.20868819612907832,Insurance—Property & Casualty,Financial Services,CINF
2017Q4,2017,Q4,2018-02-23,2017-12-31,642000000.0,1411000000.0,0.0,3.88,1411000000.0,1.0,3203000000.0,8243000000.0,657000000.0,12813000000.0,13600000000.0,0.0,5180000000.0,12278249984.7,12432249984.7,50.331090405397,0.051276047763989696,0.25320012488292226,0.09838650976586194,0.0,50.331090405397,0.07788426543734077,8.70180721807229,4.781249994042056,1.4895365746330218,0.2507788161993769,0.0,0.01311261785683001,0.4405245082734936,0.22422539608210412,0.20043709022791134,40.38898021282895,1.0,5.360655737704918,2.351600004176449,0.32178743461066484,0.5151938017513241,-0.000708215297450425,5.294117647058823,0.0,2.8800958132182437,0.1284739857360706,0.26574307683129844,Insurance—Property & Casualty,Financial Services,CINF
2017Q3,2017,Q3,2017-10-26,2017-09-30,102000000.0,1412000000.0,0.0,0.61,1412000000.0,1.0,3288000000.0,7523000000.0,674000000.0,13276000000.0,14069000000.0,0.0,5193000000.0,12557479999.999998,12726479999.999998,45.8719512195122,0.050768303705935526,0.2563868613138686,0.11205636049448359,0.0,45.8719512195122,0.013558420842748903,8.89339943342776,30.778137254901957,1.6692117506313968,0.7941176470588235,0.0,0.006450338762235735,0.42944038929440387,0.22747815607110575,0.03102189781021898,42.423918918918915,1.0,0.016666666666666684,-0.08917765326301917,0.352230823612584,0.39143777392942825,0.01875901875901876,0.02,0.0,-0.44432227109156336,0.09976181402439022,0.17629611423937327,Insurance—Property & Casualty,Financial Services,CINF
2017Q2,2017,Q2,2017-08-02,2017-06-30,100000000.0,1386000000.0,0.0,0.6,1386000000.0,1.0,3193000000.0,7373000000.0,606000000.0,13072000000.0,13865000000.0,0.0,5174000000.0,11903535000.0,12140535000.0,44.87522824102252,0.04635862913096695,0.2640150328844347,0.11433609114336091,0.0,44.87522824102252,0.01356300013563,8.58840909090909,29.758837500000002,1.6144764681947648,0.81,0.0,0.006804701292515206,0.4340745380519887,0.2274326805385557,0.03131850923896023,39.41567880794702,1.0,-0.5041322314049587,2.0893373402312845,0.3433165658229207,0.4169632478709337,-0.08995403808273145,-0.5024875621890548,0.0,0.18467959307886256,0.1361213916360256,0.15672391887232892,Insurance—Property & Casualty,Financial Services,CINF
2017Q1,2017,Q1,2017-04-26,2017-03-31,201000000.0,1523000000.0,0.0,1.21,1523000000.0,1.0,3098000000.0,7256000000.0,543000000.0,12704000000.0,13497000000.0,0.0,5156000000.0,11895642000.0,12194642000.0,44.08262454434994,0.04274244332493703,0.27178825048418337,0.11604189636163176,0.0,44.08262454434994,0.027701212789415657,7.81066447800394,14.795574626865672,1.6394214443219404,0.38308457711442784,0.0,0.006472958752457413,0.49160748870238863,0.22418136020151133,0.06488056810845706,88.77344776119403,1.0,1.0166666666666666,1.3042242646019946,0.5228254555268288,0.3738421477210437,0.16082317073170732,1.01,0.0,1.1926882352155739,0.271569991017294,0.16781790702768815,Insurance—Property & Casualty,Financial Services,CINF
2016Q4,2016,Q4,2017-02-24,2016-12-31,100000000.0,1312000000.0,0.0,0.6,1312000000.0,1.0,3353000000.0,7060000000.0,777000000.0,12500000000.0,13326000000.0,0.0,5037000000.0,12418032769.5,12448032769.5,43.0660000602924,0.06216,0.24067998807038474,0.11430594900849858,0.0,43.0660000602924,0.014164305949008499,9.464964001143292,31.04508192375,1.7589281543201132,0.77,0.0,0.006200660074687525,0.3912913808529675,0.2432,0.029824038174768863,45.15648279818182,1.0,-0.4444444444444445,-0.25944500388859615,0.3633035890717664,0.38594391398859057,-0.06419400855920114,-0.4444444444444444,0.0,-0.17149999884010006,0.1315104452701215,0.1756237578237975,Insurance—Property & Casualty,Financial Services,CINF
2016Q3,2016,Q3,2016-10-25,2016-09-30,180000000.0,1402000000.0,0.0,1.08,1402000000.0,1.0,3295000000.0,7121000000.0,700000000.0,12507000000.0,13334000000.0,0.0,5016000000.0,12414132000.0,12561132000.0,43.26245443499393,0.05596865755177101,0.2570561456752656,0.11894396854374385,0.0,43.26245443499393,0.025277348686982164,8.854587731811698,17.24185,1.7433130178345737,0.43333333333333335,0.0,0.006283161803016111,0.42549317147192717,0.23538818261773406,0.054628224582701064,37.391963855421686,1.0,0.4594594594594596,8.386543237193836,0.47150858493626047,0.47419546994601003,0.02261123267687819,0.4634146341463415,0.0,0.36661627076512127,0.21043343712029164,0.21776073169753377,Insurance—Property & Casualty,Financial Services,CINF
2016Q2,2016,Q2,2016-07-26,2016-06-30,123000000.0,1371000000.0,0.0,0.74,1371000000.0,1.0,3163000000.0,6971000000.0,547000000.0,12355000000.0,13180000000.0,0.0,4915000000.0,12319405000.0,12625405000.0,42.37689969604863,0.044273573452043705,0.26968068289598485,0.12236407975900158,0.0,42.37689969604863,0.017644527327499642,8.985707512764405,25.03944105691057,1.7672364079759002,0.6260162601626016,0.0,0.0062503018611694315,0.43344925703446097,0.22800485633346823,0.038887132469174836,53.796528384279476,1.0,-0.3451327433628318,3.4883602094162898,0.3939174526443769,0.3664896472445129,0.005131964809384164,-0.34574468085106386,0.0,0.11146592981486612,0.23438918990352847,0.21585043395337836,Insurance—Property & Casualty,Financial Services,CINF
2016Q1,2016,Q1,2016-04-26,2016-03-31,188000000.0,1364000000.0,0.0,1.13,1364000000.0,1.0,3090000000.0,6735000000.0,613000000.0,11887000000.0,12712000000.0,0.0,4871000000.0,10732112000.0,10979112000.0,41.017052375152254,0.05156894085976277,0.2783171521035599,0.1276911655530809,0.0,41.017052375152254,0.02791388270230141,7.868117302052786,14.271425531914893,1.5934835931700073,0.39361702127659576,0.0,0.0068951945339370295,0.4414239482200647,0.23504668966097417,0.060841423948220064,42.252409448818895,1.0,0.20212765957446804,2.022470592904012,0.4635062472843509,0.3116961469728536,0.07996832937450514,0.20512820512820512,0.0,0.21284638625686136,0.2285915612718277,0.1566525160096305,Insurance—Property & Casualty,Financial Services,CINF
2015Q4,2015,Q4,2016-02-26,2015-12-31,156000000.0,1263000000.0,0.0,0.94,1263000000.0,1.0,3034000000.0,6427000000.0,544000000.0,11640000000.0,12461000000.0,0.0,4762000000.0,9716336823.42,9993336823.42,39.13878212654894,0.04673539518900344,0.27059986816084375,0.12774233701571494,0.0,39.13878212654894,0.024272599968881283,7.693061617909739,15.571052601634616,1.5117997235755407,0.9487179487179487,0.0,0.015232077962063308,0.41628213579433093,0.23264604810996564,0.051417270929466054,31.752734717058825,1.0,-0.10476190476190485,0.23029284284213825,0.3408554023135285,0.26917676195330553,-0.011737089201877934,-0.10344827586206896,0.0,-0.18774999843798068,0.18001064209671352,0.1782546256912293,Insurance—Property & Casualty,Financial Services,CINF
2015Q3,2015,Q3,2015-10-27,2015-09-30,174000000.0,1278000000.0,0.0,1.05,1278000000.0,1.0,17182000000.0,6350000000.0,419000000.0,11575000000.0,12401000000.0,0.0,4756000000.0,8823200000.0,9265200000.0,38.71951219512195,0.03619870410367171,0.050110580840414386,0.13559055118110236,0.0,38.71951219512195,0.027401574803149607,6.903912363067293,12.677011494252872,1.3894803149606298,0.41954022988505746,0.0,0.008273642215976063,0.0743801652892562,0.23533477321814256,0.010126876964264928,31.1773851590106,1.0,-0.009433962264150952,0.10977832504690435,0.18727950625128104,0.26109437308310207,-0.028875379939209727,-0.011363636363636364,0.0,0.553755767963085,0.2239029692470839,0.17448223640194982,Insurance—Property & Casualty,Financial Services,CINF
2015Q2,2015,Q2,2015-07-28,2015-06-30,176000000.0,1316000000.0,0.0,1.06,1316000000.0,1.0,17304000000.0,6497000000.0,487000000.0,11568000000.0,12391000000.0,0.0,4658000000.0,8234538000.0,8619538000.0,39.59171237050579,0.04209889349930844,0.050392972723069814,0.13421579190395566,0.0,39.59171237050579,0.027089425888871786,6.257247720364742,11.696786931818183,1.2674369709096507,0.42045454545454547,0.0,0.008986539378408358,0.07605177993527508,0.241701244813278,0.010171058714748035,32.80692430278884,1.0,0.37662337662337664,5.487155387636265,0.4916494436832922,0.3649441425141608,0.024124513618677044,0.375,0.0,4.4438604509445465,0.27702680097023585,0.25013294746877973,Insurance—Property & Casualty,Financial Services,CINF
2015Q1,2015,Q1,2015-04-28,2015-03-31,128000000.0,1285000000.0,0.0,0.77,1285000000.0,1.0,17439000000.0,6608000000.0,640000000.0,11464000000.0,12289000000.0,0.0,4557000000.0,8737920000.0,8971920000.0,40.292682926829265,0.055826936496859735,0.05011755261196169,0.1322639225181598,0.0,40.292682926829265,0.01937046004842615,6.799937743190662,17.06625,1.3223244552058113,0.5546875,0.0,0.008125503552332821,0.07368541774184299,0.24685973482205165,0.0073398704054131545,40.83140186915888,1.0,-0.24509803921568626,0.874438461979914,0.4426123239131629,0.3525624297596068,0.018225039619651346,-0.23353293413173654,0.0,0.4727351106069199,0.28955341240785626,0.2557280021734342,Insurance—Property & Casualty,Financial Services,CINF
2014Q4,2014,Q4,2015-02-27,2014-12-31,167000000.0,1262000000.0,0.0,1.02,1262000000.0,1.0,2962000000.0,6573000000.0,591000000.0,11353000000.0,12180000000.0,0.0,4505000000.0,8567499000.0,8816499000.0,39.76406533575317,0.05205672509468863,0.2835921674544227,0.12779552715654952,0.0,39.76406533575317,0.025406967898980677,6.7888264659271,12.825597305389222,1.3034381560931083,0.41916167664670656,0.0,0.008170412392227884,0.4260634706279541,0.2412578173170087,0.05638082376772451,36.14978481012658,1.0,-0.08108108108108114,-0.328258253219255,0.09769427087821818,0.3608449062666808,-0.0140625,-0.08743169398907104,0.0,0.22651001336331059,0.3005151289453096,0.2796815183759048,Insurance—Property & Casualty,Financial Services,CINF
2014Q3,2014,Q3,2014-10-28,2014-09-30,183000000.0,1280000000.0,0.0,1.11,1280000000.0,1.0,2772000000.0,6376000000.0,412000000.0,11269000000.0,12098000000.0,0.0,4409000000.0,7692675000.0,8158675000.0,38.99694189602447,0.03656047564113941,0.31673881673881676,0.13770388958594731,0.0,38.99694189602447,0.02870138017565872,6.00990234375,10.509118852459016,1.206504861982434,0.3825136612021858,0.0,0.009099565495747579,0.46176046176046176,0.2310764042949685,0.06601731601731602,27.376067615658364,1.0,1.1764705882352944,0.06625732668061579,0.2664485414332091,0.3732503836128993,0.054365733113673806,1.1785714285714286,0.0,8.607189197489136,0.3524986181516612,0.3288454350469195,Insurance—Property & Casualty,Financial Services,CINF
2014Q2,2014,Q2,2014-07-29,2014-06-30,84000000.0,1214000000.0,0.0,0.51,1214000000.0,1.0,2813000000.0,6343000000.0,462000000.0,11161000000.0,11992000000.0,0.0,4299000000.0,7854540000.0,8272540000.0,38.79510703363914,0.041394140310008064,0.3128332740846072,0.13873561406274634,0.0,38.79510703363914,0.013242944978716696,6.4699670510708405,23.376607142857143,1.2383004887277314,0.8452380952380952,0.0,0.009039358129183887,0.4315677212939922,0.2370755308664098,0.029861357980803412,35.70245454545454,1.0,-0.07272727272727278,5.398436986962821,0.3819105854484635,0.5228167814562595,0.021026072329688814,-0.07692307692307693,0.0,2.709761635648755,0.24184225467889894,0.2509908111601141,Insurance—Property & Casualty,Financial Services,CINF
2014Q1,2014,Q1,2014-04-24,2014-03-31,91000000.0,1189000000.0,0.0,0.55,1189000000.0,1.0,2868000000.0,6168000000.0,521000000.0,10940000000.0,11774000000.0,0.0,4287000000.0,7951043999.999999,8368043999.999999,37.74785801713586,0.047623400365630716,0.32705718270571826,0.1520752269779507,0.0,37.74785801713586,0.014753566796368352,6.68716904962153,21.84352747252747,1.2890797665369649,0.7362637362637363,0.0,0.00842656637291908,0.41457461645746163,0.243327239488117,0.03172942817294282,63.1035238095238,1.0,-0.2567567567567567,1.5882828947368421,0.329934469248965,0.5821188923093613,0.014505119453924915,-0.2540983606557377,0.0,0.470167194890828,0.2819856548215859,0.20714963778212395,Insurance—Property & Casualty,Financial Services,CINF
2013Q4,2013,Q4,2014-02-27,2013-12-31,122000000.0,1172000000.0,0.0,0.74,1172000000.0,1.0,2752000000.0,6070000000.0,433000000.0,10757000000.0,11592000000.0,0.0,4268000000.0,8677709000.0,9138709000.0,36.63246831623416,0.04025285860369992,0.3248546511627907,0.1472817133443163,0.0,36.63246831623416,0.020098846787479408,7.404188566552901,17.78219057377049,1.4296060955518943,0.5573770491803278,0.0,0.007836169661831252,0.4258720930232558,0.23538161197359858,0.04433139534883721,33.89730078125,1.0,-0.06329113924050639,-0.2489027701038695,0.1411481730777212,0.43868881831697015,0.017361111111111112,-0.06870229007633588,0.0,-0.04649667097738313,0.23306136685081158,0.1879030208356321,Insurance—Property & Casualty,Financial Services,CINF
2013Q3,2013,Q3,2013-10-24,2013-09-30,131000000.0,1152000000.0,0.0,0.79,1152000000.0,1.0,2856000000.0,5816000000.0,511000000.0,10691000000.0,11523000000.0,0.0,4214000000.0,7720563599.999999,8145563599.999999,35.52623541628489,0.04779721260873632,0.3277310924369748,0.1609353507565337,0.0,35.52623541628489,0.022524071526822557,6.7018781249999995,14.7339,1.3274696698762036,0.4961832061068702,0.0,0.00841907448311157,0.40336134453781514,0.25086521373117576,0.04586834733893557,27.08969684210526,1.0,0.19696969696969696,-0.46791153026347326,-0.025510204724905866,0.24491285035097396,0.043478260869565216,0.19090909090909092,0.0,-0.1629971720631699,0.07211960152945175,0.15708935986922976,Insurance—Property & Casualty,Financial Services,CINF
2013Q2,2013,Q2,2013-07-25,2013-06-30,110000000.0,1104000000.0,0.0,0.66,1104000000.0,1.0,2751000000.0,5699000000.0,382000000.0,10502000000.0,11335000000.0,0.0,4152000000.0,7609848480.0,8164848480.0,34.85371104261461,0.03637402399542944,0.3406034169392948,0.16441480961572205,0.0,34.85371104261461,0.019301631865239515,6.8929786956521735,17.29511018181818,1.3352953991928407,0.5909090909090909,0.0,0.008541562972092185,0.40130861504907306,0.23890687488097506,0.039985459832788076,39.6346275,1.0,-0.29787234042553185,0.762395860271796,0.21520924827623633,0.2220973066890798,0.0009066183136899365,-0.2857142857142857,0.0,3.069052267995281,0.25585328229864723,0.20159917023286314,Insurance—Property & Casualty,Financial Services,CINF
2013Q1,2013,Q1,2013-04-25,2013-03-31,154000000.0,1103000000.0,0.0,0.94,1103000000.0,1.0,2709000000.0,5785000000.0,380000000.0,10421000000.0,11252000000.0,0.0,4109000000.0,7686826960.0,8241826960.0,35.46186240674787,0.03646483063045773,0.34514581026208935,0.1616248919619706,0.0,35.46186240674787,0.02662057044079516,6.969018096101541,12.478615194805194,1.328751419187554,0.42207792207792205,0.0,0.00845602487713604,0.40716131413805834,0.23836484022646579,0.056847545219638244,137.26476714285715,1.0,-0.19658119658119658,4.71099740906704,0.5857038257493328,0.07449840728671596,0.0308411214953271,-0.19791666666666666,0.0,1.2671693589243855,0.24487013423889512,0.19039933051304003,Insurance—Property & Casualty,Financial Services,CINF
2012Q4,2012,Q4,2013-02-27,2012-12-31,192000000.0,1070000000.0,0.0,1.17,1070000000.0,1.0,2800000000.0,5453000000.0,487000000.0,10268000000.0,11095000000.0,0.0,4021000000.0,6428505599.999999,6835505599.999999,33.217592592592595,0.047428905336969224,0.3192857142857143,0.16394645149459014,0.0,33.217592592592595,0.035209976159911976,6.007949158878504,8.37045,1.1788933797909407,0.3385416666666667,0.0,0.010111214649949128,0.3821428571428571,0.2440592130892092,0.06857142857142857,31.51228235294117,1.0,0.7205882352941174,0.08406928881343144,0.15133767641974644,-0.03412082144496902,0.033816425120772944,0.7297297297297297,0.0,-0.2223349039264829,-0.06284520752577727,0.13680508510348593,Insurance—Property & Casualty,Financial Services,CINF
2012Q3,2012,Q3,2012-10-25,2012-09-30,111000000.0,1035000000.0,0.0,0.68,1035000000.0,1.0,2699000000.0,5359000000.0,416000000.0,10292000000.0,11120000000.0,0.0,3896000000.0,6151260010.5,6667260010.5,32.96730337424256,0.04041974349008939,0.3453130789181178,0.17391304347826086,0.0,32.96730337424256,0.02071281955588729,5.943246386956521,13.854189212837836,1.1478372850345213,0.5675675675675675,0.0,0.010241804100698242,0.3834753612449055,0.16896618732996502,0.041126343090033345,36.833892278443116,1.0,2.4,-0.050626595415348134,0.11780134992380137,-0.13069013401765647,0.014705882352941176,2.46875,0.0,-0.34949394704194586,0.029995560650055084,0.1609208262039826,Insurance—Property & Casualty,Financial Services,CINF
2012Q2,2012,Q2,2012-07-26,2012-06-30,32000000.0,1020000000.0,0.0,0.2,1020000000.0,1.0,2648000000.0,5144000000.0,263000000.0,10114000000.0,10945000000.0,0.0,3851000000.0,6183519750.0,6855519750.0,31.670001539171924,0.026003559422582558,0.3530966767371601,0.1817651632970451,0.0,31.670001539171924,0.006220839813374806,6.0622742647058825,48.308748046875,1.2020839327371695,2.0,0.0,0.01035009227551994,0.3851963746223565,0.15335178959857623,0.012084592145015106,53.76973695652174,1.0,-0.6226415094339622,-0.9026584822361581,-0.14246530044757183,-0.19538165951235087,0.034482758620689655,-0.627906976744186,0.0,2.6866848666996104,0.16876261143587126,0.2431364030205803,Insurance—Property & Casualty,Financial Services,CINF
2012Q1,2012,Q1,2012-04-26,2012-03-31,86000000.0,986000000.0,0.0,0.53,986000000.0,1.0,2743000000.0,5207000000.0,424000000.0,9982000000.0,10815000000.0,0.0,3884000000.0,5600179270.0,6113179270.0,32.08711031138116,0.0424764576237227,0.3415967918337587,0.1799500672172076,0.0,32.08711031138116,0.01651622815440753,5.679695,16.279590901162788,1.075509750336086,0.7441860465116279,0.0,0.011428205583140198,0.35946044476850164,0.1628932077739932,0.03135253372220197,38.357392260273976,1.0,-0.36144578313253006,-0.5239278879075863,0.027056345041901807,-0.16637535776953494,0.032460732984293195,-0.3582089552238806,0.0,1.462997000719229,0.11050465762765325,0.3448610355640655,Insurance—Property & Casualty,Financial Services,CINF
2011Q4,2011,Q4,2012-02-29,2011-12-31,134000000.0,955000000.0,0.0,0.83,955000000.0,1.0,2780000000.0,5055000000.0,438000000.0,9781000000.0,10613000000.0,0.0,3885000000.0,4955211295.24,5442211295.24,31.073407535196214,0.044780697270217766,0.3327338129496403,0.18298714144411474,0.0,31.073407535196214,0.026508407517309596,5.188702926952879,9.24479719261194,0.980259405586548,0.47761194029850745,0.0,0.012915695454092687,0.3435251798561151,0.16368469481648093,0.04820143884892086,47.646262454230765,1.0,5.916666666666667,0.1104835525231436,0.03506511491147094,-0.2000694238773262,0.011652542372881356,6.052631578947368,0.0,-0.1597058164380681,-0.052873411477253794,0.2203645023854831,Insurance—Property & Casualty,Financial Services,CINF
2011Q3,2011,Q3,2011-10-27,2011-09-30,19000000.0,944000000.0,0.0,0.12,944000000.0,1.0,2776000000.0,4786000000.0,308000000.0,9836000000.0,10626000000.0,0.0,3816000000.0,4294053695.4199996,4880053695.42,29.346484449974835,0.0313135420902806,0.32204610951008644,0.18679481821980778,0.0,29.346484449974835,0.003969912244045131,4.548785694300847,56.50070651868421,0.8972113864229,3.3684210526315788,0.0,0.014904331556976532,0.3400576368876081,0.16337942252948354,0.006844380403458214,31.57392423102941,1.0,1.4,-0.822449413039679,0.04908788550658294,-0.2043213623868952,-0.031794871794871796,1.3877551020408163,0.0,-0.9225315707973194,-0.19840424690109784,0.028361580570170675,Insurance—Property & Casualty,Financial Services,CINF
2011Q2,2011,Q2,2011-07-27,2011-06-30,-49000000.0,975000000.0,0.0,-0.3,975000000.0,1.0,2839000000.0,5057000000.0,313000000.0,9855000000.0,10645000000.0,0.0,3862000000.0,4758339296.88,5284339296.88,31.011504391197132,0.03176052765093861,0.2955265938710814,0.16590864148704765,0.0,31.011504391197132,-0.009689539252521258,4.8803479968,-24.277241310612247,0.9409411304884319,-1.2857142857142858,0.0,0.013239913354078916,0.34343078548784783,0.16377473363774733,-0.017259598450158505,-86.51525994327272,1.0,-1.789473684210526,-1.3984240839821978,0.06674113479599865,-0.10507718008603205,0.04951560818083961,-1.7903225806451613,0.0,-1.7872023295205965,0.07613342289192004,0.08737562971473811,Insurance—Property & Casualty,Financial Services,CINF
2011Q1,2011,Q1,2011-04-27,2011-03-31,62000000.0,929000000.0,0.0,0.38,929000000.0,1.0,2603000000.0,5118000000.0,379000000.0,9461000000.0,10251000000.0,0.0,3977000000.0,5366739234.42,5826739234.42,31.27023927745145,0.040059190360427016,0.3223203995389935,0.16393122313403674,0.0,31.27023927745145,0.01211410707307542,5.776899068266954,21.64007755814516,1.0486008664361077,1.032258064516129,0.0,0.011925304585236976,0.3568958893584326,0.1727090159602579,0.023818670764502496,97.57707698945455,1.0,-0.5078828638095239,-0.8791322413800348,-0.37790359152109554,-0.1122588545460414,-0.007478632478632479,-0.5079365079365079,0.0,2.489136009317155,0.3311745970385067,-0.05250824354045944,Insurance—Property & Casualty,Financial Services,CINF
2010Q4,2010,Q4,2011-02-25,2010-12-31,126000000.0,936000000.0,0.0,0.7721738831157452,936000000.0,1.0,2572000000.0,5032000000.0,385000000.0,9256000000.0,10063000000.0,0.0,3980000000.0,5171037362.58,5625037362.58,30.837928411416108,0.041594641313742436,0.3262052877138414,0.1667329093799682,0.0,30.837928411416108,0.025039745627980923,5.524612566858974,10.259994767023809,1.0276306364427663,0.5,0.0,0.012183242081346564,0.36391912908242613,0.1591400172860847,0.048989113530326596,46.5859221854054,1.0,-0.1871853861939524,-0.2631568021008039,0.03694171416870021,-0.1151608951005662,-0.12605042016806722,-0.19230769230769232,0.0,-0.2842880565752991,0.013226861358856413,-0.10331512196944852,Insurance—Property & Casualty,Financial Services,CINF
2010Q3,2010,Q3,2010-10-27,2010-09-30,156000000.0,1071000000.0,0.0,0.95,1071000000.0,1.0,2730000000.0,5010000000.0,445000000.0,9270000000.0,10060000000.0,0.0,3919000000.0,4702723155.24,5096723155.24,30.703104400078438,0.04800431499460626,0.30732600732600734,0.16746506986027945,0.0,30.703104400078438,0.031137724550898204,4.390964664089636,7.536415312884615,0.9386672964550898,0.40384615384615385,0.0,0.013396493461411262,0.3923076923076923,0.1673139158576052,0.05714285714285714,29.209460591552794,1.0,4.735191132790804,0.42690270069368147,0.21415211264004186,-0.10863060717265033,0.21981776765375854,4.777777777777778,0.0,0.3291793235030159,0.15228165229577592,-0.19039445634102262,Insurance—Property & Casualty,Financial Services,CINF
2010Q2,2010,Q2,2010-07-29,2010-06-30,27000000.0,878000000.0,0.0,0.165644,878000000.0,1.0,14607000000.0,4737000000.0,325000000.0,9080000000.0,9870000000.0,0.0,3828000000.0,4224841367.3700004,4738841367.370001,29.006104453168156,0.03579295154185022,0.05743821455466557,0.17711631834494407,0.0,29.006104453168156,0.005699810006333122,4.811892217961276,39.118901549722224,0.8918812259594681,2.3333333333333335,0.0,0.014911802484839339,0.06010816731703977,0.15991189427312774,0.0018484288354898336,30.177438338357145,1.0,-0.6056095238095237,-0.8163007946383702,0.0040775636164981505,-0.1695722774510744,-0.010146561443066516,-0.6029411764705882,0.0,-0.9183134043930185,-0.2658497620015063,-0.2630614936897849,Insurance—Property & Casualty,Financial Services,CINF
2010Q1,2010,Q1,2010-04-28,2010-03-31,68000000.0,887000000.0,0.0,0.42,887000000.0,1.0,14616000000.0,4865000000.0,402000000.0,8961000000.0,9751000000.0,0.0,3865000000.0,4721305138.41,5158305138.41,29.789887727393516,0.044861064613324404,0.057402846195949646,0.1724563206577595,0.0,29.789887727393516,0.013977389516957862,5.322779186482525,17.35773947944853,0.9704635433525179,0.9264705882352942,0.0,0.013343767910162356,0.06068691844553913,0.16828478964401294,0.004652435686918446,46.28730527852941,1.0,-0.720740464,-0.4922135802428087,0.04126868454191071,-0.12911687779674208,-0.21712268314210062,-0.7224489795918367,0.0,-0.625952983317089,-0.08191272698177149,-0.22605730906139665,Insurance—Property & Casualty,Financial Services,CINF
2009Q4,2009,Q4,2010-02-26,2009-12-31,245000000.0,1133000000.0,0.0,1.5039772894272803,1133000000.0,1.0,14440000000.0,4760000000.0,557000000.0,8890000000.0,9680000000.0,0.0,3862000000.0,4274532631.04,4556532631.04,29.22013019458716,0.06265466816647919,0.05810249307479225,0.17626050420168068,0.0,29.22013019458716,0.051470588235294115,3.7727560732921446,4.3617679908571425,0.8980110569411764,0.2571428571428571,0.0,0.014738453402488593,0.07846260387811635,0.18368953880764904,0.016966759002770084,28.121925204210527,1.0,0.4323593232640764,0.3708126335925731,0.29208846596990334,-0.18170542741994677,0.12512413108242304,0.4327485380116959,0.0,1.0275934961199569,0.22631399024148321,-0.2477788104037092,Insurance—Property & Casualty,Financial Services,CINF
2009Q3,2009,Q3,2009-10-29,2009-09-30,171000000.0,1007000000.0,0.0,1.05,1007000000.0,1.0,14226000000.0,4626000000.0,448000000.0,8810000000.0,9600000000.0,0.0,3681000000.0,4233807282.04,4624807282.04,28.39754669751265,0.05085130533484677,0.05897652186138057,0.18136619109381755,0.0,28.39754669751265,0.03696498054474708,4.204376645521351,6.189776728128654,0.9152199053264158,0.36257309941520466,0.0,0.014644029798665322,0.07078588499929706,0.1793416572077185,0.012020244622522143,21.823748876494847,1.0,9.75,1.0411120356513093,0.23070464038133523,-0.1831737882865363,0.15217391304347827,10.0,0.0,0.5997658711178934,0.12036918125514857,-0.23005015110589289,Insurance—Property & Casualty,Financial Services,CINF
2009Q2,2009,Q2,2009-08-07,2009-06-30,-19000000.0,874000000.0,0.0,-0.12,874000000.0,1.0,13522000000.0,4144000000.0,254000000.0,8588000000.0,9378000000.0,0.0,3575000000.0,3635532018.75,4220532018.75,25.475886203814774,0.029576152771308803,0.06204703446235764,0.20246138996138996,0.0,25.475886203814774,-0.004584942084942085,4.159647618707094,-47.83594761513159,0.877300197574807,-3.210526315789474,0.0,0.016778837233559434,0.06463540896317113,0.16476478807638564,-0.001405117586155894,34.62411446428571,1.0,-1.5454545454545454,-1.1333105826170715,0.029798975145958653,-0.26155339111397,-0.017977528089887642,-1.542857142857143,0.0,-1.154875519538054,-0.04138210536690759,-0.264822769197971,Insurance—Property & Casualty,Financial Services,CINF
2009Q1,2009,Q1,2009-04-30,2009-03-31,35000000.0,890000000.0,0.0,0.22,890000000.0,1.0,13108000000.0,3881000000.0,515000000.0,8437000000.0,9227000000.0,0.0,3551000000.0,3720117103.75,4044117103.75,23.859052692327495,0.06104065426099324,0.06400671345743057,0.21618139654728163,0.0,23.859052692327495,0.009018294254058232,4.179906858146067,26.572265026785715,0.9585460200334965,1.8,0.0,0.016934950767139544,0.06789746719560574,0.19959701315633518,0.0026701251144339334,116.2536594921875,1.0,-0.7755696850931677,-0.7393157439984273,0.11242404679291866,-0.31919674951652494,-0.12573673870333987,-0.782608695652174,0.0,-0.9313460618990325,-0.40033235469386963,-0.3226574770150141,Insurance—Property & Casualty,Financial Services,CINF
2008Q4,2008,Q4,2009-02-27,2008-12-31,161000000.0,1018000000.0,0.0,0.9802597304705852,1018000000.0,1.0,13369000000.0,4182000000.0,1009000000.0,8396000000.0,9187000000.0,0.0,3579000000.0,4774520317.95,4605520317.95,25.462398713217315,0.12017627441638876,0.06283192460169047,0.20086083213773315,0.0,25.462398713217315,0.038498326159732185,4.690098544155206,7.413851425388199,1.141683481097561,0.39751552795031053,0.0,0.013404487935550182,0.07614630862442966,0.26476893758932823,0.012042785548657342,-795.753386325,1.0,-0.34649351301960984,0.34044818957373046,0.3031658300046744,-0.27602077159710914,-0.14165261382799327,-0.3481781376518219,0.0,-0.06459188744216943,0.12046165220508785,-0.26940208870660975,Insurance—Property & Casualty,Financial Services,CINF
2008Q3,2008,Q3,2008-10-29,2008-09-30,247000000.0,1186000000.0,0.0,1.5,1186000000.0,1.0,14303000000.0,4687000000.0,347000000.0,8825000000.0,9616000000.0,0.0,3482000000.0,4671047741.400001,5184047741.400001,28.537126439227535,0.03932011331444759,0.060127246032300914,0.1834862385321101,0.0,28.537126439227535,0.05269895455515255,3.9384888207419904,4.727781114777328,0.9965964884574355,0.2550607287449393,0.0,0.01348733806371196,0.08291966720268475,0.19671388101983003,0.01726910438369573,33.36462672428572,1.0,2.947368421052632,1.5508062986375886,0.5236747772269855,-0.12695991954912642,0.29334787350054525,2.9206349206349205,0.0,1.24459213758701,0.33579262246898645,-0.17151305823307658,Insurance—Property & Casualty,Financial Services,CINF
2008Q2,2008,Q2,2008-08-06,2008-06-30,63000000.0,917000000.0,0.0,0.38,917000000.0,1.0,14811000000.0,4707000000.0,333000000.0,9313000000.0,10104000000.0,0.0,3298000000.0,4192129360.2,4719129360.2,28.51958747625481,0.035756469451304625,0.0580649517250692,0.18270660718079457,0.0,28.51958747625481,0.01338432122370937,4.571569640348963,16.635433969047618,0.8906159677501593,1.0158730158730158,0.0,0.015266704459937434,0.061913442711498214,0.16782991517233975,0.0042535953007899535,28.51788680408163,1.0,2.4615384615384617,-0.20596011300300335,0.2165991251065096,-0.15104014807612418,0.3025568181818182,2.5,0.0,-0.5758718656486211,0.03766006203366924,-0.1835009725563356,Insurance—Property & Casualty,Financial Services,CINF
2008Q1,2008,Q1,2008-04-30,2008-03-31,-42000000.0,704000000.0,0.0,-0.26,704000000.0,1.0,15945000000.0,5449000000.0,237000000.0,9705000000.0,10496000000.0,0.0,3298000000.0,6280606030.44,6903606030.44,33.003178195763795,0.024420401854714065,0.05393540294763249,0.15782712424298037,0.0,33.003178195763795,-0.007707836300238576,8.921315384147727,-37.384559705,1.1526162654505414,-1.4047619047619047,0.0,0.009393997922182462,0.044151771715271244,0.15301391035548687,-0.002634054562558796,37.60841934395209,1.0,-1.2409886029032258,-1.8013067489997339,0.08287321424736716,0.14861807424876708,-0.2786885245901639,-1.2258064516129032,0.0,-1.3102232863161298,-0.18254325552131465,-0.03517894619900104,Insurance—Property & Casualty,Financial Services,CINF
2007Q4,2007,Q4,2008-02-29,2007-12-31,186000000.0,976000000.0,0.0,1.0788891958696014,976000000.0,1.0,16637000000.0,5929000000.0,226000000.0,9917000000.0,10708000000.0,0.0,3404000000.0,6816677772.059999,7450677772.059999,34.391043238230466,0.02278914994453968,0.051692011780970125,0.14504975543936582,0.0,34.391043238230466,0.031371226176420984,6.984300995963114,9.162201306532259,1.1497179578444932,0.3225806451612903,0.0,0.008801941650509909,0.058664422672356796,0.15387718059897146,0.011179900222395865,41.064323928072284,1.0,0.4984572164855576,2.440246946823746,0.40015888605128147,0.09701674587334148,-0.006109979633401222,0.5,0.0,-0.016637451681352926,0.05172176936812507,-0.03689669280039509,Insurance—Property & Casualty,Financial Services,CINF
2007Q3,2007,Q3,2007-11-05,2007-09-30,124000000.0,982000000.0,0.0,0.72,982000000.0,1.0,17622000000.0,6538000000.0,183000000.0,10293000000.0,11084000000.0,0.0,3277000000.0,7652815536.21,8329815536.21,37.92353528277126,0.017779073156514134,0.048802633072295994,0.13153869684918937,0.0,37.92353528277126,0.01896604466197614,7.793091177403259,15.429063581068549,1.1705132358840624,0.49193548387096775,0.0,0.00797092255933426,0.05572579729883101,0.14359273292528904,0.00703665872205198,45.552473429821426,1.0,-0.6435643564356436,0.7838317502049055,0.39142182677824955,0.227457978512832,-0.22677165354330708,-0.6467236467236467,0.0,0.39856006871985383,0.134030045813247,0.09083147180883798,Insurance—Property & Casualty,Financial Services,CINF
2007Q2,2007,Q2,2007-08-07,2007-06-30,351000000.0,1270000000.0,0.0,2.02,1270000000.0,1.0,18264000000.0,6826000000.0,122000000.0,10647000000.0,11438000000.0,0.0,3213000000.0,7526583024.8,8244583024.8,39.36027796728809,0.011458626843242227,0.045992115637319315,0.12305889246996778,0.0,39.36027796728809,0.051421037210665106,5.926443326614173,5.3608141202279205,1.102634489422795,0.1737891737891738,0.0,0.008104607336291347,0.06953569864213754,0.14464168310322156,0.01921813403416557,75.265830248,1.0,0.8198198198198197,9.32819806064195,0.8605180232683486,0.13937478871110048,0.2318137730358875,0.8092783505154639,0.0,1.3099387336103938,0.40354733175667734,0.14090098994880626,Insurance—Property & Casualty,Financial Services,CINF
2007Q1,2007,Q1,2007-05-02,2007-03-31,194000000.0,1031000000.0,0.0,1.11,1031000000.0,1.0,18221000000.0,6708000000.0,197000000.0,10722000000.0,11513000000.0,0.0,2923000000.0,7389224256.8,8032224256.8,38.491077021821425,0.018373437791456816,0.04610065309258548,0.1252236135957066,0.0,38.491077021821425,0.028920691711389387,7.167045835887488,9.522196207216494,1.1015540036970781,0.29896907216494845,0.0,0.007849267796497715,0.05658306349816146,0.1391531430703227,0.01064705559519236,36.762309735323385,1.0,0.49645130715384633,1.6509472658071729,0.5380220090978229,0.07232862447081818,0.03722334004024145,0.49230769230769234,0.0,0.348670767217639,0.20280848386184577,0.09831897724475379,Insurance—Property & Casualty,Financial Services,CINF
