Quarters,Year,Quarter,FillingDate,Date,NetIncome,Revenue,OperatingIncome,EPSDiluted,GrossProfit,GrossProfitRatio,TotalAssets,CommonStockEquity,CurrentAssets,CurrentLiability,TotalLiability,Inventory,RetainedEarnings,MarketCap,EnterpriseValue,bookValuePerShare,currentRatio,debtToAssets,debtToEquity,roic,shareholdersEquityPerShare,roe,priceToSalesRatio,peRatio,pbRatio,payoutRatio,inventoryTurnover,dividendYield,assetTurnover,quickRatio,returnOnAssets,priceToFreeCashFlowsRatio,grossProfitMargin,epsdilutedGrowth,fiveYNetIncomeGrowthPerShare,fiveYRevenueGrowthPerShare,fiveYShareholdersEquityGrowthPerShare,grossProfitGrowth,netIncomeGrowth,operatingIncomeGrowth,threeYNetIncomeGrowthPerShare,threeYRevenueGrowthPerShare,threeYShareholdersEquityGrowthPerShare,Industry,Sector,Symbol
2023Q1,2023,Q1,2023-05-18,2023-03-31,3439186.0,0.0,-1218706.0,0.61,-1218706.0,0.0,232733023.0,223090984.0,611583.0,1767039.0,9642039.0,0.0,-8931018.0,2749500.0,2569750.0,9.915154844444444,0.3461061131078601,0.0,0.0,-0.01692215716637038,9.915154844444444,0.015416068988247414,0.0,0.19986560773392306,0.012324567988816617,0.0,0.0,0.0,0.0,0.10172384423886513,0.014777387221064885,-9.744333082887966,0.0,12.958810068649885,0.0,0.0,0.0,0.1610717742346289,13.076045004890947,-1.6938206220933316,0.0,0.0,0.0,Shell Companies,Financial Services,IVCPW
2022Q4,2022,Q4,2023-04-21,2022-12-31,244329.0,0.0,-452408.0,0.0437,-1452694.0,0.0,230768608.0,221980744.0,976114.0,912864.0,8787864.0,0.0,-7712312.0,1642450.6608000002,1180536.6608000002,9.9201680747377,1.0692874294527992,0.0,0.0,-0.0004306052088129619,9.9201680747377,0.0011006765523769936,0.0,1.6805727735962577,0.0073990681858422825,0.0,0.0,0.0,0.0,0.5060052757037193,0.001058761857245332,-23.7482202512977,0.0,-0.7268749999999999,0.0,0.0,0.0,-5.646872840912731,-0.735808844757731,-1.0700150535568032,0.0,0.0,0.0,Shell Companies,Financial Services,IVCPW
2022Q3,2022,Q3,2022-11-10,2022-09-30,924819.0,0.0,-218553.0,0.16,-218553.0,0.0,229380674.0,220824337.0,1085768.0,681337.0,8556337.0,0.0,-7260385.0,1129500.0,598425.0,9.814414977777778,1.593584378949037,0.0,0.0,-0.002332763901342912,9.814414977777778,0.004188030235091343,0.0,0.30533001592744097,0.0051149253535401765,0.0,0.0,0.0,0.0,0.7794600909681992,0.004031808712882237,-23.637619286790557,0.0,13.545454545454545,0.0,0.0,0.0,0.0,2.750279805352798,0.38579032566296073,0.0,0.0,0.0,Shell Companies,Financial Services,IVCPW
2022Q2,2022,Q2,2022-08-22,2022-06-30,246600.0,0.0,-355828.0,0.011,0.0,0.0,228969353.0,220431967.0,1151075.0,662386.0,8537386.0,0.0,-7041833.0,1959750.0,1380891.0,9.796976311111111,1.737770725830558,0.0,0.0,0.007288776439784372,9.796976311111111,0.0011187125141427423,0.0,1.9867700729927007,0.008890498173524894,0.0,0.0,0.0,0.0,0.8738998106844046,0.0010770000297812782,-19.874349691198393,0.0,1.170015455950541,0.0,0.0,0.0,0.0,1.692797824401317,0.16453669245489017,0.0,0.0,0.0,Shell Companies,Financial Services,IVCPW
2022Q1,2022,Q1,2022-05-19,2022-03-31,-355948.0,0.0,-425905.0,-0.0647,0.0,0.0,228924016.0,220486581.0,1651993.0,562435.0,8437435.0,0.0,-6763981.0,5388900.0,4711434.0,10.022117318181818,2.937215856054477,0.0,0.0,-0.001582939471421871,10.022117318181818,-0.0016143748902342496,0.0,-3.78489273714138,0.024440943188284096,0.0,0.0,0.0,0.0,1.2045231893463244,-0.001554873998016879,-27.166586847478133,0.0,0.8864912280701754,0.0,0.0,0.0,0.0,0.5693387294846434,-2.0535421102818345,0.0,0.0,0.0,Shell Companies,Financial Services,IVCPW
2021Q4,2021,Q4,2022-04-08,2021-12-31,-826515.0,0.0,-139479.0,-0.57,0.0,0.0,203951345.0,-5484056.0,1950864.0,435401.0,7435401.0,0.0,-5484631.0,0.0,-875831.0,0.0,4.480614422107436,0.0,0.0,0.043522441542164135,0.0,0.1507123559642717,0.0,0.0,0.0,,0.0,,0.0,2.011550272048066,-0.004052510661305029,0.0,0.0,0.0,0.0,0.0,0.0,0.0,0.0,0.0,0.0,0.0,0.0,Shell Companies,Financial Services,IVCPW
2021Q3,2021,Q3,2021-09-30,2021-09-30,0.0,0.0,0.0,0.0,0.0,0.0,1039344.0,18272.0,0.0,1021072.0,1021072.0,0.0,-6728.0,0.0,6268.0,0.0,0.0,0.006030727074000523,0.3430385288966725,,0.0,0.0,0.0,0.0,0.0,0.0,0.0,,0.0,0.0,0.0,0.0,0.0,0.0,0.0,0.0,0.0,0.0,0.0,0.0,0.0,0.0,0.0,Shell Companies,Financial Services,IVCPW
2021Q1,2021,Q1,2021-02-28,2021-02-28,,,,,,,160695.0,19500.0,0.0,141195.0,141195.0,0.0,-5500.0,0.0,14750.0,0.0,0.0,0.09178879243286972,0.7564102564102564,,0.0,,0.0,0.0,0.0,0.0,0.0,,,0.0,,0.0,0.0,0.0,0.0,0.0,0.0,0.0,0.0,0.0,0.0,0.0,0.0,Shell Companies,Financial Services,IVCPW
