Quarters,Year,Quarter,FillingDate,Date,NetIncome,Revenue,OperatingIncome,EPSDiluted,GrossProfit,GrossProfitRatio,TotalAssets,CommonStockEquity,CurrentAssets,CurrentLiability,TotalLiability,Inventory,RetainedEarnings,MarketCap,EnterpriseValue,bookValuePerShare,currentRatio,debtToAssets,debtToEquity,roic,shareholdersEquityPerShare,roe,priceToSalesRatio,peRatio,pbRatio,payoutRatio,inventoryTurnover,dividendYield,assetTurnover,quickRatio,returnOnAssets,priceToFreeCashFlowsRatio,grossProfitMargin,epsdilutedGrowth,fiveYNetIncomeGrowthPerShare,fiveYRevenueGrowthPerShare,fiveYShareholdersEquityGrowthPerShare,grossProfitGrowth,netIncomeGrowth,operatingIncomeGrowth,threeYNetIncomeGrowthPerShare,threeYRevenueGrowthPerShare,threeYShareholdersEquityGrowthPerShare,Industry,Sector,Symbol
2023Q1,2023,Q1,2023-04-18,2023-03-31,298000000.0,10045000000.0,970000000.0,0.04,10045000000.0,1.0,108327000000.0,24033000000.0,21692000000.0,24388000000.0,78206000000.0,1611000000.0,0.0,22301459078.4,23609459078.4,4.229672650475185,0.8894538297523372,0.07980466550352175,0.359713726958765,0.01610398848774459,4.229672650475185,0.012399617193026256,2.2201552093977104,18.70927775033557,0.9279515282486581,0.4865771812080537,0.0,0.006501816741687509,0.09272849797372769,0.8231097260948007,0.0027509300543724093,-20.200596991304348,1.0,-0.5,-0.67874278202309,-0.2564531749586147,0.2231672220083632,0.48112651135358303,-0.43238095238095237,-0.1431095406360424,-0.3370578249870389,-0.20177062164382029,0.535668909956749,Telecom Services - Foreign,Technology,TEF
2022Q4,2022,Q4,2022-12-31,2022-12-31,525000000.0,10200000000.0,1132000000.0,0.08,6782000000.0,0.6649019608,109642000000.0,25088000000.0,22589000000.0,23100000000.0,77934000000.0,1546000000.0,0.0,19055122829.399998,20487122829.399998,4.402175820319354,0.9778787878787879,0.07913938089418289,0.3458625637755102,0.01750944659913741,4.402175820319354,0.020926339285714284,1.8681492969999998,9.073868013999999,0.7595313627790178,1.379047619047619,2.2108667529107375,0.03799503191251783,0.09303004323160832,0.9106493506493506,0.004788311048685723,20.185511471822032,0.6649019607843137,0.14285714285714277,-0.3184609740145799,-0.30282316928523806,0.3339217157669816,-0.0339031339031339,0.14130434782608695,-0.2581913499344692,3.3322226063631106,-0.2617973864020442,0.3151493834042048,Telecom Services - Foreign,Technology,TEF
2022Q3,2022,Q3,2022-09-30,2022-09-30,460000000.0,10343000000.0,1526000000.0,0.07,7020000000.0,0.6787199072,115041000000.0,25724000000.0,24120000000.0,24698000000.0,82419000000.0,1868000000.0,0.0,21660621941.444492,63136621941.44449,3.9145217393857297,0.9765972953275569,0.4237706556792796,1.895156274296377,0.018107125439389252,3.9145217393857297,0.017882133416264965,2.094230101657594,11.772077142089397,0.8420394161656232,0.05652173913043478,1.7789079229122056,0.0012003348782083092,0.08990707660747038,0.8300267228115636,0.0039985744212932784,18.818959115069063,0.6787199071836024,0.22807017543859656,-0.5724076281008382,-0.36753835962085335,0.15704042415086597,-0.300796812749004,0.4375,-0.015483870967741935,1.808081264161053,-0.32371849447270956,0.18637336584204228,Telecom Services - Foreign,Technology,TEF
2022Q2,2022,Q2,2022-06-30,2022-06-30,320000000.0,10040000000.0,1550000000.0,0.057,10040000000.0,1.0,111141000000.0,24909000000.0,22108000000.0,24139000000.0,79456000000.0,1565000000.0,0.0,27711640295.999996,30044640295.999996,4.421192758253461,0.9158622975268238,0.07844089939806193,0.349993978080212,0.022940231658732813,4.421192758253461,0.012846762214460636,2.760123535458167,21.649718981249997,1.1125151670480549,0.5625,0.0,0.006495465374021251,0.09033569969678157,0.8494138116740544,0.0028792254883436355,42.567803834101376,1.0,-0.592857142857143,-0.6455831719458637,-0.29557262563711495,0.34204956452761043,0.0669500531349628,-0.5876288659793815,0.42201834862385323,-0.6625064758464312,-0.24826249924935703,0.26751087584093963,Telecom Services - Foreign,Technology,TEF
2022Q1,2022,Q1,2022-03-31,2022-03-31,776000000.0,9410000000.0,1090000000.0,0.14,9410000000.0,1.0,111266000000.0,24681000000.0,23149000000.0,25983000000.0,79436000000.0,1639000000.0,0.0,24474096000.0,25057096000.0,4.380724174653887,0.8909286841396298,0.07814606438624558,0.3522952878732628,0.023109264934455354,4.380724174653887,0.0314411895790284,2.6008603613177472,7.884695876288661,0.9916168712775011,0.04896907216494845,0.0,0.0015526620472519187,0.08457210648356192,0.8259631297386753,0.006974277856667805,14.303971946230275,1.0,1.736842105263158,-0.1049865501177293,-0.35618061698635556,0.09280631638566808,-0.02728964234029357,1.7334593572778827,1.5888708806050784,-0.23739928281775802,-0.28514899298835084,0.15303520937678922,Telecom Services - Foreign,Technology,TEF
2021Q4,2021,Q4,2021-12-31,2021-12-31,-1058000000.0,9674000000.0,-1851000000.0,-0.19,9674000000.0,1.0,109213000000.0,22207000000.0,24929000000.0,25495000000.0,80529000000.0,1749000000.0,0.0,21220538560.0,60811538560.0,3.9179604798870855,0.9777995685428515,0.44107386483294114,2.169180888908903,-0.020213580712791723,3.9179604798870855,-0.047642635205115504,2.1935640438288195,-5.01430495274102,0.9555788066825776,-2.8459357277882797,0.0,0.14189083804289648,0.08857919844707132,0.8460874681310061,-0.009687491415857086,-10.212001231953801,1.0,-2.5833333333333335,-7.550020093311378,-0.3714500800996489,0.09034831221399153,0.0,-2.498583569405099,-2.1722609246358453,-2.5688784895357317,-0.3225489825955183,0.11926134620722618,Telecom Services - Foreign,Technology,TEF
2021Q3,2021,Q3,2021-09-30,2021-09-30,706000000.0,9298000000.0,1579000000.0,0.12,0.0,0.0,109156000000.0,23302000000.0,25285000000.0,21945000000.0,76746000000.0,2094000000.0,0.0,22666857573.0,20803857573.0,4.175237412650063,1.152198678514468,0.07262999743486387,0.3402283065831259,0.028424435786438357,4.175237412650063,0.030297828512574027,2.4378207757582278,8.026507639164306,0.9727430080250623,0.17138810198300283,0.0,0.005338190334073089,0.08518084209754846,1.0419685577580315,0.006467807541500238,27.048756053699282,0.0,-0.9136690647482015,-0.36814030600480513,-0.3746095177664279,0.19417578470972258,0.0,-0.9088208704636446,-0.8609178190786576,-0.43058058359613754,-0.26988361336534356,0.3154576423927286,Telecom Services - Foreign,Technology,TEF
2021Q2,2021,Q2,2021-06-30,2021-06-30,7743000000.0,9965000000.0,11353000000.0,1.39,0.0,0.0,113610000000.0,23362000000.0,29596000000.0,24458000000.0,81011000000.0,1523000000.0,0.0,22142645405.0,15295645405.0,4.185988174162336,1.2100744132799084,0.06755567291611654,0.3285249550552179,0.2667119260597545,4.185988174162336,0.3314356647547299,2.2220416864024086,0.7149246224008783,0.9478060698998374,0.05760041327650781,0.0,0.020142128090046972,0.0877123492650295,1.0898683457355467,0.0681542117771323,18.607265046218487,0.0,8.266666666666667,13.649600314430872,-0.39333509574105757,0.2736693273307969,0.0,7.739277652370204,7.144189383070302,6.88594995452976,-0.24618141697586318,0.44805083118077704,Telecom Services - Foreign,Technology,TEF
2021Q1,2021,Q1,2021-03-31,2021-03-31,886000000.0,10340000000.0,1394000000.0,0.15,0.0,0.0,103010000000.0,12227000000.0,33442000000.0,27249000000.0,83858000000.0,1486000000.0,0.0,20858084208.0,21319084208.0,2.254240412979351,1.2272743953906566,0.052431802737598295,0.4417273247730433,0.04968918207099933,2.254240412979351,0.07246258280853848,2.0172228441005804,5.885463941309255,1.7059036728551566,0.05869074492099323,0.0,0.002493038165991088,0.10037860401902728,0.5494880546075085,0.008601106688671003,56.070118838709675,0.0,-0.06250000000000006,0.03797602484566493,-0.12832220847229153,-0.3803980224971472,0.0,-0.027442371020856202,-0.052345343303874914,0.0005801905245240711,-0.19821030585058116,-0.3481025101615922,Telecom Services - Foreign,Technology,TEF
2020Q4,2020,Q4,2020-12-31,2020-12-31,911000000.0,10909000000.0,1471000000.0,0.16,0.0,0.0,105051000000.0,11235000000.0,33655000000.0,28117000000.0,86791000000.0,1718000000.0,0.0,18042395580.0,63289395580.0,2.0671573137074515,1.196962691610058,0.4840601231782658,4.526123720516244,0.020032011555415088,2.0671573137074515,0.08108589230084558,1.6539000440003666,4.9512611361141605,1.6059097089452605,0.4862788144895719,0.0,0.024553280523960223,0.10384479919277304,0.5450439236049365,0.008671978372409591,7.117315810650887,0.0,5.0,1.455091936060549,-0.15976333981483365,-0.4252953731831165,0.0,6.69375,1.7040441176470589,0.24007773888178657,-0.21814390818988122,-0.37362201256630595,Telecom Services - Foreign,Technology,TEF
2020Q3,2020,Q3,2020-09-30,2020-09-30,-160000000.0,10461000000.0,544000000.0,-0.04,0.0,0.0,105872000000.0,10866000000.0,33397000000.0,28988000000.0,88455000000.0,2075000000.0,0.0,15507436476.8,15197436476.8,2.0571753123816734,1.1520974196219125,0.05292239685658153,0.5156451316031658,-0.16548438875368923,2.0571753123816734,-0.014724829744156084,1.4824047869993309,-24.230369494999998,1.427152261807473,-3.23125,0.0,0.033338843642755606,0.09880799455946804,0.620705119359735,-0.001511258878645912,8.400561471722643,0.0,-1.5714285714285714,-1.1675287538485526,-0.187627856833322,-0.5024965323390383,0.0,-1.3764705882352941,-0.47337850919651503,-1.1850348339357495,-0.2041664160480171,-0.391947432034369,Telecom Services - Foreign,Technology,TEF
2020Q2,2020,Q2,2020-06-30,2020-06-30,425000000.0,10340000000.0,1033000000.0,0.07,0.0,0.0,110400000000.0,12687000000.0,34487000000.0,29054000000.0,90899000000.0,1467000000.0,0.0,22600421940.4,21468421940.4,2.4019310867095798,1.1869966269704688,0.05147644927536232,0.4479388350279814,0.029510947309793294,2.4019310867095798,0.033498857097816664,2.1857274603868473,13.294365847294118,1.7813842468983998,0.4047058823529412,0.0,0.0076104773819526215,0.09365942028985508,0.6266951194327803,0.0038496376811594205,17.587876996420235,0.0,0.16666666666666682,-0.7932072666896403,-0.1988972506382691,-0.514741225415341,0.0,0.046798029556650245,-0.05316223648029331,-0.49792137570154155,-0.2261772453382323,-0.27089571859849637,Telecom Services - Foreign,Technology,TEF
2020Q1,2020,Q1,2020-03-31,2020-03-31,406000000.0,11366000000.0,1091000000.0,0.06,0.0,0.0,111953000000.0,14135000000.0,22513000000.0,28639000000.0,90479000000.0,1626000000.0,0.0,21434150568.400005,22785150568.400005,2.754286827747467,0.7860958832361465,0.05691674184702509,0.4507958967102936,0.028608126467699734,2.754286827747467,0.02872302794481783,1.8858130009150103,13.198368576600988,1.5163884378068626,0.4039408866995074,0.0,0.007651341231211763,0.10152474699204131,0.7008624602814344,0.0036265218439881022,42.02774621254903,0.0,2.1999999999999997,-0.7960750720382567,-0.1087736329556049,-0.4649242026396075,-1.0,3.00990099009901,0.1923497267759563,-0.48592785882734324,-0.14628626080787946,-0.31292135215564365,Telecom Services - Foreign,Technology,TEF
2019Q4,2019,Q4,2019-12-31,2019-12-31,-202000000.0,12399000000.0,915000000.0,-0.05,8655000000.0,0.6980401645293975,118877000000.0,17118000000.0,24328000000.0,30191000000.0,93427000000.0,1999000000.0,13378000000.0,31820629457.6,82486629457.6,3.347281971059836,0.8058030538902322,0.4770308806581593,3.312770183432644,-0.005012826814750651,3.347281971059836,-0.011800443977100129,2.5663867616420677,-39.38196715049504,1.8588987882696575,-5.465346534653466,1.872936468234117,0.03469447395662131,0.10430108431403888,0.6567851346427743,-0.0016992353440951572,11.829230281635688,0.6980401645293975,0.5,-2.2122681802276514,-0.08779820101681662,-0.26047499905308397,0.012873025160912814,0.5440180586907449,4.414201183431953,-2.386045387389736,-0.107127452539928,-0.06846859063912808,Telecom Services - Foreign,Technology,TEF
2019Q3,2019,Q3,2019-09-30,2019-09-30,-443000000.0,11902000000.0,169000000.0,-0.1,8545000000.0,0.7179465636027559,124343000000.0,16874000000.0,27220000000.0,30897000000.0,99108000000.0,2347000000.0,0.0,35530108223.99999,33892108223.999992,3.2995698083691827,0.8809916820403275,0.057421809028252495,0.42313618584805024,0.003925163794232794,3.2995698083691827,-0.026253407609339814,2.9852216622416394,-20.05085114221219,2.1056126718027732,-0.7110609480812641,1.4303365999147848,0.008865720250951073,0.09571909958743154,0.7761271320840211,-0.0035627256862067022,29.29110323495465,0.7179465636027559,-1.625,-1.407512309625646,-0.20372589664954746,-0.3874918331478516,-0.03783357729985362,-1.513921113689095,-0.906319290465632,-1.4326841403587223,-0.12635907426875195,-0.056277290202558006,Telecom Services - Foreign,Technology,TEF
2019Q2,2019,Q2,2019-06-30,2019-06-30,862000000.0,12142000000.0,1804000000.0,0.16,8881000000.0,0.7314281008071158,122744000000.0,17866000000.0,26774000000.0,31877000000.0,96295000000.0,1707000000.0,0.0,37458274425.0,37205274425.0,3.4880905896134324,0.8399159268438059,0.05975852180147299,0.41055636404343443,0.04242633763035361,3.4880905896134324,0.04824806895779693,3.0850168361884367,10.863768684744779,2.0966234425724837,1.3375870069605569,1.9103690685413006,0.030780916037885537,0.09892133220361077,0.6805220064623396,0.007022746529361924,20.48019378075451,0.7314281008071158,0.0,-0.3778698919907965,-0.16671845860800022,-0.28587380046956773,0.020101079715138984,-0.06911447084233262,0.09333333333333334,0.7770360200358563,-0.19455804965985177,0.06132024508904706,Telecom Services - Foreign,Technology,TEF
2019Q1,2019,Q1,2019-03-31,2019-03-31,926000000.0,11979000000.0,1650000000.0,0.16,8706000000.0,0.7267718507387929,123788000000.0,19479000000.0,26591000000.0,30877000000.0,95271000000.0,1588000000.0,0.0,38345602050.0,87215602050.0,3.799297834991223,0.8611911778994074,0.46229036740233304,2.937830484111094,0.01000052662171903,3.799297834991223,0.04753837465989014,3.2010687077385422,10.35248435475162,1.9685611196673343,0.183585313174946,2.0610831234256928,0.004433363695224599,0.0967702846802598,0.7619263529487968,0.0074805312308139724,23.510485622317596,0.7267718507387929,0.4545454545454546,0.17554688935714913,-0.13968368897626188,-0.20331312217512607,-0.023881601076353853,0.5180327868852459,0.5449438202247191,0.1476803621015886,0.06834708855023063,0.04427745955082052,Telecom Services - Foreign,Technology,TEF
2018Q4,2018,Q4,2018-12-31,2018-12-31,610000000.0,12917000000.0,1068000000.0,0.11,8919000000.0,0.6904854068282109,114047000000.0,17947000000.0,23340000000.0,29649000000.0,87067000000.0,1692000000.0,14885000000.0,37888423358.4,84381423358.4,3.5004876145894284,0.7872103612263482,0.45757450875516237,2.9077283111383516,0.016287795188700067,3.5004876145894284,0.033988967515462196,2.933221596222033,15.528042360000002,2.111128509411044,1.7606557377049181,2.362884160756501,0.02834638934010671,0.11326032249861899,0.6184694256130056,0.0053486720387208786,18.259481136578312,0.6904854068282109,-0.47619047619047616,-0.6274543716668446,-0.20866008915628245,-0.25082790443481384,0.0703228129125165,-0.46444249341527655,-0.4454828660436137,1.3230329542289598,0.05466510012785176,-0.0268053549288572,Telecom Services - Foreign,Technology,TEF
2018Q3,2018,Q3,2018-09-30,2018-09-30,1139000000.0,11699000000.0,1926000000.0,0.21,8333000000.0,0.7122831011197538,113263000000.0,16273000000.0,22015000000.0,28188000000.0,88069000000.0,1813000000.0,0.0,34915144807.2,84765144807.2,3.173980885508094,0.7810061018873279,0.49431853297193257,3.4405456891783937,0.020961935969275904,3.173980885508094,0.06999324033675414,2.9844554925378235,7.663552415978929,2.145587464339704,0.25197541703248466,1.8565912851627138,0.008219928675215362,0.10329057150172608,0.7136370086561657,0.010056240784722283,28.066836661736332,0.7122831011197538,0.31249999999999994,-0.07832299268013937,-0.2669161139662957,-0.3097450955126079,-0.051127305852880896,0.26274944567627495,-0.06459446333171442,0.22864998274594525,-0.06402199961239564,-0.2324103408562984,Telecom Services - Foreign,Technology,TEF
2018Q2,2018,Q2,2018-06-30,2018-06-30,902000000.0,12144000000.0,2059000000.0,0.16,8782000000.0,0.7231554677206851,110951000000.0,14821000000.0,19384000000.0,27839000000.0,87236000000.0,1220000000.0,0.0,37821878487.299995,88929878487.29999,2.8907743319680126,0.6962893782104242,0.49364133716685743,3.6954321570744213,0.01610058520847119,2.8907743319680126,0.0608595911207071,3.114449809560276,10.482782285837027,2.5519113748937317,1.2172949002217295,2.7557377049180327,0.029030816128519144,0.1094537228145758,0.6509572901325479,0.008129714919198566,37.37339771472332,0.7231554677206851,0.3333333333333334,-0.3077086373530016,-0.25414472401014243,-0.29504289557667446,-0.010255832300236674,0.07765830346475508,0.257020757020757,-0.5478443515664574,-0.030685919510384477,-0.4159809089888368,Telecom Services - Foreign,Technology,TEF
2018Q1,2018,Q1,2018-03-31,2018-03-31,837000000.0,12190000000.0,1638000000.0,0.12,8873000000.0,0.7278917145200985,114773000000.0,17729000000.0,20840000000.0,25735000000.0,87554000000.0,1174000000.0,0.0,41131528741.799995,92212528741.79999,3.457967622391262,0.8097921119098503,0.48707448615963683,3.1531953296858255,0.01590245150172992,3.457967622391262,0.047210784590219414,3.374202521886792,12.285402849999999,2.32001403022167,0.4002389486260454,2.8253833049403747,0.00814460367138155,0.10620964861073598,0.7641733048377696,0.007292655938243315,81.12727562485206,0.7278917145200985,-0.14285714285714296,-0.1882579379546655,-0.24591081322610206,-0.2754503720427559,-0.03112033195020747,0.2077922077922078,-0.006067961165048544,-0.5791831973965602,-0.043230305097614066,-0.32822000811344987,Telecom Services - Foreign,Technology,TEF
2017Q4,2017,Q4,2017-12-31,2017-12-31,693000000.0,13162000000.0,1648000000.0,0.14,9158000000.0,0.6957909132350707,115066000000.0,16920000000.0,19931000000.0,29066000000.0,88448000000.0,1117000000.0,18225000000.0,41297086749.600006,88699086749.6,3.3001755412521945,0.6857152686988234,0.45707680809274676,3.1083924349881795,0.016623393472595303,3.3001755412521945,0.040957446808510635,3.1375996618750954,14.897938942857142,2.4407261672340423,1.5353535353535352,3.584601611459266,0.025764529262110862,0.11438652599377748,0.60028899745407,0.00602263049032729,23.802355475273778,0.6957909132350707,-0.06666666666666654,0.28165525875324904,-0.24528959704062178,-0.2766097794576955,0.006594856012310398,-0.17401668653158522,-0.07050197405527354,3.148374703581658,-0.03411914671953713,-0.27088236325164644,Telecom Services - Foreign,Technology,TEF
2017Q3,2017,Q3,2017-09-30,2017-09-30,839000000.0,12754000000.0,1773000000.0,0.15,9098000000.0,0.7133448329935707,115952000000.0,17339000000.0,18901000000.0,28289000000.0,89267000000.0,1228000000.0,0.0,46935920037.5,100647920037.5,3.383219512195122,0.6681395595461134,0.4951014212777701,3.310917584635792,0.017098257365277286,3.383219512195122,0.04838802699117596,3.6800940910694684,13.98567343191299,2.7069565740527133,0.30870083432657924,2.977198697068404,0.005518161778720199,0.10999379053401408,0.6246951111739545,0.007235752725265627,30.87889476151316,0.7133448329935707,0.0,-0.4700865323435843,-0.2930227150045604,-0.27655138530514073,-0.024656946826758147,0.02192448233861145,-0.015,-0.22986684523656212,-0.14855634706412343,-0.3719637098700251,Telecom Services - Foreign,Technology,TEF
2017Q2,2017,Q2,2017-06-30,2017-06-30,821000000.0,12960000000.0,1800000000.0,0.15,9328000000.0,0.7197530864197531,120351000000.0,16877000000.0,22876000000.0,32486000000.0,94817000000.0,1029000000.0,17566000000.0,46521245780.00001,102970245780.0,3.2943587741557683,0.7041802622668226,0.5192727937449626,3.702968537062274,0.018241486265474574,3.2943587741557683,0.048646086389761214,3.5896022978395066,14.16603099269184,2.7564878698820885,1.294762484774665,3.5296404275996114,0.02284977502595159,0.10768502131266047,0.6719817767653758,0.006821713155686284,42.640921888175995,0.7197530864197531,0.07142857142857129,-0.45618669943210144,-0.27340579045940594,-0.2833576057959698,-0.007870665815783875,0.05391527599486521,0.1464968152866242,-0.4075764297456133,-0.11075434296655905,-0.3255370378616463,Telecom Services - Foreign,Technology,TEF
2017Q1,2017,Q1,2017-03-31,2017-03-31,779000000.0,13132000000.0,1570000000.0,0.14,9402000000.0,0.7159610112701797,128124000000.0,20292000000.0,24338000000.0,33820000000.0,98221000000.0,1125000000.0,0.0,53002151383.8,110361151383.8,4.008692216515211,0.7196333530455352,0.5053697980081796,3.1909126749457912,0.013299488935151482,4.008692216515211,0.03838951310861423,4.036106562884557,17.0096763105905,2.6119727667947963,0.09370988446726572,3.3155555555555556,0.0013773025828968954,0.10249445849333458,0.685866351271437,0.00608004745402891,115.72522136200874,0.7159610112701797,13.0,-0.09475445650405563,-0.2640952402955591,-0.18578932960961422,-0.019296964639616148,4.409722222222222,1.3467862481315396,0.0016306470288651588,-0.04476628459812506,-0.15940454661834771,Telecom Services - Foreign,Technology,TEF
2016Q4,2016,Q4,2016-12-31,2016-12-31,144000000.0,13721000000.0,669000000.0,0.01,9587000000.0,0.6987100065592887,123641000000.0,18157000000.0,19974000000.0,35451000000.0,95256000000.0,1055000000.0,17093000000.0,43958674560.0,97064674560.0,3.5933109044132197,0.5634255733265634,0.4597342305545895,3.1305832461309686,0.0057771240081858815,3.5933109044132197,0.007930825576912486,3.203751516653305,76.31714333333333,2.421031809219585,4.194444444444445,3.9184834123222747,0.013740177702027602,0.1109745149262785,0.4935544836534936,0.0011646622075201592,21.15431884504331,0.6987100065592887,-0.9473684210526315,-0.9520978748857615,-0.24610023941089906,-0.25463212520768497,0.0204364023416711,-0.8535096642929807,-0.610593713620489,-0.9107668656987316,-0.14709395269855505,-0.23096192397406,Telecom Services - Foreign,Technology,TEF
2016Q3,2016,Q3,2016-09-30,2016-09-30,983000000.0,13080000000.0,1718000000.0,0.19,9395000000.0,0.7182721712538226,120667000000.0,17167000000.0,19478000000.0,34510000000.0,93574000000.0,1153000000.0,0.0,44112932640.0,102129932640.0,3.4963340122199593,0.564416111272095,0.50694058856191,3.5632900332032387,0.01836480601428115,3.4963340122199593,0.057261024057785284,3.372548366972477,11.21895540183113,2.56963550066989,0.09257375381485249,3.1960104076322637,0.0020628871071129945,0.10839749061466682,0.5303100550565054,0.008146386335949348,32.43597988235294,0.7182721712538226,1.0,3.103771856114015,-0.23925683202239317,-0.12138504224942437,-0.053209714803990726,1.113978494623656,-0.01434308663224326,-0.1694029725135077,-0.14415621411532886,-0.23964201842552219,Telecom Services - Foreign,Technology,TEF
2016Q2,2016,Q2,2016-06-30,2016-06-30,465000000.0,14451000000.0,1743000000.0,0.095,9923000000.0,0.6866652826793993,123006000000.0,16137000000.0,19153000000.0,31986000000.0,96781000000.0,1123000000.0,0.0,41779942212.0,102607942212.0,3.2865580448065175,0.5987932220346401,0.5179584735703949,3.9481935923653717,0.01619548833907872,3.2865580448065175,0.028815765012084032,2.891145402532697,22.462334522580644,2.5890774129020264,4.666666666666667,4.032056990204809,0.0519387985026158,0.11748207404516853,0.5629025198524354,0.0037803033998341545,53.22285632101911,0.6866652826793993,-0.3214285714285715,-0.7168711713310327,-0.13440394544554968,-0.2564655633723496,0.25782735454430217,-0.4007731958762887,0.30074626865671644,-0.6273362465452672,-0.07322879015963227,-0.19852531649930746,Telecom Services - Foreign,Technology,TEF
2016Q1,2016,Q1,2016-03-31,2016-03-31,776000000.0,10784000000.0,1340000000.0,0.14,7889000000.0,0.7315467359050445,122169000000.0,17940000000.0,31036000000.0,31399000000.0,94394000000.0,1248000000.0,0.0,48158981325.0,105747981325.0,3.638207260190631,0.9884391222650403,0.4943398079709255,3.3663879598662207,0.01028921636073156,3.638207260190631,0.043255295429208473,4.465780909217359,15.515135736146906,2.6844471195652173,0.05283505154639175,2.3197115384615383,0.0008513469112503079,0.08827116535291277,0.5063537055320233,0.006351856854030073,-668.874740625,0.7315467359050445,1.368421052631579,-0.5616073239273401,-0.3659382846522201,-0.34579078480454656,-0.07308189401950417,1.4235807860262009,1.7613636363636365,-0.21750309481487537,-0.30637106474266734,-0.23768467358304235,Telecom Services - Foreign,Technology,TEF
2015Q4,2015,Q4,2015-12-31,2015-12-31,-1832000000.0,11882000000.0,-1760000000.0,-0.38,8511000000.0,0.7162935532738596,122974000000.0,17891000000.0,31576000000.0,34869000000.0,95418000000.0,1360000000.0,20604000000.0,50623547536.8,104759547536.8,3.596903900281464,0.9055608133298919,0.461357685364386,3.171147504331787,-0.020565100722857547,3.596903900281464,-0.10239785366944273,4.260524115199462,-6.908235198799127,2.8295538280029064,,2.478676470588235,,0.09662205018947094,0.42220883879663884,-0.014897457999251875,0.0,0.7162935532738596,-3.235294117647059,-2.2476263959979277,-0.05502680218038586,-0.3362820874337492,-0.018452312305385767,-3.072398190045249,-2.1076148521082443,-4.4923760000204025,-0.29772770688650724,-0.21156766566822904,Telecom Services - Foreign,Technology,TEF
2015Q3,2015,Q3,2015-09-30,2015-09-30,884000000.0,11919000000.0,1589000000.0,0.17,8671000000.0,0.7274939172749392,123106000000.0,20216000000.0,33359000000.0,36249000000.0,93392000000.0,1545000000.0,0.0,52647568064.0,111049568064.0,4.134996931887912,0.9202736627217303,0.49915519958409826,3.0396220815195885,0.01341408966088174,4.134996931887912,0.04372774040364068,4.417112850406913,14.889018117647058,2.6042524764542936,,2.1022653721682847,,0.09681900151089305,0.4681232585726503,0.007180803535164817,0.0,0.7274939172749392,-0.5405405405405405,-0.8386648106647148,-0.2772851316431047,-0.16385001341477243,0.0032396158741177833,-0.5325224748810153,0.020552344251766216,-0.4147127090985086,-0.3074156084459379,-0.1157955339998419,Telecom Services - Foreign,Technology,TEF
2015Q2,2015,Q2,2015-06-30,2015-06-30,1891000000.0,11876000000.0,1557000000.0,0.37,8643000000.0,0.7277702930279556,130638000000.0,24056000000.0,32890000000.0,36316000000.0,95119000000.0,1180000000.0,0.0,62313005159.99999,120693005160.0,4.949794238683127,0.9056614164555568,0.4763009231617141,2.5865896242101765,0.023336934769271588,4.949794238683127,0.07860824742268041,5.246969110811721,8.238102215758857,2.590331109078816,,2.739830508474576,,0.09090769913807621,0.4617799317105408,0.014475114438371683,0.0,0.7277702930279556,-0.026315789473684233,-0.1702373049149778,-0.2781225597439223,0.1549945679012346,0.018621096051856217,0.049389567147613764,0.03044341495698213,0.32034152967335583,-0.29814854187435724,0.07675958728454697,Telecom Services - Foreign,Technology,TEF
2015Q1,2015,Q1,2015-03-31,2015-03-31,1802000000.0,11543000000.0,1511000000.0,0.38,8485000000.0,0.7350775361691069,124802000000.0,23910000000.0,33410000000.0,32171000000.0,92132000000.0,1003000000.0,0.0,61892530105.0,118263530105.0,5.147470398277718,1.038512946442448,0.4833977019599045,2.5231702216645755,0.009944272864728354,5.147470398277718,0.0753659556670849,5.361910257731958,8.586644021226414,2.5885625305311586,,3.0488534396809572,,0.09249050495985642,0.5623387522924372,0.014438871171936348,0.0,0.7350775361691069,18.0,0.06426914816721534,-0.18966938292002333,0.1006757987092003,0.020076941572493387,10.855263157894736,0.6195069667738478,1.2820236813778256,-0.29507022309040165,0.04550938246881577,Telecom Services - Foreign,Technology,TEF
2014Q4,2014,Q4,2014-12-31,2014-12-31,152000000.0,12399000000.0,933000000.0,0.02,8318000000.0,0.670860553270425,122299000000.0,21115000000.0,22864000000.0,29699000000.0,92010000000.0,934000000.0,22636000000.0,54995882329.5,104616882329.5,4.526259378349411,0.7698575709619853,0.4591206796457861,2.6592469808193226,-0.006932131121608894,4.526259378349411,0.007198673928486858,4.435509503145415,90.45375383141447,2.604588317759886,,4.369379014989294,,0.10138267688206772,0.6982389979460588,0.0012428556243305343,0.0,0.670860553270425,-0.9,-0.9316598033132133,-0.16880712419959998,-0.05388808521940864,-0.09439303211758301,-0.839493136219641,-0.5642223260158804,-0.9452311620121151,-0.2620751235997745,-0.06110870354815332,Telecom Services - Foreign,Technology,TEF
2014Q3,2014,Q3,2014-09-30,2014-09-30,947000000.0,13021000000.0,2141000000.0,0.2,9185000000.0,0.7053989708931726,120465000000.0,23999000000.0,27548000000.0,27999000000.0,89846000000.0,1350000000.0,0.0,54091207566.0,102641207566.0,5.386980920314254,0.9838922818672096,0.496376540903997,2.491603816825701,0.018738214594221637,5.386980920314254,0.03945997749906246,4.15415156792873,14.279621849524816,2.2538942275094795,,2.8414814814814813,,0.10808948657286349,0.9326047358834244,0.007861204499232142,0.0,0.7053989708931726,-0.23076923076923075,-0.5157116113419479,-0.07275524866796379,0.4020739875226908,0.016039823008849558,-0.21735537190082643,0.04184914841849149,3.233720787256141,-0.16534223238053639,0.3537270744621581,Telecom Services - Foreign,Technology,TEF
2014Q2,2014,Q2,2014-06-30,2014-06-30,1210000000.0,12725000000.0,2055000000.0,0.26,9040000000.0,0.7104125736738703,117439000000.0,21848000000.0,26876000000.0,28020000000.0,89703000000.0,1063000000.0,0.0,56116808748.0,105718808748.0,4.884417616811983,0.9591720199857244,0.5086300121765343,2.7340259978030024,0.024424207067198448,4.884417616811983,0.055382643720248995,4.4099653240078585,11.594381972727271,2.568510103808129,,3.466603951081844,,0.10835412426876932,0.8831548893647395,0.010303221246774921,0.0,0.7104125736738703,0.7333333333333335,-0.3269721547255603,-0.06594160606371167,0.3764160060249401,0.044845122515025426,0.7485549132947977,0.11806311207834602,-0.1912782866829644,-0.16332315099357678,0.10502618589359854,Telecom Services - Foreign,Technology,TEF
2014Q1,2014,Q1,2014-03-31,2014-03-31,692000000.0,12232000000.0,1838000000.0,0.15,8652000000.0,0.7073250490516677,112162000000.0,21479000000.0,24088000000.0,26427000000.0,84964000000.0,921000000.0,0.0,51522262193.6,99649262193.6,4.768872113676732,0.9114920346615204,0.4995542162229632,2.608640998184273,0.016692903158543517,4.768872113676732,0.03221751478187997,4.212088145323741,18.613534029479766,2.3987272309511614,,3.8870792616720955,,0.10905654321427935,0.8384228251409543,0.00616964747418912,0.0,0.7073250490516677,-0.5161290322580645,-0.5847534923518345,-0.1109698759726099,0.16969958126782564,-0.13807531380753138,-0.5220994475138122,-0.3350217076700434,-0.5719994925145901,-0.21261752349331575,-0.14247873753831494,Telecom Services - Foreign,Technology,TEF
2013Q4,2013,Q4,2013-12-31,2013-12-31,1448000000.0,14435000000.0,2764000000.0,0.31,10038000000.0,0.6953931416695531,118862000000.0,21185000000.0,29265000000.0,29144000000.0,91380000000.0,985000000.0,22517000000.0,53895763188.799995,101612763188.79999,4.672474636082929,1.0041517979687071,0.4853864144974845,2.723341987255133,0.031117942340965828,4.672474636082929,0.06835024781685155,3.733686400332525,9.305207732872928,2.544053018116592,,4.463959390862944,,0.12144335447830257,0.7637249519626681,0.01218219447762952,0.0,0.6953931416695531,0.2916666666666667,-0.2691782066046517,0.01862355265400505,0.23857255005948505,0.018052738336713996,0.32966023875114786,0.16624472573839663,0.08181229310475008,0.25942119011028253,-0.1378126305412165,Telecom Services - Foreign,Technology,TEF
2013Q3,2013,Q3,2013-09-30,2013-09-30,1089000000.0,14063000000.0,2370000000.0,0.24,9860000000.0,0.7011306264666145,121193000000.0,20775000000.0,29859000000.0,30785000000.0,93829000000.0,1179000000.0,0.0,51728016916.8,103395016916.8,4.598273572377158,0.9699204157869092,0.5038409809147393,2.939205776173285,0.02210258641627253,4.598273572377158,0.052418772563176896,3.67830597431558,11.875118667768595,2.489916578425993,,3.564885496183206,,0.11603805500317675,0.7501380542471983,0.008985667489046396,0.0,0.7011306264666145,-0.040000000000000036,-0.44334315260177465,-0.050854001411770336,0.2529124044944488,-0.03029110936270653,-0.05632582322357019,0.05333333333333334,-0.7849306470500682,-0.07726082891422703,-0.07016947069343313,Telecom Services - Foreign,Technology,TEF
2013Q2,2013,Q2,2013-06-30,2013-06-30,1154000000.0,14421000000.0,2250000000.0,0.25,10168000000.0,0.7050828652659317,121184000000.0,18621000000.0,23560000000.0,29355000000.0,96105000000.0,1069000000.0,0.0,45260466686.399994,100198466686.4,4.100638625853336,0.8025889967637541,0.5172134935304991,3.3659846409967242,0.022266701759175615,4.100638625853336,0.06197304119005424,3.13851096916996,9.805127098440206,2.430614182181408,,3.978484565014032,,0.1190008581991022,0.7332992675864418,0.009522709268550304,0.0,0.7050828652659317,0.24999999999999994,-0.4225891271256049,0.027020977302457897,0.041883978442313584,0.021601527177735357,0.2793791574279379,0.08906098741529525,-0.45805782119307104,-0.06184753295553221,-0.043149046323461435,Telecom Services - Foreign,Technology,TEF
2013Q1,2013,Q1,2013-03-31,2013-03-31,902000000.0,14141000000.0,2066000000.0,0.2,9953000000.0,0.7038398981684464,126673000000.0,21405000000.0,22587000000.0,31036000000.0,98007000000.0,1123000000.0,0.0,46510705800.00001,104687705800.0,4.7725752508361206,0.7277677535764918,0.5079535496909365,3.0060266292922213,0.016387048824422327,4.7725752508361206,0.042139686989021256,3.2890676614100847,12.890993847006653,2.1728897827610374,,3.7292965271593945,,0.11163389198961104,0.6868797525454311,0.00712069659674911,0.0,0.7038398981684464,0.8181818181818182,-0.3858282702201965,0.05303247664534912,0.12286887933312074,-0.05970713273500236,0.9069767441860465,-0.2592326998924346,-0.44827013286370565,0.02812742958232226,0.020512537162218496,Telecom Services - Foreign,Technology,TEF
2012Q4,2012,Q4,2012-12-31,2012-12-31,473000000.0,15256000000.0,2789000000.0,0.11,10585000000.0,0.6938253801782905,129773000000.0,20461000000.0,25596000000.0,31511000000.0,102112000000.0,1188000000.0,19453000000.0,45618998100.0,99176998100.0,4.562095875139353,0.8122877725238805,0.4885839119077158,3.098822149455061,0.028748445201430353,4.562095875139353,0.023117149699428182,2.9902332262716307,24.111521194503172,2.229558579737061,,3.9318181818181817,,0.1175591224676936,0.7378058455777348,0.0036448259653394776,0.0,0.6938253801782905,-0.6451612903225807,-0.5309195357181696,0.1083118271783596,0.06470816925985172,-0.06994112995343116,-0.6572463768115943,0.029531192321889995,-0.7788010923865435,0.06376337330273174,-0.04639727796272751,Telecom Services - Foreign,Technology,TEF
2012Q3,2012,Q3,2012-09-30,2012-09-30,1380000000.0,15724000000.0,2709000000.0,0.31,11381000000.0,0.7237980157720681,129113000000.0,20890000000.0,23716000000.0,30484000000.0,102919000000.0,1123000000.0,0.0,46032729821.99999,108243729822.0,4.676516677859861,0.7779818921401391,0.537002470703957,3.319004308281474,0.023692436503557582,4.676516677859861,0.06606031594064146,2.9275457785550745,8.339262648913042,2.2035773011967446,,3.867319679430098,,0.12178479316567657,0.7411100905392993,0.010688311788898097,0.0,0.7237980157720681,0.06896551724137938,-0.6363917621528449,0.17323001805855692,0.1225641626022084,0.014892099161762084,0.039939713639788994,-0.02868411617067049,-0.29617462597808336,0.11672139260437499,0.2171608704826905,Telecom Services - Foreign,Technology,TEF
2012Q2,2012,Q2,2012-06-30,2012-06-30,1327000000.0,15678000000.0,2789000000.0,0.29,11214000000.0,0.7152698048220436,128510000000.0,20700000000.0,21966000000.0,32011000000.0,102484000000.0,1238000000.0,0.0,47415599339.99999,112312599340.0,4.596935376415723,0.6862016181937459,0.5361450470780484,3.3285024154589373,0.022453192876726962,4.596935376415723,0.06410628019323672,3.0243397971680057,8.932855941974378,2.290608663768116,0.0,3.605815831987076,0.0,0.12199828807096724,0.6119771328605792,0.010326044665784764,35.14870225352112,0.7152698048220436,0.7058823529411762,-0.4549049090130266,0.16177201830857776,0.17840108461571413,0.01008827238335435,0.7740641711229946,0.11071286340103545,-0.2668116823150079,0.14315165097261917,0.2954042686650235,Telecom Services - Foreign,Technology,TEF
2012Q1,2012,Q1,2012-03-31,2012-03-31,748000000.0,15511000000.0,2511000000.0,0.17,11102000000.0,0.7157501128231578,129162000000.0,21663000000.0,22124000000.0,30729000000.0,101611000000.0,1190000000.0,0.0,54232424400.0,116049424400.0,4.923409090909091,0.7199713625565427,0.5229556680757498,3.118035359830125,0.01883459456483823,4.923409090909091,0.03452892027881641,3.4963847849912963,18.125810294117645,2.5034586345381524,0.0,3.705042016806723,0.0,0.12008950000774221,0.6812131862410101,0.0057911769715551014,-430.41606666666667,0.7157501128231578,-0.7118644067796609,-0.346128386681319,0.2385533673214833,0.3401369435617529,-0.018043516716787545,-0.7198501872659177,-0.25445368171021376,-0.5405405404970414,0.15399654273189872,0.20760410738012713,Telecom Services - Foreign,Technology,TEF
2011Q4,2011,Q4,2011-12-31,2011-12-31,2670000000.0,16165000000.0,3368000000.0,0.59,11306000000.0,0.6994123105474791,129623000000.0,21636000000.0,20823000000.0,32578000000.0,102240000000.0,1164000000.0,19248000000.0,59546468044.8,121409468044.8,4.820855614973262,0.6391736754865246,0.5091534681345131,3.0503789979663525,0.05124342911046701,4.820855614973262,0.12340543538546866,3.6836664426105785,5.575511989213483,2.752193938103161,0.0,4.1743986254295535,0.0,0.12470780648496023,0.5666707594081896,0.020598196307754026,19.371004568900457,0.6994123105474791,6.8999999999999995,1.7293057684314883,0.22159094809858407,0.3550208489061013,0.002127282396738167,7.223776223776224,8.67816091954023,0.3613909421516831,0.15239483204425724,0.27790515680822747,Telecom Services - Foreign,Technology,TEF
2011Q3,2011,Q3,2011-09-30,2011-09-30,-429000000.0,15786000000.0,348000000.0,-0.1,11282000000.0,0.7146838971240339,125290000000.0,17939000000.0,20423000000.0,32780000000.0,102124000000.0,1082000000.0,0.0,63443190137.600006,121266190137.6,3.9793700088731145,0.623032336790726,0.48828318301540424,3.4102792797814816,0.002754593325832959,3.9793700088731145,-0.02391437649813256,4.018952878347903,-36.97155602424243,3.5366068419421377,0.0,4.162661737523106,0.0,0.12599568999920185,0.5819707138499085,-0.003424056189640035,25.479192826345383,0.7146838971240339,-1.3030303030303032,-1.176104911176239,0.24976950051942387,0.17998741090518683,0.005794775786752251,-1.2789336801040312,-0.894257064721969,-1.2197755053311778,0.0677988827011702,0.08427695040615263,Telecom Services - Foreign,Technology,TEF
2011Q2,2011,Q2,2011-06-30,2011-06-30,1538000000.0,15634000000.0,3291000000.0,0.33,11217000000.0,0.7174747345528976,124332000000.0,20324000000.0,20111000000.0,33218000000.0,98284000000.0,1157000000.0,17176000000.0,77771783113.2,134440783113.2,4.420182688125272,0.6054247697031729,0.48147701315831803,2.9454339696910057,0.030851547060187147,4.420182688125272,0.0756740799055304,4.974528790661378,12.641707268075422,3.826598263786656,0.0,3.8176318063958514,0.0,0.12574397580671107,0.5627671744235053,0.012370105845639095,36.981351932097006,0.7174747345528976,-0.08333333333333326,0.2023956025679495,0.20267530008734108,0.6965921618802133,0.00799784327821711,-0.05295566502463054,0.07654563297350343,-0.23999225305829566,0.09960468125743048,0.12307324413095275,Telecom Services - Foreign,Technology,TEF
2011Q1,2011,Q1,2011-03-31,2011-03-31,1624000000.0,15604000000.0,3057000000.0,0.36,11128000000.0,0.713150474237375,126203000000.0,25159000000.0,21692000000.0,29065000000.0,94762000000.0,1059000000.0,0.0,80796572532.0,135609572532.0,5.561229000884174,0.7463271976604163,0.4779601118832357,2.397551572002067,0.025188195210800842,5.561229000884174,0.06454946540005564,5.177939793129966,12.437896017857142,3.211438154616638,0.0,4.2266288951841355,0.0,0.1236420687305373,0.696920694993979,0.012868156858394809,110.52882699316005,0.713150474237375,0.2,0.3408483988730016,0.36325916677378794,1.2915449422493452,0.7130541871921182,0.21921921921921922,0.07263157894736842,0.09624887466239875,0.15196009771111468,0.30841959481805264,Telecom Services - Foreign,Technology,TEF
2010Q4,2010,Q4,2010-12-31,2010-12-31,1332000000.0,11406000000.0,2850000000.0,0.3,6496000000.0,0.5695248115027178,129775000000.0,24452000000.0,21054000000.0,33492000000.0,98091000000.0,1028000000.0,19971000000.0,77375322883.2,134255322883.2,5.419326241134752,0.6286277319957004,0.4708148718936621,2.4987731064943564,0.01654208468262286,5.419326241134752,0.05447407165058073,6.78373863608627,14.522395436036033,3.164376038082774,2.4354354354354353,4.776264591439689,0.04192551163756564,0.08789057984973993,0.5462498507106175,0.010263918320169525,24.09695511778262,0.5695248115027178,-0.7321428571428571,0.17665978163412135,0.14692443617779766,1.0252166937044958,-0.4020618556701031,-0.7367068590630559,-0.6023440770196735,0.3130576275007032,-0.17633993201791495,0.26476976344654435,Telecom Services - Foreign,Technology,TEF
2010Q3,2010,Q3,2010-09-30,2010-09-30,5059000000.0,15227000000.0,7167000000.0,1.12,10864000000.0,0.7134694949760294,129611000000.0,22323000000.0,21778000000.0,35497000000.0,97875000000.0,1086000000.0,0.0,81879633782.4,140215633782.4,4.945281346920691,0.6135166352086092,0.4837166598514015,2.808538278905165,0.0672775954718623,4.945281346920691,0.2266272454419209,5.377266288986668,4.0462361031033796,3.667949369815885,0.000395335046451868,4.017495395948434,2.4426098501064614e-05,0.11748231245804754,0.5695129165845001,0.03903218091057086,33.59853663619204,0.7134694949760294,1.3829787234042556,2.858922485794466,0.6402551390365868,0.9689012036819848,-0.011914506593906322,1.3863207547169811,1.0320385596824497,0.3190878031993129,0.12431725675911152,0.18707918659211561,Telecom Services - Foreign,Technology,TEF
2010Q2,2010,Q2,2010-06-30,2010-06-30,2120000000.0,15304000000.0,3527000000.0,0.47,10995000000.0,0.7184396236278098,114984000000.0,19375000000.0,23477000000.0,37457000000.0,92994000000.0,1130000000.0,0.0,68424822318.600006,124569822318.6,4.285556292855563,0.6267720319299463,0.5461542475474849,3.2412387096774196,0.03228764230711876,4.285556292855563,0.10941935483870968,4.471041709265552,8.068964896061322,3.5316037325729037,0.0,3.813274336283186,0.0,0.13309677868225145,0.5837894118589316,0.018437347804911988,62.43140722500001,0.7184396236278098,0.3055555555555555,1.4937194234638442,0.8295421869227276,0.977225611016162,0.0931596738914297,0.28019323671497587,0.20375426621160408,-0.132629496946194,0.12954268908887853,0.09858063474024982,Telecom Services - Foreign,Technology,TEF
2010Q1,2010,Q1,2010-03-31,2010-03-31,1656000000.0,13932000000.0,2930000000.0,0.36,10058000000.0,0.7219351134079817,107665000000.0,21246000000.0,21993000000.0,27870000000.0,83739000000.0,845000000.0,0.0,79707434729.99998,129736434729.99998,4.676645388509796,0.7891280947255113,0.5378813913528073,2.725736609244093,0.025970857632317254,4.676645388509796,0.07794408359220559,5.721176767872523,12.033127223731883,3.75164429680881,0.0,4.584615384615384,0.0,0.12940138392235173,0.7583064226767133,0.015381043050202015,81.00349057926827,0.7219351134079817,-0.25,0.9811418040940516,0.8365022390646132,1.049394614457083,0.014013509426353463,-0.23545706371191136,-0.19127794645321558,0.4020424332919885,0.0774529932766861,0.2729686161266033,Telecom Services - Foreign,Technology,TEF
2009Q4,2009,Q4,2009-12-31,2009-12-31,2166000000.0,14527000000.0,3623000000.0,0.48,9919000000.0,0.6827975493907895,108141000000.0,21734000000.0,23830000000.0,26936000000.0,83867000000.0,934000000.0,16685000000.0,88278500217.6,135956500217.6,4.784063394232886,0.8846896346896347,0.5251569709915758,2.6130026686297967,0.04304804221258261,4.784063394232886,0.09965951964663661,6.076856902154609,10.18911590692521,4.0617695876322815,1.1565096952908587,4.9336188436830835,0.0283761050972248,0.1343338789173394,0.8137065637065637,0.020029406053208312,37.62936923171356,0.6827975493907895,0.09090909090909087,2.1155466607921674,0.7104666369436817,0.4623540812710358,-0.02688119297557147,0.08789552988448016,0.04349078341013825,1.1873057541188727,0.08451645295832808,0.34467948418529915,Telecom Services - Foreign,Technology,TEF
2009Q3,2009,Q3,2009-09-30,2009-09-30,1991000000.0,14298000000.0,3472000000.0,0.44,10193000000.0,0.7128969086585536,105179000000.0,17428000000.0,22912000000.0,30259000000.0,85259000000.0,1018000000.0,0.0,85550912294.4,132714912294.4,3.8421516754850087,0.7571962060874451,0.5261506574506318,3.175350011475786,0.03510912272382608,3.8421516754850087,0.11424145053936195,5.983418121023919,10.74220395459568,4.908819847050723,0.0015067805123053742,4.032416502946955,3.50668382082978e-05,0.13593968377717985,0.7180673518622559,0.018929634242576942,28.06788461102362,0.7128969086585536,0.09999999999999995,1.6209324746175722,1.1364494625546022,0.25141904244176944,0.015846123181183974,0.08797814207650273,0.0407673860911271,-0.18773769917904712,0.12497786570797316,0.13929858187387809,Telecom Services - Foreign,Technology,TEF
2009Q2,2009,Q2,2009-06-30,2009-06-30,1830000000.0,13867000000.0,3336000000.0,0.4,10034000000.0,0.7235883752794404,102539000000.0,16157000000.0,19818000000.0,26060000000.0,83939000000.0,1138000000.0,0.0,73392426340.9,123464426340.9,3.548649242257852,0.7604758250191865,0.5419401398492281,3.4393761218047905,0.03230706136606894,3.548649242257852,0.11326360091601163,5.292595827569048,10.02628775148907,4.542453818215014,1.2617486338797814,3.3681898066783833,0.03146101192069794,0.13523634909644136,0.7165771297006908,0.017846868020948127,34.96542465026203,0.7235883752794404,0.08108108108108115,1.97850784337531,1.132429527994112,0.2024871468478032,0.009456740442655936,0.08284023668639054,0.045768025078369905,0.4448190199279286,0.0772887294705548,0.3620727726596174,Telecom Services - Foreign,Technology,TEF
2009Q1,2009,Q1,2009-03-31,2009-03-31,1690000000.0,13953000000.0,3190000000.0,0.37,9940000000.0,0.7123916003726797,101498000000.0,18622000000.0,19915000000.0,24425000000.0,80499000000.0,1197000000.0,0.0,68511980187.56742,117456980187.56741,4.077005916773775,0.8153531218014329,0.5440993911210074,2.9655783481903124,0.030154044365860687,4.077005916773775,0.09075287294597788,4.910197103674294,10.134908311770328,3.6790881853489106,0.01242603550295858,3.352548036758563,0.0003065157355327876,0.13747068907761728,0.7660184237461617,0.016650574395554594,64.51222239883938,0.7123916003726797,-0.15909090909090912,2.4190299009903975,1.2642620914349187,0.22504074275668515,0.02813405047579644,-0.1533066132264529,-0.12602739726027398,0.38203159956468624,0.20739033452786976,0.6799600028371826,Telecom Services - Foreign,Technology,TEF
2008Q4,2008,Q4,2008-12-31,2008-12-31,1996000000.0,14276000000.0,3650000000.0,0.44,9668000000.0,0.6772205099467637,99896000000.0,17231000000.0,17973000000.0,25132000000.0,80334000000.0,1188000000.0,16700000000.0,73381912963.70415,122292912963.70415,3.7724674552641453,0.71514403947159,0.5324337310803235,3.0867622308629796,0.03845825684050927,3.7724674552641453,0.11583773431605826,5.140229263358374,9.191121363189398,4.258714698143123,0.3667334669338677,3.878787878787879,0.009975210108818758,0.14290862496996876,0.6675950978831768,0.01998078001121166,27.3710977111914,0.6772205099467637,0.01616628175519632,11.045313417846646,0.9598256850397705,0.16183929996748495,-0.08981359442666165,-0.003494757863205192,0.008008837337752003,0.7417721092577444,0.41805177645273384,0.4097811659439999,Telecom Services - Foreign,Technology,TEF
2008Q3,2008,Q3,2008-09-30,2008-09-30,2003000000.0,15170000000.0,3621000000.0,0.433,10622000000.0,0.7001977587343441,105583000000.0,16977000000.0,20027000000.0,29622000000.0,85603000000.0,1206000000.0,0.0,78199158251.59999,125338158251.59999,3.6700678801504605,0.6760853419755587,0.5007813757896631,3.1144489603581316,0.0367501505322211,3.6700678801504605,0.11798315367850622,5.154855520870138,9.760254399850224,4.606182379195382,0.8951572641038442,3.771144278606965,0.022928635551691685,0.14367843308108313,0.6311525217743569,0.01897085705085099,29.178790392388056,0.7001977587343441,-0.015909090909090925,2.7921425513245333,1.325707065699511,0.10148517268013195,0.052934179222839016,-0.025304136253041364,0.03368541250356837,0.4909292250384059,0.5946205005500074,0.46119109508750017,Telecom Services - Foreign,Technology,TEF
2008Q2,2008,Q2,2008-06-30,2008-06-30,2055000000.0,14438000000.0,3503000000.0,0.44,10088000000.0,0.6987117329269982,103867000000.0,18377000000.0,19166000000.0,24310000000.0,82584000000.0,1121000000.0,0.0,78650001349.92001,126768001349.92001,3.9357919986293157,0.788399835458659,0.5108841114117092,2.8875224465364315,0.03568083217431248,3.9357919986293157,0.1118245633128367,5.447430485518771,9.568126684905112,4.279806353045656,0.9318734793187348,3.880463871543265,0.02434837847592672,0.13900468868841884,0.737145207733443,0.01978491724994464,32.01058256,0.6987117329269982,0.3414634146341463,1.584329093530812,1.2546990900740915,0.20790647131658654,0.034560557891498304,0.3361508452535761,0.13036463375282348,1.340537390571683,0.6712312154827688,0.8158549806697516,Telecom Services - Foreign,Technology,TEF
2008Q1,2008,Q1,2008-03-31,2008-03-31,1538000000.0,14063000000.0,3099000000.0,0.328,9751000000.0,0.6933797909407665,101761000000.0,19963000000.0,17286000000.0,22580000000.0,78991000000.0,1036000000.0,0.0,85960194835.20001,134122194835.20001,4.250340657468915,0.7655447298494242,0.5128192529554545,2.6140860592095376,0.029391090058052415,4.250340657468915,0.0770425286780544,6.1125076324539585,13.972723477763331,4.305975796984422,0.0,4.162162162162162,0.0,0.13819636206405203,0.7138175376439326,0.015113845186269789,130.4403563508346,0.6933797909407665,0.49090909090909096,2.1764748371473193,1.4435904847116496,0.2677449282460365,-0.0015349145413211134,0.45647461966078234,0.4606069429373671,0.7797222687909425,0.7930675153408333,0.8625798044098435,Telecom Services - Foreign,Technology,TEF
2007Q4,2007,Q4,2007-12-31,2007-12-31,1055974460.0,14415122330.0,2121720710.0,0.22,9765989960.0,0.6774822812065584,105873000000.0,20125000000.0,18478000000.0,24974000000.0,83018000000.0,987000000.0,13801000000.0,104640694811.52,153503694811.52002,4.284832226196559,0.7398894850644671,0.5093649939077952,2.6796521739130434,0.022666430859100757,4.284832226196559,0.05247078062111801,7.259091696623847,24.773490925983193,5.199537630386088,0.022727822413432235,4.710367142857143,0.00022935627523526164,0.13615484901721875,0.6680547769680467,0.009973973156517714,37.2917657917035,0.6774822812065584,-0.7409448448024116,3.1613824863718696,1.0827013185295764,0.32527187299277954,-0.0014270180866804204,-0.7372489315184608,-0.5493824800288836,0.4691626926759521,0.6417146465623471,0.3097531067614387,Telecom Services - Foreign,Technology,TEF
2007Q3,2007,Q3,2007-09-30,2007-09-30,4018915950.0,14191994040.0,4708473630.0,0.84924,9779946120.0,0.6891171242346434,105652289820.0,19705652400.0,20478601710.0,25077755220.0,83236059060.0,1002101100.0,0.0,92536684991.23705,139825345361.23706,4.1659237250361345,0.8166042586486335,0.509551225077272,2.7319701280227595,0.06379409472104351,4.1659237250361345,0.20394736842105263,6.520344127148255,5.756321240758783,4.695946275355849,0.08435110468035541,4.402797202797203,0.0036634119758245315,0.1343273682395235,0.7761415078522327,0.03803908042927451,40.621898591412226,0.6891171242346434,0.5697597042513862,7.31697425717929,1.313378939598243,0.27692603824665996,-0.003977378551787351,0.5619572289156627,0.22425211388455538,4.073259038782617,1.0335473712144363,0.3568741474038952,Telecom Services - Foreign,Technology,TEF
2007Q2,2007,Q2,2007-06-30,2007-06-30,2573000000.0,14263000000.0,3846000000.0,0.541,9819000000.0,0.6884245951062189,106855000000.0,18566000000.0,20184000000.0,24931000000.0,85605000000.0,1044000000.0,0.0,78231624357.25,130643624357.25,3.900993843632467,0.8095944807669166,0.5279303729352861,3.0384573952386082,0.041726976101692494,3.900993843632467,0.1385866637940321,5.484934751262006,7.601207185896812,4.21370377880265,0.8678585308977846,4.256704980842912,0.028543444142267258,0.13347994946422723,0.6647948337411255,0.024079359880211502,31.918247391778866,0.6884245951062189,1.0813696258536116,1.5002310296298549,1.1883042434215827,0.1381764769150242,0.05071972085795949,1.0496518889712891,0.41969182100702707,3.0062865929351874,1.0982518920177315,0.3218818307091509,Telecom Services - Foreign,Technology,TEF
2007Q1,2007,Q1,2007-03-31,2007-03-31,1255335120.0,13742813040.0,2709038640.0,0.259925,9345023040.0,0.6799934636962798,107032851600.0,17738626320.0,18909374160.0,24365628000.0,86446703040.0,1064452320.0,0.0,79985501428.08563,134912588548.08563,3.6738104374795357,0.7760675883256528,0.544504668321852,3.2854791745790606,0.02381170423325751,3.6738104374795357,0.07076845170274719,5.820169509348548,15.929113300854203,4.5091147411963535,0.596653425899532,4.131504922644163,0.009364197093562267,0.128398083715075,0.6569278033794163,0.011728502989824108,107.79717173596447,0.6799934636962798,0.1814772727272728,10.083795991366102,0.980738562638459,0.0,-0.02451817188698153,0.1927521764711133,0.3648232932793617,1.4024680049352154,1.1096794811559927,0.10389034476520742,Telecom Services - Foreign,Technology,TEF
