Quarters,Year,Quarter,FillingDate,Date,NetIncome,Revenue,OperatingIncome,EPSDiluted,GrossProfit,GrossProfitRatio,TotalAssets,CommonStockEquity,CurrentAssets,CurrentLiability,TotalLiability,Inventory,RetainedEarnings,MarketCap,EnterpriseValue,bookValuePerShare,currentRatio,debtToAssets,debtToEquity,roic,shareholdersEquityPerShare,roe,priceToSalesRatio,peRatio,pbRatio,payoutRatio,inventoryTurnover,dividendYield,assetTurnover,quickRatio,returnOnAssets,priceToFreeCashFlowsRatio,grossProfitMargin,epsdilutedGrowth,fiveYNetIncomeGrowthPerShare,fiveYRevenueGrowthPerShare,fiveYShareholdersEquityGrowthPerShare,grossProfitGrowth,netIncomeGrowth,operatingIncomeGrowth,threeYNetIncomeGrowthPerShare,threeYRevenueGrowthPerShare,threeYShareholdersEquityGrowthPerShare,Industry,Sector,Symbol
2023Q1,2023,Q1,2023-04-20,2023-03-31,1630000000.0,6056000000.0,2294000000.0,2.67,2651000000.0,0.4377476882,65968000000.0,12454000000.0,4058000000.0,6209000000.0,53514000000.0,728000000.0,59724000000.0,122889356000.0,156827356000.0,20.396331477235506,0.6535674021581576,0.5308179723502304,2.811707082061988,0.03584238666995489,20.396331477235506,0.13088164445158182,20.29216578599736,18.84806073619632,9.867460735506665,0.48773006134969327,4.677197802197802,0.006469233999403496,0.09180208585981081,0.48864551457561606,0.024708949793839436,115.06494007490636,0.4377476882430647,0.0,0.5821404550148395,0.4064699890967339,-0.3507027037219383,-0.02285293033542204,-0.004884004884004884,-0.04892205638474295,0.23930973426942648,0.2979470171171797,-0.1271834388173187,Railroads,Industrials,UNP
2022Q4,2022,Q4,2023-02-10,2022-12-31,1638000000.0,6180000000.0,2412000000.0,2.67,2713000000.0,0.4389967638,65449000000.0,12163000000.0,3952000000.0,5520000000.0,53286000000.0,741000000.0,58887000000.0,126871789000.0,160524789000.0,19.851477068712256,0.7159420289855073,0.5290531558923742,2.846830551673107,0.03784300641163969,19.851477068712256,0.13467072268354846,20.52941569579288,19.36382615995116,10.430961851516896,0.48656898656898656,4.678812415654521,0.006281932384511422,0.09442466653424804,0.5271739130434783,0.02502712035325215,93.1510932452276,0.4389967637540453,-0.1245901639344262,-0.7121618245084702,0.4502354595316564,-0.3741705249821804,-0.0809620596205962,-0.13562005277044856,-0.08393467527535131,0.31898525635977165,0.3395773096973614,-0.24199070901574227,Railroads,Industrials,UNP
2022Q3,2022,Q3,2022-10-20,2022-09-30,1895000000.0,6566000000.0,2633000000.0,3.05,2952000000.0,0.4495887907,65343000000.0,11743000000.0,4405000000.0,5712000000.0,53600000000.0,794000000.0,58047000000.0,120866328000.0,154650328000.0,18.928110896196003,0.7711834733893558,0.5364155303552025,2.9848420335519035,0.042195168116734315,18.928110896196003,0.1613727326918164,18.407908620164484,15.945425857519789,10.292627778250873,0.42532981530343006,4.551637279596977,0.006668523925042217,0.1004851323018533,0.5891106442577031,0.02900081110447944,65.05184499461787,0.44958879074017666,0.04095563139931729,1.032483365678597,0.5548421590003014,-0.21474679614496767,0.044585987261146494,0.0326975476839237,0.05531062124248497,0.3736325076032264,0.3417399778102878,-0.26529596193883964,Railroads,Industrials,UNP
2022Q2,2022,Q2,2022-07-21,2022-06-30,1835000000.0,6269000000.0,2495000000.0,2.93,2826000000.0,0.4507895996,64440000000.0,12710000000.0,3976000000.0,6002000000.0,51730000000.0,790000000.0,56958000000.0,133427968000.0,165941968000.0,20.316496163682864,0.6624458513828724,0.5167908131595282,2.6201416207710464,0.041323235655135376,20.316496163682864,0.14437450826121165,21.28377221247408,18.178197275204358,10.497873170731708,0.4430517711171662,4.358227848101266,0.0060931753078934696,0.09728429546865301,0.4808397200933022,0.028476101800124148,117.66134744268078,0.4507895996171638,0.1400778210116733,1.0193265150387136,0.5348017598343686,-0.16714277006284015,0.04126750184229919,0.12576687116564417,0.04964240639461506,0.31806459429520917,0.26334173089473845,-0.21119982150248962,Railroads,Industrials,UNP
2022Q1,2022,Q1,2022-04-21,2022-03-31,1630000000.0,5860000000.0,2377000000.0,2.57,2714000000.0,0.4631399317,64051000000.0,11897000000.0,3876000000.0,5462000000.0,52154000000.0,726000000.0,55937000000.0,172723362000.0,205649362000.0,18.818411894969945,0.7096301720981325,0.5282509250441054,2.843994284273346,0.03867032088029452,18.818411894969945,0.13700933008321425,29.474976450511946,26.491313190184048,14.518228292846937,0.4558282208588957,4.333333333333333,0.004301676341848882,0.09148959422959829,0.5333211277920176,0.025448470749871197,124.44046253602305,0.46313993174061435,-0.03383458646616552,0.9517619707536346,0.46569970679779865,-0.22571914755523453,-0.010211524434719184,-0.04734073641145529,-0.025819672131147543,0.3286297709480956,0.23405941562119695,-0.2397115518929965,Railroads,Industrials,UNP
2021Q4,2021,Q4,2022-02-04,2021-12-31,1711000000.0,5733000000.0,2440000000.0,2.66,2742000000.0,0.4782836211,63525000000.0,14161000000.0,3551000000.0,5744000000.0,49364000000.0,621000000.0,55049000000.0,161335972000.0,191533972000.0,22.11274203622736,0.6182103064066853,0.4904840613931523,2.20026834263117,0.04008312877832772,22.11274203622736,0.12082480050843868,28.141631257631257,23.573344827586208,11.39297874443895,0.4412624196376388,4.816425120772947,0.0046796755282820625,0.09024793388429753,0.47493036211699163,0.026934277843368753,104.89985175552665,0.478283621140764,0.035019455252918406,0.913209838256684,0.4190511735119112,-0.09117207123833769,0.014803849000740192,0.022713687985654513,0.003289473684210526,0.2540458947392114,0.13422743536722587,-0.210251479154667,Railroads,Industrials,UNP
2021Q3,2021,Q3,2021-10-21,2021-09-30,1673000000.0,5566000000.0,2432000000.0,2.57,2702000000.0,0.485447359,62360000000.0,13917000000.0,3810000000.0,5111000000.0,48443000000.0,664000000.0,54094000000.0,127151687000.0,156920687000.0,21.453676583937106,0.7454509880649579,0.4965202052597819,2.2248329381332184,0.04018241174109668,21.453676583937106,0.12021268951641877,22.844356270212,19.00055095636581,9.136429331033986,0.415421398684997,4.313253012048193,0.005465912536418018,0.08925593329057088,0.5711211113285072,0.026828094932649135,83.16003073904513,0.4854473589651455,-0.055147058823529535,0.8903576042788153,0.3747616549741868,-0.12319572628259416,-0.01994922016684802,-0.06952169076751946,-0.016579053780832995,0.1938215123568882,0.06731900424954552,-0.2337156157425419,Railroads,Industrials,UNP
2021Q2,2021,Q2,2021-07-22,2021-06-30,1798000000.0,5504000000.0,2473000000.0,2.72,2757000000.0,0.5009084302,62073000000.0,14303000000.0,3764000000.0,4357000000.0,47770000000.0,688000000.0,53116000000.0,144823905000.0,174073905000.0,21.720577069096432,0.8638971769566215,0.48918209205290547,2.122981192756764,0.0415370750698781,21.720577069096432,0.1257078934489268,26.312482739825583,20.136805478309235,10.12542158987625,0.389321468298109,3.9927325581395348,0.004833456189432262,0.08866979201907431,0.6488409456047739,0.028965894994603128,90.12066272557561,0.5009084302325582,0.3600000000000001,1.3355231307728044,0.4673618493208469,-0.10935210862494608,0.191958495460441,0.3407904548844146,0.2408429503261415,0.3760806459647581,0.12069037529196691,-0.17029992159084648,Railroads,Industrials,UNP
2021Q1,2021,Q1,2021-04-22,2021-03-31,1341000000.0,5001000000.0,1993000000.0,2.0,2313000000.0,0.4625074985,61793000000.0,16254000000.0,3719000000.0,4871000000.0,45539000000.0,659000000.0,52019000000.0,147145716000.0,174109716000.0,24.346914319952067,0.7634982549784438,0.4555046688136197,1.731696813092162,0.03322122333359072,24.346914319952067,0.08250276854928018,29.42325854829034,27.432087248322144,9.05289258028793,0.48471290082028334,4.078907435508346,0.004417389902129397,0.08093149709514022,0.5857113529049477,0.021701487223471913,103.478,0.46250749850029993,-0.02439024390243894,0.7316981965799464,0.30925960230537475,0.0036041849103562347,-0.08177848352520842,-0.02826086956521739,-0.006480558325024925,0.19049254707531593,0.062287154148575545,-0.2249397565291408,Railroads,Industrials,UNP
2020Q4,2020,Q4,2021-02-05,2020-12-31,1380000000.0,5141000000.0,2006000000.0,2.05,2519000000.0,0.4899824937,62398000000.0,16958000000.0,4214000000.0,4173000000.0,45440000000.0,638000000.0,51326000000.0,139965484000.0,166499484000.0,25.227610830110088,1.0098250658998322,0.4540690406743806,1.6707748555254158,0.03292328680792793,25.227610830110088,0.08137752093407241,27.225342151332427,25.356065942028984,8.253655148012736,0.47246376811594204,4.109717868338558,0.004658291325595673,0.08239046123273182,0.8061346752935538,0.02211609346453412,73.12721212121212,0.48998249367827273,0.01990049751243783,0.5633376369153041,0.24911809172805816,0.03654747232594144,0.08111587982832617,0.012472487160674981,-0.012309207287050714,-0.7789640297157664,0.09963111677662553,-0.20468475030277342,Railroads,Industrials,UNP
2020Q3,2020,Q3,2020-10-22,2020-09-30,1363000000.0,4919000000.0,2031000000.0,2.01,2330000000.0,0.4736735109,63714000000.0,17199000000.0,5130000000.0,4841000000.0,46515000000.0,649000000.0,50600000000.0,132887250000.0,159947250000.0,25.48,1.0596984094195414,0.46553347772859965,1.724577010291296,0.03221845214658107,25.48,0.07924879353450782,27.015094531408824,24.374037050623624,7.726452119309262,0.4805575935436537,3.989214175654854,0.0049289905540223005,0.07720438208243087,0.8729601322040901,0.021392472611984806,146.6746688741722,0.47367351087619436,0.2035928143712574,0.3403221652421653,0.13058321680184318,0.06736695956114369,0.23345685547908945,0.2040636042402827,0.2279322853688029,0.3436360816427818,0.0706074676747754,0.057065427392825455,Railroads,Industrials,UNP
2020Q2,2020,Q2,2020-07-23,2020-06-30,1132000000.0,4244000000.0,1654000000.0,1.67,1889000000.0,0.4450989632,63555000000.0,16452000000.0,5083000000.0,5279000000.0,47103000000.0,668000000.0,49892000000.0,114578739000.0,141940739000.0,24.276228419654714,0.9628717560143967,0.47310203760522385,1.8276197422805738,0.025931463404040702,24.276228419654714,0.0688062241672745,26.997817860508952,25.304491828621906,6.964426148796499,0.5821554770318021,3.5254491017964074,0.00575150333955063,0.06677680748957596,0.786891456715287,0.017811344504759657,79.29324498269897,0.4450989632422243,-0.22325581395348837,0.21003668358435343,0.006083740327094792,0.008753045622812889,-0.2261368291683736,-0.23202170963364993,-0.2281847876808213,0.14994259390646453,-0.040845324170689416,-0.004816962924070579,Railroads,Industrials,UNP
2020Q1,2020,Q1,2020-04-23,2020-03-31,1474000000.0,5229000000.0,2143000000.0,2.15,2441000000.0,0.4668196596,62216000000.0,15991000000.0,3804000000.0,4641000000.0,46225000000.0,692000000.0,49419000000.0,96513672000.0,124924672000.0,23.368405670027766,0.8196509372979961,0.4748135527838498,1.8473516352948534,0.03489447410354174,23.368405670027766,0.09217684947783128,18.45738611589214,16.369347354138398,6.035499468451003,0.44776119402985076,4.028901734104046,0.00683840938100459,0.08404590459045905,0.6160310277957337,0.02369165487977369,71.59767952522255,0.46681965959074395,0.0643564356435643,0.6455561010744522,0.19684184978150845,-0.024180125105408498,0.04719004719004719,0.05060584461867427,0.020476190476190478,0.6305896536606752,0.20829778204374266,-0.038510307700272216,Railroads,Industrials,UNP
2019Q4,2019,Q4,2020-02-07,2019-12-31,1403000000.0,5212000000.0,2100000000.0,2.02,2331000000.0,0.447237145,61673000000.0,18128000000.0,3459000000.0,4351000000.0,43545000000.0,751000000.0,48605000000.0,125142838000.0,151344838000.0,26.188962727535394,0.7949896575499885,0.4383279555072722,1.491229037952339,0.03338404562828427,26.188962727535394,0.07739408649602825,24.010521488871834,22.299151461154665,6.903289827890556,0.4796863863150392,3.8362183754993344,0.005377854703918414,0.08451023948891735,0.5713629050792921,0.022749014966030517,90.22555010814708,0.4472371450498849,-0.09009009009009017,0.254506994278464,0.08385838476078529,0.09469839481703242,-0.07168458781362007,-0.0977491961414791,-0.05998209489704566,0.45140961321256046,0.19354899307006063,0.07635953574137039,Railroads,Industrials,UNP
2019Q3,2019,Q3,2019-10-17,2019-09-30,1555000000.0,5516000000.0,2234000000.0,2.22,2511000000.0,0.4552211748,61978000000.0,18016000000.0,4073000000.0,4587000000.0,43962000000.0,771000000.0,47875000000.0,113272614000.0,139676614000.0,25.762905762905763,0.8879441901024635,0.44619058375552617,1.5349689165186502,0.03611941183377558,25.762905762905763,0.08631216696269982,20.535281725888325,18.21103118971061,6.287334258436944,0.43536977491961415,3.8975356679636834,0.0059767314984008404,0.08899932234018523,0.6453019402659691,0.025089547904095,79.26704968509448,0.45522117476432195,0.0,0.4497563256687345,0.13967348131049195,0.06766702674464935,0.0015955325089748703,-0.009554140127388535,-0.011504424778761062,0.6298918597769174,0.26383051006166586,0.05292096615307023,Railroads,Industrials,UNP
2019Q2,2019,Q2,2019-07-18,2019-06-30,1570000000.0,5596000000.0,2260000000.0,2.22,2507000000.0,0.4479985704,61708000000.0,18171000000.0,4086000000.0,5665000000.0,43537000000.0,775000000.0,46997000000.0,120993250000.0,147250250000.0,25.756201275690998,0.7212709620476611,0.4425034031243923,1.5027241208519069,0.0362731915802114,25.756201275690998,0.08640140883825877,21.621381343817013,19.266441082802547,6.658590611413792,0.3961783439490446,3.9858064516129033,0.005140782646965844,0.09068516237764958,0.5150926743159753,0.025442406170998896,106.79015887025595,0.4479985704074339,0.1502590673575131,0.5539681851294548,0.18880544916942227,0.08298579524419004,0.10684326710816777,0.1286843997124371,0.15306122448979592,0.9035000785452693,0.39250019686589493,0.05612784978276565,Railroads,Industrials,UNP
2019Q1,2019,Q1,2019-04-18,2019-03-31,1391000000.0,5384000000.0,1960000000.0,1.93,2265000000.0,0.4206909361,61319000000.0,17742000000.0,3953000000.0,5262000000.0,43577000000.0,780000000.0,46049000000.0,122515455999.99998,148648456000.0,24.751674107142858,0.7512352717597871,0.44345145876482006,1.5326344267839027,0.03239686359917039,24.751674107142858,0.07840153308533424,22.755471025260025,22.01931272465852,6.905391500394543,0.45003594536304814,3.9987179487179487,0.00510955940122363,0.08780312790489082,0.5304066894716838,0.022684649129959718,101.50410604805302,0.42069093610698366,-0.08962264150943404,0.6198758678275998,0.20993901396138445,0.05676337082113316,-0.06828465651995064,-0.1048906048906049,-0.11312217194570136,0.6729728312417917,0.3127810401443659,0.020288788592360028,Railroads,Industrials,UNP
2018Q4,2018,Q4,2019-02-08,2018-12-31,1554000000.0,5757000000.0,2210000000.0,2.12,2431000000.0,0.4222685426,59147000000.0,20423000000.0,4163000000.0,4626000000.0,38724000000.0,742000000.0,45284000000.0,100824962000.0,121942962000.0,27.999725802029065,0.8999135322092521,0.3785652695825655,1.0963619448660824,0.03978936017813488,27.999725802029065,0.07609068207413211,17.513455271842975,16.220231981981982,4.936834059638643,0.37516087516087515,4.482479784366577,0.005782298236819568,0.0973337616447157,0.6675313445741461,0.0262735219030551,77.37909593246354,0.42226854264373803,-0.013953488372092933,0.6626753033577808,0.2844356854778814,0.20863834062751604,-0.04890453834115806,-0.02448210922787194,-0.02600264433671221,0.6223982184250728,0.28909484975341154,0.15044762666437647,Railroads,Industrials,UNP
2018Q3,2018,Q3,2018-10-25,2018-09-30,1593000000.0,5928000000.0,2269000000.0,2.15,2556000000.0,0.4311740891,59312000000.0,20645000000.0,4816000000.0,4529000000.0,38667000000.0,789000000.0,44313000000.0,121154820000.00002,141755820000.0,27.99701654461622,1.063369397217929,0.3778493390882115,1.0855412932913537,0.040437960349527326,27.99701654461622,0.07716154032453379,20.43772267206478,19.0136252354049,5.868482441269073,0.3709981167608286,4.273764258555133,0.0048780560278163096,0.09994604801726463,0.8151909913888276,0.02685797140544915,79.34172888015718,0.4311740890688259,0.08585858585858583,0.7331142339876385,0.33200510364907393,0.24446159031956383,0.08904985087345547,0.055666003976143144,0.08099094807050977,0.4339359704575326,0.24719553145852843,0.17280574670369114,Railroads,Industrials,UNP
2018Q2,2018,Q2,2018-07-19,2018-06-30,1509000000.0,5672000000.0,2099000000.0,1.98,2347000000.0,0.413787024,58689000000.0,19909000000.0,4494000000.0,4372000000.0,38780000000.0,772000000.0,43311000000.0,107747640000.0,128956640000.0,26.178829717291254,1.0279048490393412,0.3887099797236279,1.1458636797428299,0.038255715582476264,26.178829717291254,0.07579486664322668,18.996410437235543,17.850834990059642,5.412006630167261,0.36911862160371106,4.30699481865285,0.005169486774837946,0.09664502717715415,0.7612076852698993,0.025711802893216788,75.4535294117647,0.413787023977433,0.1785714285714286,0.6695442823972522,0.26885713358501995,0.18700150725546874,0.06439909297052154,0.15190839694656488,0.08251676121712223,0.4374065409843585,0.1982108405815846,0.08781206667086389,Railroads,Industrials,UNP
2018Q1,2018,Q1,2018-04-26,2018-03-31,1310000000.0,5475000000.0,1939000000.0,1.68,2205000000.0,0.402739726,57789000000.0,24389000000.0,3897000000.0,4746000000.0,33400000000.0,808000000.0,42359000000.0,104371452000.0,120911452000.0,31.412931478619267,0.8211125158027813,0.30434857844918584,0.7211447783836976,0.035366142938173806,31.412931478619267,0.053712739349706835,19.063278904109588,19.918216030534353,4.279447783836976,0.433587786259542,4.047029702970297,0.005442101159999192,0.09474121372579557,0.5707964601769911,0.022668673969094465,105.3193259334006,0.40273972602739727,-0.8183783783783785,0.6495445312798614,0.24719148724811046,0.45899219079607756,-0.1144578313253012,-0.8200054960153889,-0.1386050644158152,0.2889839760332056,0.10449374741551953,0.3117438689818075,Railroads,Industrials,UNP
2017Q4,2017,Q4,2018-02-09,2017-12-31,7278000000.0,5450000000.0,2251000000.0,9.25,2490000000.0,0.4568807339,57806000000.0,24856000000.0,4006000000.0,3939000000.0,32950000000.0,749000000.0,41317000000.0,105080760000.0,120749760000.0,31.720265441551813,1.017009393247017,0.29311836141576997,0.6816865143224976,0.187348225639712,31.720265441551813,0.2928065658191181,19.280873394495412,3.609534212695795,4.22758126810428,0.0717230008244023,3.951935914552737,0.004967607771394117,0.09428087049787219,0.7255648641787256,0.12590388540981906,107.99667009249742,0.45688073394495415,5.166666666666667,7.405730604811769,0.2421108923406015,0.49624796890873774,0.11061552185548618,5.0954773869346734,0.11878727634194831,4.7486336780306555,0.0011561154487737119,0.325906796053728,Railroads,Industrials,UNP
2017Q3,2017,Q3,2017-10-26,2017-09-30,1194000000.0,5408000000.0,2012000000.0,1.5,2242000000.0,0.4145710059,57397000000.0,19151000000.0,4449000000.0,3831000000.0,38246000000.0,742000000.0,34561000000.0,92138165000.0,107124165000.0,24.104468219005664,1.1613155833985904,0.2932731675871561,0.8789619341026578,0.033666669133163234,24.104468219005664,0.06234661375385098,17.037382581360948,19.291910594639866,4.811141193671348,0.4020100502512563,4.2668463611859835,0.00520956760968704,0.0942209523145809,0.878360741320804,0.020802480965904143,80.18987380330722,0.4145710059171598,0.03448275862068969,0.36149076725907114,0.20262326609797576,0.16397861776772968,0.008093525179856115,0.02226027397260274,0.003491271820448878,-0.020197434001093254,-0.01652687851756633,-0.0010619861172060188,Railroads,Industrials,UNP
2017Q2,2017,Q2,2017-07-20,2017-06-30,1168000000.0,5250000000.0,2005000000.0,1.45,2224000000.0,0.4236190476,56478000000.0,19615000000.0,3869000000.0,3406000000.0,36863000000.0,726000000.0,33847000000.0,87574531000.0,102048531000.0,24.39373212287029,1.135936582501468,0.2790467084528489,0.8034667346418557,0.03542023757531757,24.39373212287029,0.059546265613051236,16.68086304761905,18.74454858732877,4.464671475911293,0.4178082191780822,4.1680440771349865,0.005572396385428544,0.09295654945288431,0.8024075161479741,0.02068061900208931,109.74252005012531,0.4236190476190476,0.0984848484848484,0.3736943474076595,0.18500613869338134,0.21105991301052485,0.08329274232830004,0.08955223880597014,0.11823759063022866,0.014313648746918664,-0.021458293080878262,0.02569727186415887,Railroads,Industrials,UNP
2017Q1,2017,Q1,2017-04-27,2017-03-31,1072000000.0,5132000000.0,1793000000.0,1.32,2053000000.0,0.4000389712,55900000000.0,19723000000.0,3588000000.0,3848000000.0,36177000000.0,760000000.0,33167000000.0,85954080000.0,99938080000.0,24.30437461491066,0.9324324324324325,0.26892665474060823,0.7622065608680221,0.03276218392378226,24.30437461491066,0.05435278608730923,16.748651597817616,20.04526119402985,4.358063174973381,0.458955223880597,4.051315789473684,0.00572398657515734,0.09180679785330949,0.6283783783783784,0.01917710196779964,80.1810447761194,0.40003897116134063,-0.050359712230215715,0.46275505140831136,0.1821794875503449,0.23835032695327257,-0.06596906278434941,-0.06293706293706294,-0.08753180661577609,0.10270378021818712,0.018719336287934308,0.037666088062329024,Railroads,Industrials,UNP
2016Q4,2016,Q4,2017-02-03,2016-12-31,1144000000.0,5168000000.0,1965000000.0,1.39,2198000000.0,0.4253095975,55718000000.0,19932000000.0,3596000000.0,3640000000.0,35786000000.0,717000000.0,32587000000.0,84934656000.0,98664656000.0,24.3310546875,0.987912087912088,0.269338454359453,0.7529098936383705,0.03513902962249459,24.3310546875,0.05739514348785872,16.434724458204336,18.560895104895106,4.261220951234197,0.4344405594405594,4.142259414225942,0.005851557225356867,0.09275279083958506,0.7129120879120879,0.02053196453569762,73.40938288677614,0.42530959752321984,0.02205882352941162,0.38431583895228216,0.18020598815583408,0.25152093117531493,-0.014791573285522188,0.011494252873563218,0.002551020408163265,0.08982877715076663,0.026631188943161684,0.050276198100706666,Railroads,Industrials,UNP
2016Q3,2016,Q3,2016-10-20,2016-09-30,1131000000.0,5174000000.0,1960000000.0,1.36,2231000000.0,0.4311944337,56305000000.0,20284000000.0,4602000000.0,3257000000.0,36021000000.0,690000000.0,31940000000.0,80852370000.0,94555370000.0,24.468033775633295,1.4129567086275714,0.2772755527928248,0.7696706763951884,0.034213335292414465,24.468033775633295,0.05575823309012029,15.62666602241979,17.871876657824934,3.9860170577795304,0.40406719717064543,4.265217391304348,0.005652277107028526,0.09189237190302815,1.1022413263739639,0.02008702601900364,87.12539870689655,0.4311944337069965,0.16239316239316254,0.4614852098167106,0.1848717664338385,0.2763180128372358,0.1717436974789916,0.15526046986721145,0.18072289156626506,0.09451727610857077,0.03412424672896216,0.08759903670067325,Railroads,Industrials,UNP
2016Q2,2016,Q2,2016-07-21,2016-06-30,979000000.0,4770000000.0,1660000000.0,1.17,1904000000.0,0.3991614256,55690000000.0,20422000000.0,4566000000.0,3095000000.0,35268000000.0,660000000.0,31266000000.0,73063150000.0,86419150000.0,24.38738953904944,1.4752827140549274,0.27268809481055845,0.7436098325335423,0.0291814219167393,24.38738953904944,0.04793849769856037,15.317222222222222,18.657597037793668,3.577668690627754,0.4698672114402451,4.342424242424243,0.006295923457994899,0.08565272041659185,1.1415185783521808,0.017579457712336148,162.7241648106904,0.3991614255765199,0.008620689655172422,0.45474116882860044,0.1453377177668572,0.30130023499090414,-0.01652892561983471,0.0,-0.016004742145820983,-0.016311358976872792,-0.030916622312729895,0.10577395756379888,Railroads,Industrials,UNP
2016Q1,2016,Q1,2016-04-21,2016-03-31,979000000.0,4829000000.0,1687000000.0,1.16,1936000000.0,0.4009111617,55772000000.0,20475000000.0,5083000000.0,3287000000.0,35297000000.0,716000000.0,30747000000.0,67140200000.0,79660200000.0,24.259478672985782,1.5463948889564954,0.2724126801979488,0.7420268620268621,0.029568361464913193,24.259478672985782,0.047814407814407815,13.90354110581901,17.145097037793665,3.279130647130647,0.47497446373850866,4.040502793296089,0.006925805999982128,0.08658466614071578,1.2254335260115607,0.017553611131033493,45.18183041722746,0.4009111617312073,-0.11450381679389322,0.7775048394633203,0.24778517822649596,0.31635163008908784,-0.10078959591267998,-0.12354521038495972,-0.12043795620437957,0.13401427248461076,0.011927270446787748,0.12674584225801716,Railroads,Industrials,UNP
2015Q4,2015,Q4,2016-02-05,2015-12-31,1117000000.0,5208000000.0,1918000000.0,1.31,2153000000.0,0.4134024578,54600000000.0,20702000000.0,4130000000.0,3206000000.0,33898000000.0,736000000.0,30233000000.0,66516920000.0,79326920000.0,24.338114272278393,1.2882096069868996,0.2600915750915751,0.6859723698193412,0.034445406868025746,24.338114272278393,0.05395613950342962,12.772066052227343,14.887403760071622,3.213067336489228,0.41808415398388543,4.150815217391305,0.007020770053694609,0.09538461538461539,0.8568309419837804,0.020457875457875457,169.68602040816327,0.41340245775729645,-0.12666666666666662,0.6591952549623415,0.3594974975647441,0.34165858781821773,-0.10774968918358889,-0.14076923076923076,-0.13134057971014493,0.18846292464914613,0.09346249706089817,0.1480311888961222,Railroads,Industrials,UNP
2015Q3,2015,Q3,2015-10-22,2015-09-30,1300000000.0,5562000000.0,2208000000.0,1.5,2413000000.0,0.4338367494,53763000000.0,20599000000.0,3942000000.0,3508000000.0,33164000000.0,741000000.0,29583000000.0,76288989000.0,88529989000.0,23.871827558233864,1.1237172177879133,0.24773543143053772,0.6465847856692073,0.04066680987322819,23.871827558233864,0.06310985970192728,13.71610733549083,14.670959423076923,3.70352876353221,0.36615384615384616,4.24966261808367,0.00623943253462174,0.10345404832319625,0.7371721778791334,0.024180198277625877,103.65351766304347,0.43383674937072997,0.08695652173913052,0.9093265043654729,0.4418027337436185,0.34994390757160976,0.10993560257589696,0.07973421926910298,0.13288866085171883,0.3648570225519489,0.13882590007488807,0.15274465266626264,Railroads,Industrials,UNP
2015Q2,2015,Q2,2015-07-24,2015-06-30,1204000000.0,5429000000.0,1949000000.0,1.38,2174000000.0,0.4004420704,54177000000.0,20990000000.0,4983000000.0,3413000000.0,33187000000.0,762000000.0,28759000000.0,83181714000.0,94479714000.0,24.065581288695252,1.4600058599472605,0.2462114919615335,0.635493091948547,0.035271457057566645,24.065581288695252,0.057360647927584565,15.321737704918032,17.27195058139535,3.962921105288233,0.3978405315614618,4.271653543307087,0.005758477157611828,0.10020857559480961,1.0413126281863463,0.022223452756704874,137.94645771144278,0.4004420703628661,0.06153846153846142,0.9485046946290012,0.49375847900135666,0.39422833119751527,-0.027728085867620753,0.046046915725456126,-0.014162873039959535,0.3054725220506019,0.12973118762923655,0.19476841982331547,Railroads,Industrials,UNP
2015Q1,2015,Q1,2015-04-23,2015-03-31,1151000000.0,5614000000.0,1977000000.0,1.3,2236000000.0,0.3982899893,53145000000.0,21057000000.0,4479000000.0,3390000000.0,32088000000.0,744000000.0,28034000000.0,95236983000.0,105949983000.0,23.947458205390653,1.3212389380530973,0.2314422805532035,0.5841287932753954,0.036774865586673346,23.947458205390653,0.054661157809754474,16.964193623085144,20.685704387489142,4.5228182077218975,0.8010425716768028,4.540322580645161,0.009681113060878882,0.10563552544924264,0.9294985250737463,0.021657728855019286,98.89614018691589,0.3982899893124332,-0.1925465838509317,1.5596448725510161,0.6247378940803106,0.403763744218856,-0.14033064206074586,-0.19566736547868624,-0.16687737041719342,0.44945119228017544,0.19349507459607856,0.22016481264043233,Railroads,Industrials,UNP
2014Q4,2014,Q4,2015-02-06,2014-12-31,1431000000.0,6153000000.0,2373000000.0,1.61,2601000000.0,0.4227206241,52716000000.0,21189000000.0,4679000000.0,3765000000.0,31527000000.0,712000000.0,27367000000.0,105513441000.0,115407441000.0,23.923450378231905,1.242762284196547,0.2177706958039305,0.5417905517013545,0.04523259528459642,23.923450378231905,0.06753504176695455,17.14829205265724,18.433515199161423,4.979632875548634,0.3116701607267645,4.98876404494382,0.004226949626256621,0.11671978147052128,0.849136786188579,0.02714545868427043,116.33234950385888,0.4227206240858118,0.05228758169934645,1.9586429428095982,0.8672272138577379,0.4248722880370694,0.011275272161741835,0.04452554744525548,0.018454935622317595,0.6015927575863057,0.2996473419260824,0.2305549134157826,Railroads,Industrials,UNP
2014Q3,2014,Q3,2014-10-23,2014-09-30,1370000000.0,6182000000.0,2330000000.0,1.53,2572000000.0,0.4160465869,52568000000.0,21553000000.0,4780000000.0,3833000000.0,31015000000.0,736000000.0,26380000000.0,96840744000.0,106458744000.0,24.130094043887148,1.2470649621706236,0.21885938213361741,0.5338003990163782,0.04377179985373656,24.130094043887148,0.06356423699716977,15.664953736654804,17.671668613138685,4.493144527443976,0.29927007299270075,4.904891304347826,0.004233755164045414,0.11760006087353524,0.9188625097834594,0.026061482270582866,98.9180224719101,0.4160465868650922,0.06993006993006999,1.985146315033596,0.8970562778695488,0.47785626799922376,0.06105610561056106,0.061192873741285826,0.0610200364298725,0.6430780845641999,0.3139527360133191,0.2586901735577869,Railroads,Industrials,UNP
2014Q2,2014,Q2,2014-07-25,2014-06-30,1291000000.0,6015000000.0,2196000000.0,1.43,2424000000.0,0.4029925187,51562000000.0,21440000000.0,4503000000.0,3777000000.0,30122000000.0,739000000.0,25456000000.0,89924625000.0,99230625000.0,23.782584581253467,1.1922160444797458,0.2102905240293239,0.5057369402985075,0.042220304089554156,23.782584581253467,0.06021455223880597,14.950062344139651,17.41375387296669,4.19424556902985,0.3199070487993803,4.859269282814615,0.004592735304706581,0.11665567666110702,0.8480275350807519,0.025037818548543502,322.31048387096774,0.4029925187032419,0.20168067226890757,2.0777000346051926,1.031762583603974,0.4932594776093849,0.16538461538461538,0.18658088235294118,0.18446601941747573,0.7819540680606633,0.3415845280508881,0.26902811203804133,Railroads,Industrials,UNP
2014Q1,2014,Q1,2014-04-17,2014-03-31,1088000000.0,5638000000.0,1854000000.0,1.19,2080000000.0,0.3689251508,50898000000.0,21272000000.0,4679000000.0,4188000000.0,29626000000.0,705000000.0,25962000000.0,85216406000.0,93535406000.0,23.422153710636422,1.1172397325692454,0.19992927030531651,0.4783753290710794,0.03646529698122632,23.422153710636422,0.05114704776231666,15.114651649521107,19.580975643382356,4.006036385859346,0.3336397058823529,5.046808510638298,0.004259743129744289,0.11077056072930173,0.8116045845272206,0.02137608550434202,97.50160869565218,0.3689251507626818,-0.06299212598425202,2.327190812742343,0.8276445968293438,0.5043205149274217,-0.037482646922720964,-0.07325383304940375,-0.06031424227065383,0.835768630722897,0.35384404110237394,0.2709172621885839,Railroads,Industrials,UNP
2013Q4,2013,Q4,2014-02-07,2013-12-31,1174000000.0,5630000000.0,1973000000.0,1.27,2161000000.0,0.3838365897,49731000000.0,21225000000.0,3990000000.0,3791000000.0,28506000000.0,653000000.0,25288000000.0,76960800000.0,85105800000.0,23.16633922724296,1.0524927459773148,0.19257605919848786,0.45121319199057713,0.03993612707936043,23.16633922724296,0.05531213191990577,13.669769094138543,16.388586030664396,3.6259505300353356,0.31090289608177174,5.312404287901991,0.004742674192575961,0.11320906476845428,0.7507254022685307,0.023607005690615513,71.1940795559667,0.3838365896980462,0.024193548387096794,0.9490152213923126,0.44146738904010474,0.5078291874843059,-0.0027688047992616522,0.01998262380538662,0.0056065239551478085,0.6190024716395209,0.3644289411900974,0.2770635236906101,Railroads,Industrials,UNP
2013Q3,2013,Q3,2013-10-17,2013-09-30,1151000000.0,5573000000.0,1962000000.0,1.24,2167000000.0,0.3888390454,48958000000.0,20774000000.0,4064000000.0,3655000000.0,28184000000.0,683000000.0,24476000000.0,71720478000.0,79809478000.0,22.497292614251677,1.1119015047879617,0.19312471914702398,0.4551362279772793,0.04033755436453502,22.497292614251677,0.05540579570617118,12.869276511753096,15.57786229365769,3.4524154231250606,0.2797567332754127,4.986822840409956,0.004489652174376194,0.11383226438988521,0.7756497948016415,0.023509947301768863,94.61804485488126,0.388839045397452,0.05084745762711869,0.7964920907364735,0.2618593328626081,0.44863405635588166,0.03338102050548403,0.0406871609403255,0.04472843450479233,0.5797296567452463,0.35000227990378807,0.27221441372173383,Railroads,Industrials,UNP
2013Q2,2013,Q2,2013-07-19,2013-06-30,1106000000.0,5470000000.0,1878000000.0,1.18,2097000000.0,0.3833638026,49026000000.0,20524000000.0,4543000000.0,3825000000.0,28502000000.0,654000000.0,23690000000.0,72316926000.0,80280926000.0,22.054588437567162,1.1877124183006535,0.20007750989271,0.4779282790878971,0.03873049870420236,22.054588437567162,0.0538881309686221,13.220644606946983,16.346502260397827,3.5235298187487816,0.29204339963833637,5.157492354740061,0.004466450910814434,0.11157345082201281,0.8661437908496732,0.022559458246644636,96.93957908847185,0.383363802559415,0.15686274509803913,1.3022054499395526,0.3235632586249273,0.45736539039455104,0.1213903743315508,0.15569487983281086,0.1500306184935701,0.6775795782887981,0.4105903299712635,0.2777223896520467,Railroads,Industrials,UNP
2013Q1,2013,Q1,2013-04-18,2013-03-31,957000000.0,5290000000.0,1633000000.0,1.02,1870000000.0,0.3534971645,48561000000.0,20144000000.0,4646000000.0,3610000000.0,28417000000.0,655000000.0,22905000000.0,65538780000.0,73482780000.0,21.530568619067978,1.2869806094182825,0.20306418731080497,0.48952541699761715,0.03371133937224055,21.530568619067978,0.04750794281175536,12.389183364839319,17.1208934169279,3.2535137013502777,0.3375130616509927,5.221374045801527,0.0049283798081075055,0.10893515372418196,0.9498614958448753,0.019707172422314203,88.32719676549866,0.3534971644612476,-0.07272727272727278,1.3939384873433784,0.37287998133672684,0.43490991478110685,1.6338983050847458,-0.07625482625482626,-0.05333333333333334,1.0001528679519178,0.4388430834789443,0.26208933577177657,Railroads,Industrials,UNP
2012Q4,2012,Q4,2013-02-08,2012-12-31,1036000000.0,5250000000.0,1725000000.0,1.1,-2950000000.0,-0.5619047619,47153000000.0,19877000000.0,3614000000.0,3119000000.0,27276000000.0,660000000.0,22271000000.0,58937536000.0,66871536000.0,21.199872013651877,1.1587047130490542,0.1908044026891184,0.4526336972380138,0.03773966620320079,21.199872013651877,0.05212054132917442,11.226197333333333,14.222378378378378,2.965112240277708,0.27606177606177607,12.424242424242424,0.004852595127152924,0.11133968146247322,0.7675537031099712,0.021971030475261385,51.25003130434783,-0.5619047619047619,0.0,1.3332197993924773,0.38324058871890443,0.410332197866812,-1.8146920740127037,-0.005758157389635317,-0.0341545352743561,1.0233998996549865,0.5050072868803424,0.2626569188226636,Railroads,Industrials,UNP
2012Q3,2012,Q3,2012-10-18,2012-09-30,1042000000.0,5343000000.0,1786000000.0,1.1,3621000000.0,0.6777091522,47070000000.0,19549000000.0,3946000000.0,3874000000.0,27521000000.0,680000000.0,21560000000.0,55946160000.0,64302160000.0,20.708686440677965,1.0185854414042335,0.20152963671128107,0.4852422118778454,0.03822031662689089,20.708686440677965,0.05330195917949767,10.470926445816957,13.422783109404989,2.8618425494910227,0.27351247600767753,2.5323529411764705,0.005094183407762034,0.11351179094964946,0.7003097573567372,0.022137242404928828,178.7417252396166,0.6777091521617069,0.04761904761904766,1.1843889384478143,0.42180944639239054,0.4172856455012521,0.03516295025728988,0.03992015968063872,0.03596287703016241,1.1482731206766548,0.5513618535567366,0.2683109316824011,Railroads,Industrials,UNP
2012Q2,2012,Q2,2012-07-20,2012-06-30,1002000000.0,5221000000.0,1724000000.0,1.05,3498000000.0,0.6699865926,46374000000.0,19087000000.0,3956000000.0,3917000000.0,27287000000.0,646000000.0,20802000000.0,56529078000.0,64744078000.0,20.1424651751794,1.0099565994383457,0.2030448095915815,0.49332006077434903,0.03764337327028668,20.1424651751794,0.05249646356158642,10.827251101321586,14.10406137724551,2.961653376643789,0.28542914171656686,2.6671826625387,0.005059343087109965,0.11258463794367533,0.6887924431963237,0.02160693492042955,157.02521666666667,0.6699865926067803,0.16666666666666669,1.5434697427723942,0.4609034933219434,0.3990829808955947,0.03983353151010702,0.16106604866743918,0.14172185430463577,1.2725238389020574,0.6777671960471358,0.2647038812157712,Railroads,Industrials,UNP
2012Q1,2012,Q1,2012-04-19,2012-03-31,863000000.0,5112000000.0,1510000000.0,0.9,3364000000.0,0.6580594679,45336000000.0,18755000000.0,3565000000.0,3902000000.0,26581000000.0,682000000.0,20084000000.0,51353944000.0,59193944000.0,19.626412724989535,0.9136340338288057,0.1948782424563261,0.47107438016528924,0.033955404819831524,19.626412724989535,0.04601439616102373,10.045763693270736,14.87657705677868,2.7381468408424423,0.3348783314020857,2.563049853372434,0.0056276106076682255,0.1127580730545262,0.5950794464377243,0.019035644962061057,85.58990666666666,0.6580594679186228,-0.09999999999999998,1.5324164944250094,0.504369696520849,0.37525921755218955,-0.0035545023696682463,-0.10477178423236515,-0.06617192331478046,1.5082161795892315,0.5749358792464485,0.2605337519933869,Railroads,Industrials,UNP
2011Q4,2011,Q4,2012-02-03,2011-12-31,964000000.0,5108000000.0,1617000000.0,1.0,3376000000.0,0.6609240407,45096000000.0,18578000000.0,3727000000.0,3317000000.0,26518000000.0,614000000.0,19508000000.0,50618132000.0,58307132000.0,19.44118878191712,1.1236056677720831,0.19748979953876175,0.4793842178921305,0.037069410794444396,19.44118878191712,0.051889331467326945,9.909579483163665,13.127108921161826,2.7246276240714824,0.23858921161825727,2.820846905537459,0.004543826311093424,0.11326946957601561,0.7892674103105216,0.02137661876884868,87.12243029259896,0.6609240407204385,0.07526881720430102,1.2513703270574328,0.4603200898278307,0.37429093113552053,-0.0029533372711163615,0.06637168141592921,0.024714828897338403,0.5343990262986748,0.25389584045868946,0.2653700525240806,Railroads,Industrials,UNP
2011Q3,2011,Q3,2011-10-21,2011-09-30,904000000.0,5101000000.0,1578000000.0,0.93,3386000000.0,0.6637914134,45066000000.0,18565000000.0,4214000000.0,3724000000.0,26501000000.0,607000000.0,18833000000.0,39544614000.0,47304614000.0,19.170797191243288,1.131578947368421,0.2087382949451915,0.506706167519526,0.03509831727312801,19.170797191243288,0.04869377861567466,7.752325818466967,10.936010508849558,2.1300626986264475,0.2577433628318584,2.8253706754530477,0.005892079260149056,0.11318954422402698,0.8246509129967776,0.020059468335330403,49.246094645080944,0.6637914134483435,0.1625,1.3986467614720406,0.42722410807684014,0.4007531705341745,0.07321711568938194,0.15159235668789808,0.1336206896551724,0.3454064512565783,0.10131692647376461,0.23443607970560523,Railroads,Industrials,UNP
2011Q2,2011,Q2,2011-07-22,2011-06-30,785000000.0,4858000000.0,1392000000.0,0.8,3155000000.0,0.6494442157,44029000000.0,18306000000.0,3699000000.0,3153000000.0,25723000000.0,630000000.0,18159000000.0,50988960000.0,58871960000.0,18.740786240786242,1.1731684110371075,0.20300256649026777,0.4882552168687862,0.031581612421777185,18.740786240786242,0.042882115153501585,10.49587484561548,16.238522292993633,2.785368731563422,0.2394904458598726,2.7031746031746033,0.003687072652589894,0.11033636921120171,0.7871868062163019,0.01782915805491835,89.14153846153846,0.6494442157266365,0.23076923076923078,1.2197074697074697,0.36562008675187374,0.40045611783384943,0.09282992726013163,0.22848200312989045,0.22427440633245382,0.5567397135193746,0.11988205169028301,0.23838961372688733,Railroads,Industrials,UNP
2011Q1,2011,Q1,2011-04-21,2011-03-31,639000000.0,4490000000.0,1137000000.0,0.65,2887000000.0,0.6429844098,43587000000.0,18046000000.0,3677000000.0,2947000000.0,25541000000.0,582000000.0,17607000000.0,48142368000.0,56090368000.0,18.429330065359476,1.2477095351204615,0.21098033817422626,0.5095866119915771,0.026379780566619396,18.429330065359476,0.03540950903247257,10.722130957683742,18.835042253521127,2.6677583952122355,0.29107981220657275,2.754295532646048,0.003863540738170586,0.1030123660724528,0.8561248727519511,0.01466033450340698,73.38775609756098,0.6429844097995545,-0.16666666666666666,1.2519032532627197,0.32642192096964573,0.40621095102337645,-0.030557421087978508,-0.17548387096774193,-0.13404417364813404,0.5272872128535386,0.11337649814023966,0.22822712680881305,Railroads,Industrials,UNP
2010Q4,2010,Q4,2011-02-04,2010-12-31,775000000.0,4410000000.0,1313000000.0,0.78,2978000000.0,0.6752834467,43088000000.0,17763000000.0,3432000000.0,2952000000.0,25325000000.0,534000000.0,17154000000.0,45366336000.0,53522336000.0,18.14031862745098,1.1626016260162602,0.21449127367248422,0.5202949952147723,0.03193303813794683,18.14031862745098,0.04363001745200698,10.287151020408164,14.63430193548387,2.5539793953724033,0.21161290322580645,2.6816479400749063,0.003615015327664989,0.10234868176754548,0.768970189701897,0.017986446342369105,77.02264176570458,0.6752834467120181,0.0,1.8695860382441265,0.33480960735578413,0.4203100569767558,-0.021360499507065395,-0.0038560411311053984,-0.06281227694503926,0.6712591350185695,0.11255939116175424,0.20679386287720092,Railroads,Industrials,UNP
2010Q3,2010,Q3,2010-10-22,2010-09-30,778000000.0,4408000000.0,1401000000.0,0.78,3043000000.0,0.6903357532,43001000000.0,17436000000.0,3910000000.0,3185000000.0,25565000000.0,504000000.0,16566000000.0,40327400000.0,48688400000.0,17.683569979716026,1.227629513343799,0.2260179995814051,0.5574099564120211,0.03153112901221827,17.683569979716026,0.04462032576278963,9.148684210526316,12.958676092544987,2.3128813948153244,0.2133676092544987,2.7083333333333335,0.004116308018865585,0.10250924397107045,0.8335949764521193,0.018092602497616333,102.09468354430379,0.6903357531760436,0.1142857142857144,1.2580847309487293,0.3640396349236026,0.39659336613418017,0.07907801418439717,0.09423347398030943,0.09538702111024237,0.5614817978007899,0.1230339523067638,0.21024913701131323,Railroads,Industrials,UNP
2010Q2,2010,Q2,2010-07-23,2010-06-30,711000000.0,4182000000.0,1279000000.0,0.7,2820000000.0,0.6743185079,42535000000.0,17323000000.0,3702000000.0,3035000000.0,25212000000.0,496000000.0,15951000000.0,34880118000.0,42928118000.0,17.260860900757272,1.2197693574958814,0.22017162336899024,0.5406107487155805,0.02973305256318505,17.260860900757272,0.041043699128326505,8.340535150645625,12.264457805907174,2.013514864630838,0.19268635724331926,2.745967741935484,0.003927739005928821,0.09831903138591748,0.8457990115321252,0.01671564593863877,78.55882432432432,0.6743185078909613,0.37254901960784303,2.1962326183678673,0.3099130212574444,0.3973520969484825,0.06015037593984962,0.37790697674418605,0.29453441295546556,0.7040912803593162,0.10488292566927121,0.19892855774246693,Railroads,Industrials,UNP
2010Q1,2010,Q1,2010-04-23,2010-03-31,516000000.0,3965000000.0,988000000.0,0.51,2660000000.0,0.6708701135,42712000000.0,17213000000.0,4112000000.0,2909000000.0,25499000000.0,506000000.0,15406000000.0,36979850000.0,44945850000.0,17.05946481665015,1.4135441732554141,0.22754729350065556,0.5646313832568408,0.022697184596003575,17.05946481665015,0.029977342706094232,9.326569987389659,17.916593992248064,2.1483675129262765,0.2616279069767442,2.5790513833992095,0.003650636765698076,0.09283105450458888,1.0213131660364387,0.012080914028844352,189.6402564102564,0.6708701134930644,-0.0555555555555556,3.177477700693756,0.3035610973321326,0.39267461057849745,0.05304829770387965,-0.06352087114337568,-0.013972055888223553,0.4340325670006212,0.1050753661319365,0.19538840665126694,Railroads,Industrials,UNP
2009Q4,2009,Q4,2010-02-05,2009-12-31,551000000.0,3754000000.0,1002000000.0,0.54,2526000000.0,0.6728822589,42410000000.0,16941000000.0,3680000000.0,2682000000.0,25469000000.0,475000000.0,15167000000.0,32237550000.0,40235550000.0,16.789890981169474,1.372110365398956,0.2322093845791087,0.5813116108848356,0.023634495330652285,16.789890981169474,0.03252464435393424,8.587519978689398,14.626837568058075,1.9029307596954135,0.24682395644283123,2.5852631578947367,0.004218682871372049,0.08851685923131337,0.9381058911260254,0.012992218816316906,70.2343137254902,0.6728822589238146,0.058823529411764754,6.227679993978247,0.20925423134592522,0.3872390367373213,0.005573248407643312,0.06576402321083172,0.03619441571871768,0.21872712596936858,0.016427518311971753,0.18687160384129042,Railroads,Industrials,UNP
2009Q3,2009,Q3,2009-10-22,2009-09-30,517000000.0,3671000000.0,967000000.0,0.51,2512000000.0,0.6842822119,41689000000.0,16429000000.0,3217000000.0,2748000000.0,25260000000.0,490000000.0,14752000000.0,29355885000.0,37713885000.0,16.327767839395747,1.170669577874818,0.23490609033558013,0.596080102258202,0.023109856863193758,16.327767839395747,0.03146874429362712,7.9966998093162625,14.195302224371373,1.7868333434779962,0.26305609284332687,2.3653061224489798,0.004632801906670502,0.08805680155436686,0.7867540029112081,0.012401352874859075,451.629,0.6842822119313539,0.10869565217391301,1.6352062755470538,0.2287781941817687,0.33266898933380556,0.12393736017897092,0.1047008547008547,0.28761651131824234,0.32025820863030174,-0.011465793825707137,0.19302146596316117,Railroads,Industrials,UNP
2009Q2,2009,Q2,2009-07-24,2009-06-30,468000000.0,3303000000.0,751000000.0,0.46,2235000000.0,0.676657584,41550000000.0,16019000000.0,3346000000.0,2834000000.0,25531000000.0,507000000.0,14371000000.0,26180974000.0,34514974000.0,15.926625571684232,1.1806633733239238,0.2404332129963899,0.6236344341094949,0.01836049227107005,15.926625571684232,0.029215306823147512,7.926422646079322,13.985563034188035,1.6343700605530933,0.2905982905982906,2.106508875739645,0.005194611934605641,0.07949458483754512,0.8062808750882146,0.011263537906137185,-68.17961979166667,0.6766575840145322,0.2777777777777779,2.049784666654921,0.12276718440112398,0.31276770471475573,-0.24160162877502545,0.292817679558011,0.11755952380952381,0.2851859216544044,-0.09827319669799937,0.19016032367799196,Railroads,Industrials,UNP
2009Q1,2009,Q1,2009-04-24,2009-03-31,362000000.0,3415000000.0,672000000.0,0.36,2947000000.0,0.8629575403,40199000000.0,15654000000.0,3017000000.0,2682000000.0,24545000000.0,446000000.0,14040000000.0,20665997000.0,28394997000.0,15.569922418937736,1.1249067859806114,0.22873703325953382,0.5873898045228056,0.01767092008293268,15.569922418937736,0.02312507985179507,6.051536456808199,14.272097375690606,1.3201735658617606,0.3756906077348066,1.0493273542600896,0.006580858402331134,0.0849523619990547,0.7509321401938852,0.009005199134306823,33.878683606557374,0.8629575402635432,-0.4461538461538462,1.2580947730738858,0.21495393936001728,0.29131647985226966,0.06159942363112392,-0.4523449319213313,-0.4110429447852761,0.2424815961652734,-0.0174411278824804,0.1880299139711325,Railroads,Industrials,UNP
2008Q4,2008,Q4,2009-02-06,2008-12-31,661000000.0,4286000000.0,1141000000.0,0.65,2776000000.0,0.647690154,39722000000.0,15447000000.0,2813000000.0,2880000000.0,24275000000.0,450000000.0,13813000000.0,24029060000.0,31707060000.0,15.364034215237716,0.9767361111111111,0.22473692160515582,0.5779115685893701,0.029781375300666317,15.364034215237716,0.04279148054638441,5.606406906206253,9.088146747352496,1.5555810189680843,0.20726172465960666,3.3555555555555556,0.005701429852020845,0.10789990433512915,0.6399305555555556,0.016640652535119076,89.99647940074907,0.6476901539897341,-0.05797101449275352,1.0430300999228788,0.487801554573264,0.28692752193038595,-0.0440771349862259,-0.059743954480796585,-0.060905349794238686,1.3836996435464708,0.263471427173682,0.2029387553653692,Railroads,Industrials,UNP
2008Q3,2008,Q3,2008-10-23,2008-09-30,703000000.0,4846000000.0,1215000000.0,0.69,2904000000.0,0.5992571193,39551000000.0,15735000000.0,2889000000.0,3441000000.0,23816000000.0,569000000.0,13289000000.0,36049656000.0,43654656000.0,15.53000394788788,0.8395815170008718,0.2139516067861748,0.5377820146170956,0.031858866354080057,15.53000394788788,0.044677470606927235,7.43905406520842,12.819934566145092,2.291048999046711,0.16216216216216217,3.413005272407733,0.003162304794253793,0.1225253470203029,0.4989828538215635,0.017774518975499986,83.83640930232558,0.5992571192736277,0.3529411764705881,1.2264207103458324,0.6458496159223287,0.36464409258738356,0.12689173457508732,0.3239171374764595,0.3050483351235231,0.9856271203849032,0.4593200438978669,0.22651141791710433,Railroads,Industrials,UNP
2008Q2,2008,Q2,2008-07-24,2008-06-30,531000000.0,4568000000.0,931000000.0,0.51,2577000000.0,0.5641418564,39112000000.0,15566000000.0,2676000000.0,3354000000.0,23546000000.0,580000000.0,12721000000.0,38829650000.0,46517650000.0,15.133190744701537,0.7978533094812165,0.21218551851094294,0.5331491712707183,0.025200603761119805,15.133190744701537,0.03411280997044841,8.500361208406305,18.281379472693033,2.4945168957985353,0.21657250470809794,3.432758620689655,0.0029616543028330154,0.11679280016363265,0.44364937388193204,0.013576395991000205,252.1405844155844,0.5641418563922942,0.21428571428571436,0.8204476958973363,0.38097586014867607,0.3607143444284091,0.34358706986444215,0.1986455981941309,0.1814720812182741,1.3290426005095473,0.3960425607528977,0.2251066700677902,Railroads,Industrials,UNP
2008Q1,2008,Q1,2008-04-24,2008-03-31,443000000.0,4270000000.0,788000000.0,0.42,1918000000.0,0.4491803279,38555000000.0,15557000000.0,2647000000.0,3132000000.0,22998000000.0,514000000.0,12996000000.0,32498496000.0,39789496000.0,15.004822530864198,0.8451468710089399,0.21055634807417975,0.5218229735810246,0.02146264385041862,15.004822530864198,0.028475927235328147,7.610888992974239,18.34000902934537,2.0889950504596,0.2595936794582393,4.575875486381323,0.0035386252951521207,0.11075087537284399,0.4885057471264368,0.011490079107768123,637.2254117647059,0.4491803278688525,-0.10638297872340424,1.794110911987256,0.3566630355846043,0.37986645956123666,-0.48675408081348676,-0.09775967413441955,-0.08796296296296297,2.4903127411265435,0.3661936180046374,0.2249408524571834,Railroads,Industrials,UNP
2007Q4,2007,Q4,2008-02-28,2007-12-31,491000000.0,4197000000.0,864000000.0,0.47,3737000000.0,0.8903979033,38033000000.0,15585000000.0,2594000000.0,3041000000.0,22448000000.0,453000000.0,12667000000.0,32560704000.0,39364704000.0,15.031828703703704,0.8530088786583361,0.20198248889122605,0.4929098492139878,0.023405471108319875,15.031828703703704,0.03150465190888675,7.7580900643316655,16.57876985743381,2.0892334937439845,0.18737270875763748,1.0154525386313467,0.0028254917338396616,0.11035153682328504,0.49654718842486023,0.012909841453474614,37.46916455696203,0.8903979032642364,-0.06000000000000005,0.26987597165066307,0.2939406017496525,0.43050057028204625,0.7854753941710464,-0.07706766917293233,-0.14029850746268657,5.267942256602595,0.3157049068029795,0.24198183268214873,Railroads,Industrials,UNP
2007Q3,2007,Q3,2007-10-24,2007-09-30,532000000.0,4191000000.0,1005000000.0,0.5,2093000000.0,0.4994034837,37917000000.0,15383000000.0,2863000000.0,3146000000.0,22534000000.0,475000000.0,12292000000.0,30089024000.0,36908024000.0,14.611512158054712,0.9100445009535919,0.2067937864282512,0.5097185204446467,0.025410456869235525,14.611512158054712,0.034583631281284534,7.179437842996898,14.139578947368419,1.955991939153611,0.17669172932330826,4.416842105263158,0.0031240627811656508,0.11053089643167972,0.5855054036872218,0.014030645884431786,-171.93728,0.4994034836554522,0.2195121951219513,0.1679000925069381,0.25683688671706867,0.40562218112536985,0.09753539590980598,0.19282511210762332,0.2770012706480305,1.591636823256794,0.3407419832332679,0.1925885602887167,Railroads,Industrials,UNP
2007Q2,2007,Q2,2007-07-26,2007-06-30,446000000.0,4046000000.0,787000000.0,0.41,1907000000.0,0.4713297084,37302000000.0,15445000000.0,2272000000.0,3135000000.0,21857000000.0,445000000.0,11851000000.0,30883230000.0,37597230000.0,14.396905294556301,0.7247208931419458,0.19398423677014637,0.46850113305276786,0.02201365051791678,14.396905294556301,0.028876659112981547,7.6330276816608995,17.311227578475336,1.9995616704435093,0.21300448430493274,4.806741573033708,0.0030761031148620137,0.1084660339928154,0.39617224880382773,0.011956463460404267,-65.4305720338983,0.4713297083539298,0.17142857142857143,0.3773941284979789,0.20437336299158712,0.4375496195773873,0.019241047568145375,0.15544041450777202,0.09457579972183588,1.7249030102228642,0.2894362696764979,0.1866790132953284,Railroads,Industrials,UNP
2007Q1,2007,Q1,2007-04-26,2007-03-31,386000000.0,3849000000.0,719000000.0,0.35,1871000000.0,0.4861002858,36686000000.0,15447000000.0,2256000000.0,2963000000.0,21239000000.0,414000000.0,11499000000.0,27479430000.0,33612430000.0,14.271064301552107,0.7613904826189672,0.1834759853895219,0.4357480416909432,0.020151260428542653,14.271064301552107,0.024988670939340974,7.139368667186282,17.79755829015544,1.778949310545737,0.21502590673575128,4.777777777777778,0.0030204411081306997,0.10491740718530229,0.424569692878839,0.010521724908684511,-443.2166129032258,0.4861002857885165,-0.2045454545454546,0.6127990518234422,0.2033065867932327,0.4567048148391944,-0.5093102543928665,-0.20412371134020618,-0.11234567901234568,1.2365159354072879,0.27194435992375515,0.1835935993625166,Railroads,Industrials,UNP
