Quarters,Year,Quarter,FillingDate,Date,NetIncome,Revenue,OperatingIncome,EPSDiluted,GrossProfit,GrossProfitRatio,TotalAssets,CommonStockEquity,CurrentAssets,CurrentLiability,TotalLiability,Inventory,RetainedEarnings,MarketCap,EnterpriseValue,bookValuePerShare,currentRatio,debtToAssets,debtToEquity,roic,shareholdersEquityPerShare,roe,priceToSalesRatio,peRatio,pbRatio,payoutRatio,inventoryTurnover,dividendYield,assetTurnover,quickRatio,returnOnAssets,priceToFreeCashFlowsRatio,grossProfitMargin,epsdilutedGrowth,fiveYNetIncomeGrowthPerShare,fiveYRevenueGrowthPerShare,fiveYShareholdersEquityGrowthPerShare,grossProfitGrowth,netIncomeGrowth,operatingIncomeGrowth,threeYNetIncomeGrowthPerShare,threeYRevenueGrowthPerShare,threeYShareholdersEquityGrowthPerShare,Industry,Sector,Symbol
2023Q1,2023,Q1,2023-05-12,2023-03-31,-10082915.0,33126335.0,-2852810.0,-0.32,28911366.0,0.8727607808,33869830.0,-7329507.0,19164769.0,27018606.0,41230834.0,3382582.0,-195348013.0,453985520.08,458936082.08,-0.2313550337277092,0.709317460715775,0.4864331471400949,-2.2478193963113755,-0.8053247514210037,-0.2313550337277092,1.3756607367998965,13.704670923602022,-11.256306337998486,-61.939434682305375,-0.07701770767679783,1.246080361096937,0.0017105457457391073,0.9780484578753421,0.5352550386944464,-0.297696061657233,-102.58222150015692,0.872760780810796,0.13513513513513511,-16.65416804544675,19.08160137519569,-7.297258307134538,0.2020350393912926,0.12891952800396572,0.5839774723307636,-3.1004655096711193,6.494151167307538,-1.1034184575951012,Pharmaceutical Retailers,Healthcare,LFMDP
2022Q4,2022,Q4,2023-03-22,2022-12-31,-11575182.0,28119716.0,-6857345.0,-0.37,24052016.0,0.8553434892,25665853.0,-6829955.0,11311357.0,31374151.0,32971356.0,3703363.0,-190562994.0,433095908.4357,433264430.4357,-0.22077947434291248,0.3605310945306536,0.16081596820491414,-0.6043200870283918,5.157892897804962,-0.22077947434291248,1.6947669494162114,15.401859266135547,-9.353976214708762,-63.41123893725508,-0.06708853476342748,1.0983800399798778,0.001793048571631318,1.0956080828484447,0.21653835349998793,-0.4509954140234498,-115.79937306672578,0.8553434892443437,-0.48,-14.05927364248662,18.06386742981217,-8.7237300465912,-0.09902786699859119,-0.5107440600957359,-0.005814863397500125,-14.878018161955183,6.109907446013374,-5.893178072810103,Pharmaceutical Retailers,Healthcare,LFMDP
2022Q3,2022,Q3,2022-11-10,2022-09-30,-7661908.0,31412469.0,-6817701.0,-0.25,26695627.0,0.84984173,33361561.0,3882657.0,12973699.0,24935287.0,30278620.0,3676131.0,-177851083.0,433095908.4357,428667024.4357,0.125507557738496,0.5202947533750063,0.042202431714751,0.3626225546062915,-1.08339561102219,0.125507557738496,-1.9733672070440422,13.787388327727438,-14.131464004648059,111.54627061718304,-0.10135373591016754,1.2830995413384343,0.0017930508805887118,0.9415767145907831,0.3358670385466187,-0.22966275468944633,-86.31593653889156,0.8498417300467531,0.40476190476190477,-6.234348623888694,14.269363378652086,3.7361842282067745,0.033785140463103956,0.41457623352683165,0.4716649908459504,-6.110062738007939,9.01963778812009,9.24174078153761,Pharmaceutical Retailers,Healthcare,LFMDP
2022Q2,2022,Q2,2022-08-11,2022-06-30,-13087798.0,30458498.0,-12904125.0,-0.42,25823187.0,0.8478155095,37969481.0,7847410.0,18510217.0,25869031.0,31155089.0,2965242.0,-169792847.0,430575570.43050003,420433851.43050003,0.2547491086113653,0.7155357693915941,0.041496037304276034,0.20077745396251756,-1.1836398331815825,0.2547491086113653,-1.6677856770577808,14.136467610139542,-8.224751987127629,54.86849424593591,-0.05933480941560987,1.5632150765434996,0.0018035440311292494,0.8021836800982347,0.5501144979106485,-0.3446925703303661,-34.134926262512955,0.8478155094844139,0.0454545454545455,-8.898994975022953,26.54750651959201,53.61441448861177,0.08525126349767019,0.02820181369981858,0.015479497047954855,-15.022986136231236,10.30541262860404,6.189702415570334,Pharmaceutical Retailers,Healthcare,LFMDP
2022Q1,2022,Q1,2022-05-13,2022-03-31,-13467609.0,29042837.0,-13107015.0,-0.44,23794662.0,0.8192953739,50290476.0,17398090.0,29579462.0,25612668.0,33935405.0,1240034.0,-155997323.0,555356124.0,532075413.0,0.5639005432125207,1.1548762510801296,0.03587027094354804,0.1036856919351492,-0.6349386276175359,0.5639005432125207,-0.7740854886944486,19.121965392017316,-10.309107652293736,31.920522540117908,-0.05766153442678652,4.232283147075,0.0013983153627743195,0.5775017321371148,1.049525414533152,-0.26779641139208943,-38.41450813543699,0.8192953739333385,0.24137931034482754,-11.321725494214531,67.42270215001578,17.408679446721585,0.08903773099072398,0.25206609688457715,0.04081047799373524,-19.290274758303994,9.760631569587142,42.00571247772233,Pharmaceutical Retailers,Healthcare,LFMDP
2021Q4,2021,Q4,2022-03-07,2021-12-31,-18006416.0,27416884.0,-13664677.0,-0.58,21849254.0,0.7969269593,49923243.0,26850855.0,44921440.0,22825589.0,24104133.0,1616600.0,-141921085.0,504646452.0811,465167847.0811,0.9941829744200238,1.9680298282773776,0.0370455501057894,0.06887803014093964,-0.44841494535651105,0.9941829744200238,-0.6706086640444038,18.406411614138936,-7.006481079870364,18.794427666497025,0.0,3.444036867499691,0.0,0.549180749335535,1.8535378867988905,-0.3606820173921794,-68.15508000746854,0.7969269593145596,-1449.0,-32.23812483801439,30.7681913745079,87.36327568029951,0.10067860538201351,-0.43006760856540355,-0.08524716741014275,-320.1722294291878,13.336984019855247,33.16914851662245,Pharmaceutical Retailers,Healthcare,LFMDP
2021Q3,2021,Q3,2021-11-10,2021-09-30,-12591304.0,24947199.0,-12591304.0,-0.0004,19850712.0,0.7957090493,16351645.0,-13561803.0,14132557.0,19877258.0,31014023.0,1587094.0,-122938363.0,746645455.6,748298647.6,-0.4395602091172762,0.7109912745510473,0.6788408750312277,-0.8184874090856503,4.899975913118467,-0.4395602091172762,0.9284387923936073,29.92902953153178,-14.824625304892963,-55.05502886305014,0.0,3.2112067716215926,0.0,1.5256690687695336,0.5505870075238748,-0.7700328621371122,-90.25609673278556,0.7957090493405693,0.19999999999999998,-54.55371032997869,17.019847171649833,-46.21022962143133,0.09590079897411906,0.25188471067751195,0.2192293022474504,-17.074308000821087,8.997178435408172,-11.818630939085484,Pharmaceutical Retailers,Healthcare,LFMDP
2021Q2,2021,Q2,2021-08-13,2021-06-30,-16830700.0,22313611.0,-16126763.0,-0.0005,18113603.0,0.8117737196,23987500.0,-3150020.0,22479659.0,18546870.0,28139389.0,1614117.0,-108584988.0,746645455.6,739161971.6,-0.10209729856152626,1.2120459678641193,0.41399699843668575,-3.1525999834921685,-2.2700983665333587,-0.10209729856152626,5.343045440981327,33.46143551574866,-11.090528849067478,-237.0287984203275,0.0,2.602046815689321,0.0,0.9302182803543513,1.0258628544870374,-0.7016446065659198,-64.06123830059126,0.811773719636862,-0.24999999999999997,-83.16359963195582,17.181841960094427,-12.321762445772697,0.21284057653306268,-0.47411830064964483,-0.3531051353892745,-26.726215421921744,9.950734576735002,-3.3931684969857665,Pharmaceutical Retailers,Healthcare,LFMDP
2021Q1,2021,Q1,2021-05-14,2021-03-31,-11417469.0,18198112.0,-11918337.0,-0.0004,14934859.0,0.8206817828,18743701.0,3704482.0,17837524.0,15443714.0,15807115.0,1674381.0,-91754288.0,746645455.6,734176469.6,0.12006831854077114,1.1550022229108878,0.05002587269184458,0.2531177098444533,-2.336367908499501,0.12006831854077114,-3.0820689640278993,41.02873174975514,-16.34875154029321,201.55191889176407,0.0,1.9489309780748827,0.0,0.9708921413118999,0.9556055622371665,-0.6091363173153477,-81.54989270605412,0.8206817828135139,0.6363636363636365,-183.0073006817193,10.08945855890332,47.17522367873491,0.3995884880487509,0.6614032159056431,0.6313316146411343,-19.201638191739853,10.32786427063706,2.2681424915285486,Pharmaceutical Retailers,Healthcare,LFMDP
2020Q4,2020,Q4,2021-03-30,2020-12-31,-33719957.0,12893552.0,-32328069.0,-0.0011,10670893.0,0.8276146868,13053655.0,1353923.0,12063395.0,13490096.0,13875419.0,1264258.0,-80151905.0,345458702.59999996,337344082.59999996,0.09484472775878479,0.8942408564030975,0.08154459421518341,0.78620054463954,-12.00056540002904,0.09484472775878479,-24.905372757534955,26.79313680202321,-2.561233267586907,255.1538769930048,0.0,1.758073905800873,0.0,0.9877350060193869,0.7284971137344018,-2.5831812622594974,-52.31225116153137,0.8276146867829749,-0.5714285714285715,-953.5236032840772,73.64072895811084,28.239748768157458,0.29018452447379206,-0.6123562206283741,-0.5744823074941604,-94.06958199935991,17.9430990827098,2.318039757688214,Pharmaceutical Retailers,Healthcare,LFMDP
2020Q3,2020,Q3,2020-11-16,2020-09-30,-20913466.0,11005763.0,-20532507.0,-0.0007,8270827.0,0.7514996461,5429491.0,-7294180.0,4652990.0,9435904.0,13394130.0,1858545.0,-47901176.0,355127570.59999996,355993317.59999996,-0.4970584393145397,0.49311544500664695,0.32827828612295334,-0.24435700791590007,3.7605374237712925,-0.4970584393145397,2.867144216347828,32.26741940563321,-4.245202237161453,-48.686428166017286,0.0,1.4715468282984807,0.0,2.0270340258414645,0.14105474154887546,-3.8518280995400858,-78.95055504534024,0.7514996461399359,-5.999999999999999,-5416.68640966544,81.67460337334009,-111.07023246736966,0.1987444154168916,-5.1890346469313275,-5.379780522574768,-40.62733789281752,10.277923303188384,-19.757120154338903,Pharmaceutical Retailers,Healthcare,LFMDP
2020Q2,2020,Q2,2020-08-14,2020-06-30,-3379116.0,9089783.0,-3218372.0,-0.0001,6899575.0,0.7590472732,3024299.0,-4410378.0,2191087.0,7164014.0,7903903.0,808846.0,-23705170.0,746645455.6,747409166.6,-0.1429475620583955,0.30584627556562566,0.363675020227828,-0.24938043859279183,0.9613497747975601,-0.1429475620583955,0.7661737837437064,82.14117494334023,-55.239702898627925,-169.29284873087977,0.0,2.7078182991570707,0.0,3.005583442642411,0.10778538400399552,-1.1173220637245194,-424.55940603968077,0.7590472731857295,0.0,-159.6960243484877,31.773335785082544,-25.623071350959798,1.7108471604877153,-0.4110646386562482,-0.8491024156782083,-3.0362118720514655,7.2080867387020975,-28.52356662315493,Pharmaceutical Retailers,Healthcare,LFMDP
2020Q1,2020,Q1,2020-05-19,2020-03-31,-2394728.0,4304812.0,-1740505.0,-0.0001,2545173.0,0.5912390599,2291048.0,-3393535.0,1571843.0,4639464.0,6000455.0,554285.0,-20238552.0,746645455.6,746917471.6,-0.10999001786464499,0.33879840429842756,0.27493662289048504,-0.18561558964324812,0.6016958637021544,-0.10999001786464499,0.7056735822674586,173.44438168263795,-77.94679141013091,-220.01996608256582,0.0,3.1746105342919257,0.0,1.878970671937035,0.13802434936449556,-1.0452543988602596,1259.1941304146183,0.5912390599171345,0.0,-1438.4117647058824,13.932901341418148,-23.98332498969315,-0.052826015035411476,-2.293705351125489,-2.3511979944856054,-1.190973991694396,9.141807747218833,-2.2005483364110843,Pharmaceutical Retailers,Healthcare,LFMDP
2019Q4,2019,Q4,2020-03-30,2019-12-31,-727062.0,3944454.0,-519368.0,0.0,2687123.0,0.6812408004,3446179.0,-988185.0,2747102.0,3975442.0,4575420.0,950059.0,-16594917.0,746645455.6,746383543.6,-0.03202869155720339,0.6910180050419551,0.24511553230403876,-0.8548115990426893,3.9162898469897724,-0.03202869155720339,0.7357549446712913,189.28993863282471,-256.7337639706105,-755.5725452217955,0.0,1.3234241241859717,0.0,1.1445876723176596,0.3028775165126293,-0.21097627256158197,4698.483787253323,0.681240800374399,0.0,-4.044242630275364,23.707038565853843,-6.083865001648769,0.0982884324091021,0.3234996371215364,0.4666069634982223,-0.1748256494115063,3.000866213611929,-1.782287355350959,Pharmaceutical Retailers,Healthcare,LFMDP
2019Q3,2019,Q3,2019-11-14,2019-09-30,-1074740.0,3126727.0,-973706.0,0.0,2446646.0,0.7824942824,2546232.0,-469840.0,1761434.0,2984176.0,3114154.0,747525.0,-15883372.0,746645455.6,746617187.6,-0.0152282826001573,0.5902580812927923,0.29558382739671796,-1.6018751064192065,-3.0289655726993963,-0.0152282826001573,2.2874595607015156,238.79457835621722,-173.6804844892718,-1589.1483390090243,0.0,0.9097769305374402,0.0,1.2279819749339416,0.28354460326736763,-0.4220903672564008,-1363.2728526929664,0.7824942823597967,0.0,-9.343586387434556,17.896149731973964,-14.475116102895162,0.19746025344607174,-0.31369605820286905,-0.1686832740213523,-3.7418277439764225,1.2584957408433368,-2.566279519421813,Pharmaceutical Retailers,Healthcare,LFMDP
2019Q2,2019,Q2,2019-08-14,2019-06-30,-818104.0,2698407.0,-833165.0,0.0,2043196.0,0.757185999,2198917.0,-1514500.0,1329006.0,2347896.0,3628002.0,703286.0,-14941930.0,746645455.6,746680734.6,-0.04908742124539892,0.566041255660387,0.1366063384838991,-0.19834004621987456,0.5978093022369061,-0.04908742124539892,0.5401809177946517,276.698606103527,-228.16336786032093,-492.9979898316276,0.0,0.9316423190565432,0.0,1.2271527301849046,0.15689706869469516,-0.3720486039263874,7966.937574425404,0.7571859989986685,0.0,-10.441213901125794,12.724598318507104,-105.13944853193976,0.010974177852041819,-0.23255397011210596,-0.4788974899222357,-3.091010921310557,1.1987480922748233,-6.443396938471104,Pharmaceutical Retailers,Healthcare,LFMDP
2019Q1,2019,Q1,2019-05-15,2019-03-31,-663747.0,2698990.0,-563369.0,0.0,2021017.0,0.7488049233,2626918.0,404553.0,1671286.0,2274172.0,2404441.0,877146.0,-12804417.0,746645455.6,746862477.6,0.013112224184278555,0.7348986796073472,0.1748364433149417,1.1352801734259788,-0.5701256060695,0.013112224184278555,-1.640692319671341,276.63883734285787,-281.22366489038745,1845.6060283819425,0.0,0.7729306181639088,0.0,1.0274359534633362,0.2970144738392699,-0.2526713814439583,1366.3213964689348,0.7488049233231691,0.0,-3.709462959152541,13.025900461988579,3.900821340311092,0.3077647311566341,-11.298954195630586,0.23941207125132644,-9.697142580863511,0.6446946670014162,4.26104088639201,Pharmaceutical Retailers,Healthcare,LFMDP
2018Q4,2018,Q4,2019-04-01,2018-12-31,64448.0,2184578.0,-740702.0,0.0,1545398.0,0.7074125987,2616135.0,897700.0,1605070.0,1192397.0,1796397.0,1022616.0,-12140670.0,746645455.6,746712778.6,0.02909592476196409,1.3460869156832833,0.09457310115877048,0.2756110059039768,-1.1631168854194411,0.02909592476196409,0.0717923582488582,341.7801770410578,2896.3096434334657,831.7315980839924,0.0,0.6250440047877209,0.0,0.8350402406603634,0.23410491639948774,0.02463481433488715,-1793.4541601712158,0.7074125986803859,0.0,1.9006903876792351,12.60887332893114,3.5921212152214728,-0.24824599423171312,1.092512499264327,-0.6886676956257082,-0.15767461313258055,4.851302668548731,7.970003397350067,Pharmaceutical Retailers,Healthcare,LFMDP
2018Q3,2018,Q3,2018-11-14,2018-09-30,-696641.0,2495424.0,-438631.0,0.0,2055723.0,0.8237970782,1899364.0,1253560.0,1564233.0,699882.0,699882.0,623446.0,-11428575.0,746645455.6,746238183.6,0.04062992920196915,2.2349953277838264,0.0,0.0,-0.41576414781077115,0.04062992920196915,-0.5557300807300807,299.2058486253238,-267.9448437574016,595.6200386100386,0.0,0.7052751962479509,0.0,1.3138208368696047,0.8328589676545475,-0.36677593131174435,-2860.4365696772343,0.8237970781718859,0.0,-3.9986438586168798,25.357514047910772,29.731288764678485,0.36782932299959614,-0.14761824747295035,0.2658809391909194,-86.80379357063677,7.915922310671563,10.160704759538444,Pharmaceutical Retailers,Healthcare,LFMDP
2018Q2,2018,Q2,2018-08-17,2018-06-30,-607032.0,2037636.0,-597493.0,0.0,1502909.0,0.7375748171,1837916.0,1316255.0,1471367.0,511469.0,511469.0,507211.0,-10879598.0,746645455.6,746017384.6,0.04266197665986303,2.8767471733379737,0.034331275205178036,0.04793751970552818,-0.40542587035549327,0.04266197665986303,-0.4611811541076767,366.4272988894974,-307.4983920122827,567.2498532579174,0.0,1.054249612094375,0.0,1.1086665549459278,1.4765586966169992,-0.3302827767971986,-2538.7123452928217,0.7375748170919635,0.0,-37.288886085530464,5.310365651604352,6.306114632711287,0.20132961588696746,-1.967725582159078,-1.139144475393285,-27.867795320525012,6.346724210662946,8.945520946516963,Pharmaceutical Retailers,Healthcare,LFMDP
2018Q1,2018,Q1,2018-05-15,2018-03-31,627277.0,1606491.0,-279314.0,0.0,1251038.0,0.7787395012,1205528.0,1133513.0,1205528.0,318402.0,318402.0,601174.0,-10272566.0,746645455.6,746415627.6,0.03673900965212009,3.7861822475989473,0.0,0.0,0.5409013264706826,0.03673900965212009,0.5533919769777673,464.76790445760355,297.57406042306667,658.7003903792898,0.0,0.5912647586222957,0.0,1.3326036392352563,1.6194213604185903,0.5203338288285299,11325.16465841524,0.7787395011861256,0.0,16.11984477065105,5.976917197230932,8.40581020977164,0.1851664487769757,1.8182681508131455,-0.44345336530511,375.5168067226891,4.572733863610346,9.344962895341304,Pharmaceutical Retailers,Healthcare,LFMDP
2017Q4,2017,Q4,2018-04-02,2017-12-31,-766591.0,1471092.0,-193504.0,0.0,1055580.0,0.7175485966,1263810.0,881923.0,1263810.0,640971.0,640971.0,707161.0,-10899843.0,746645455.6,746671555.6,0.028584566396174287,1.9717116687026401,0.1325191286664926,0.1899020662801628,-0.7427316149607582,0.028584566396174287,-0.8692266785195533,507.5450451773241,-243.49537615234198,846.6107081910778,0.0,0.5875776520481192,0.0,1.1640135779903624,0.8427042721121548,-0.606571399181839,-1488.7442861500977,0.7175485965527649,0.0,-9.77217413298859,11.730114226375909,5.532811354158179,-0.30378152202732955,0.27425123736599144,0.29266322326888844,-4.318488660094216,8.214539395799536,7.322119313538546,Pharmaceutical Retailers,Healthcare,LFMDP
2017Q3,2017,Q3,2017-11-14,2017-09-30,-1056276.0,2051734.0,-273567.0,0.0,1516162.0,0.7389661623,1337451.0,817599.0,1337451.0,776984.0,776984.0,377800.0,-10680261.0,746645455.6,746160028.6,0.02649972038482464,1.7213366040999558,0.057821183729347844,0.09458548750671172,-0.4953088609013142,0.02649972038482464,-1.291924280729306,363.9094812485439,-176.7164679496647,913.2171829955761,0.0,1.4176071995764954,0.0,1.5340629301559459,1.080784160291589,-0.7897679989771588,3792.3885392117027,0.7389661622802955,-1.0,-5.6290283103532675,12.488045228938633,0.0,0.9483636008491696,-1.6364983419814632,-0.21328117723758963,-9.165883892824144,11.39950685626915,27.929251342182408,Pharmaceutical Retailers,Healthcare,LFMDP
2017Q2,2017,Q2,2017-08-14,2017-06-30,1659511.0,1107418.0,-225477.0,0.0001,778172.0,0.7026904024,1157201.0,-149385.0,1157201.0,1590890.0,1590890.0,127448.0,-10001198.0,746645455.6,746283412.6,-0.004841812098213218,0.7273922144208588,0.06398456275098276,-0.4956521739130435,7.132667218899178,-0.004841812098213218,-11.108953375506243,674.2218887538401,112.47973885078194,-4998.128698329819,0.0,2.5833751804657585,0.0,0.9569798159524577,0.6007392088705065,1.4340732508872702,-18992.329651769134,0.7026904023593621,0.0,9.88189486303936,3.8663596495082744,0.0,2.5194522084430093,2.5183124930809506,0.3987055516739292,24.208321096426822,4.632533276368056,-11.27195214192395,Pharmaceutical Retailers,Healthcare,LFMDP
2017Q1,2017,Q1,2017-07-07,2017-03-31,-1092997.0,424462.0,-374986.0,0.0,221106.0,0.520908821,1073702.0,-1060298.0,1073702.0,2397110.0,2397110.0,136938.0,-10738687.0,746645455.6,746289399.6,-0.03436599179376295,0.44791519788411877,0.023283927942762517,-0.02357827705041413,0.3691111591891232,-0.03436599179376295,1.0308394432508596,1759.0395738605578,-170.779392715625,-704.1845364227793,0.0,1.485022418904906,0.0,0.3953257048976345,0.3907889083104238,-1.017970535586224,-1577.6777380529777,0.5209088210487629,0.0,-37.631357579613336,1.3774588878433482,0.0,-0.890622913061674,-0.7661229858386602,0.47054571126014827,-6.7551068192622346,1.2058109744373249,-13.844623734069872,Pharmaceutical Retailers,Healthcare,LFMDP
2016Q4,2016,Q4,2017-05-24,2016-12-31,-618868.0,985900.0,-708250.0,0.0,2021502.0,2.0504128208,789824.0,-355170.0,789824.0,1151549.0,1151549.0,160270.0,-9693882.0,746645455.6,746669259.6,-0.011511640411837791,0.6858796282225073,0.2612797281419658,-0.581031618661486,3.974807111448564,-0.011511640411837791,1.7424557254272601,757.3237200527437,-301.6174109826328,-2102.2199386209422,0.0,-6.461608535596182,0.0,1.2482527753018393,0.5467018772106094,-0.7835517786240985,-2520.6114983660573,2.0504128207728978,0.0,-7.69636332977348,7.531498788508134,-3.6309083770990895,3.576733508267092,-1.7304887249559897,-2.409900627816508,-7.648964418481146,5.141684213149272,-2.8168471560768746,Pharmaceutical Retailers,Healthcare,LFMDP
2016Q3,2016,Q3,2016-11-14,2016-09-30,-226651.0,1384429.0,-207704.0,0.0,441691.0,0.3190420022,1079375.0,299972.0,1079375.0,622309.0,622309.0,130530.0,-9075014.0,746645455.6,746385649.6,0.009722582981726515,1.7344679250983033,0.19836942675159236,0.7137832864400677,-0.42064470728835573,0.009722582981726515,-0.7555738535596656,539.316538153997,-823.5629399384958,2489.0504967130264,0.0,7.222385658469317,0.0,1.2826209612044006,1.5247168207433928,-0.20998355529820498,-21310.807615024547,0.3190420021539566,0.0,-0.4224273727414789,8.101199750189002,0.0,-0.16071408212514487,-0.1333910069208305,-0.3519579254322016,-0.6263005324110615,13.622808314673202,6.353877080728592,Pharmaceutical Retailers,Healthcare,LFMDP
2016Q2,2016,Q2,2016-08-15,2016-06-30,-199976.0,1227247.0,-153632.0,0.0,526270.0,0.428821582,865781.0,278227.0,865781.0,521640.0,521640.0,179255.0,-8848363.0,746645455.6,746510003.6,0.009017791978107367,1.6597289318303812,0.11550265020830904,0.3594187480007332,-0.5194219165458833,0.009017791978107367,-0.7187512355019463,608.3905323052328,-933.4188297595712,2683.5837485218904,0.0,3.9105017991129953,0.0,1.4175028096019664,1.3160915573959053,-0.23097757978056807,16412.31520453696,0.42882158196353304,0.0,-0.0702946874899648,4.3929277660107395,0.0,0.736371854853078,-2.22287224612806,-0.4618253787013778,-11.613599091711869,2.8006676927746104,0.544349959480012,Pharmaceutical Retailers,Healthcare,LFMDP
2016Q1,2016,Q1,2016-05-16,2016-03-31,-62049.0,1641028.0,-105096.0,0.0,303086.0,0.1846927658,641454.0,76896.0,641454.0,436963.0,436963.0,138494.0,-8648387.0,746645455.6,746541833.6,0.0024923250868842495,1.4679824149870813,0.15589582417445366,1.3004577611319184,-0.3408319486771826,0.0024923250868842495,-0.8069210362047441,454.9864204632706,-3008.2896404454546,9709.808775488971,0.0,9.660649558825654,0.0,2.5582941255335534,1.1510356712124368,-0.09673179994200676,-6112.279117514633,0.18469276575414922,0.0,-1.1930866292015692,8.191580409553255,0.0,-0.16570506821109654,-1.8109708281053953,0.6119369918248887,-0.49562513558464094,6.1269098142084095,-0.36192246415294743,Pharmaceutical Retailers,Healthcare,LFMDP
2015Q4,2015,Q4,2016-03-30,2015-12-31,76512.0,373349.0,-270822.0,0.0,363284.0,0.9730413099,448471.0,100078.0,448471.0,267481.0,267481.0,61051.0,-8586338.0,746645455.6,746512471.6,0.003243691610034357,1.6766461916921203,0.22297985822940614,0.9992206079258179,0.6998173773942209,0.003243691610034357,0.7645236715362017,1999.8592619773992,2439.6351408929318,7460.6352604968115,0.0,0.16486216441991122,0.0,0.8324930709009055,1.4484019425678833,0.17060634912848321,-3475.792692248607,0.9730413098736035,0.0,2.0751503569220393,2.2307805469020425,-0.2586759901925199,0.764405330846641,8.423820667569897,-16.09514519814949,2.0751503569220393,2.2307805469020425,-0.2586759901925199,Pharmaceutical Retailers,Healthcare,LFMDP
2015Q3,2015,Q3,2015-11-13,2015-09-30,8119.0,279884.0,17941.0,0.0,205896.0,0.7356476254,245015.0,-136841.0,245015.0,381856.0,381856.0,39429.0,-8535589.0,746645455.6,746678071.6,-0.004435240548459316,0.6416423992290288,0.43457747484847864,-0.7781147463114125,-1.3632805579718519,-0.004435240548459316,-0.05933163306319013,2667.6961012419433,22990.68406207661,-5456.299322571452,0.0,1.8764868497806184,0.0,1.1423137358937208,0.5383861979384899,0.033136746729792055,-31269.178976463692,0.7356476254448271,0.0,1.0509536152026158,0.8399500378003485,0.0,0.09606601011445302,1.386104241963097,2.0449039021549216,1.0509536152026158,0.8399500378003485,0.0,Pharmaceutical Retailers,Healthcare,LFMDP
2015Q2,2015,Q2,2015-08-13,2015-06-30,-21028.0,277353.0,-17170.0,0.0,187850.0,0.6772957206,251613.0,-165660.0,236352.0,412673.0,417273.0,21479.0,-8543708.0,746645455.6,746664393.6,-0.005369311458245484,0.5727343441417296,0.3914185674031151,-0.5945068212000483,0.21221015181230155,-0.005369311458245484,0.12693468550042256,2692.0403081992986,-8876.80064200114,-4507.095590969456,0.0,4.167000325899716,0.0,1.1022999606538613,0.5206858699260674,-0.08357278836944038,54285.69547767922,0.677295720615966,0.0,0.8874557112426542,0.21878048566130265,0.0,-0.12244640546386311,-13.621848739495798,-3.191728363543528,0.8874557112426542,0.21878048566130265,0.0,Pharmaceutical Retailers,Healthcare,LFMDP
2015Q1,2015,Q1,2015-05-14,2015-03-31,1666.0,288277.0,7834.0,0.0,214061.0,0.7425531693,216466.0,-135832.0,186961.0,343398.0,352298.0,43460.0,-8522680.0,746645455.6,746667347.6,-0.004402537208719067,0.5444440561680616,0.42474568754446423,-0.6768876258908063,0.11289822345191836,-0.004402537208719067,-0.012265151068967549,2590.027839890106,112041.63499399759,-5496.830316862006,0.0,1.7076852277956742,0.0,1.3317426293274695,0.41788536916347796,0.007696358781517651,-10637.945140838046,0.7425531693475372,0.0,1.0588838228537094,0.6146715508356858,0.0,0.21178035663741862,1.0115584478655724,1.0540577840034777,1.0588838228537094,0.6146715508356858,0.0,Pharmaceutical Retailers,Healthcare,LFMDP
2014Q4,2014,Q4,2015-03-30,2014-12-31,-144137.0,159649.0,-144919.0,0.0,176650.0,1.1064898621,175221.0,-139498.0,131473.0,301519.0,314719.0,41008.0,-8524346.0,746645455.6,746597160.6,-0.004521358262720805,0.4360355400488858,0.15523253491305267,-0.1949848743351159,1.2531025596942347,-0.004521358262720805,1.0332549570603162,4676.793813929307,-1295.0273968516065,-5352.373909303359,0.0,-0.41457764338665626,0.0,0.9111293737622773,0.3000308438274205,-0.8226011722339217,29290.551786905184,1.1064898621350587,0.0,-1.0254201562587826,0.3815247490481135,-2.033326172786465,0.8819781811983295,-0.3872131967970434,-0.09006732107262402,-1.0254201562587826,0.3815247490481135,-2.033326172786465,Pharmaceutical Retailers,Healthcare,LFMDP
2014Q3,2014,Q3,2014-11-14,2014-09-30,-103904.0,165469.0,-132945.0,0.0,93864.0,0.5672603328,313483.0,-30361.0,255491.0,326344.0,343844.0,54866.0,-8380209.0,746645455.6,746622651.6,-0.0009840496509947551,0.7828886083396661,0.2143656912815049,-2.2133658311649813,-3.465398051642084,-0.0009840496509947551,3.422285168472712,4512.2981078026705,-1796.4790951262705,-24592.255050887652,0.0,1.3050887617103488,0.0,0.5278404251586211,0.6147654009266296,-0.3314501902814507,-49306.31021594136,0.5672603327511497,0.0,0.3479142217006295,0.08778884396673568,0.0,-0.263551841826527,-0.453101181735543,-0.7637342956074133,0.3479142217006295,0.08778884396673568,0.0,Pharmaceutical Retailers,Healthcare,LFMDP
2014Q2,2014,Q2,2014-08-14,2014-06-30,-71505.0,196611.0,-75377.0,0.0,127455.0,0.6482597617,302167.0,14543.0,229932.0,265824.0,287624.0,83519.0,-8276305.0,746645455.6,746607508.6,0.0004713624081689248,0.8649783315276273,0.07677873493796476,1.5952692016777832,-1.8838268839763854,0.0004713624081689248,-4.916798459740082,3797.577224061726,-2610.465896091182,51340.53878842054,0.0,0.8280271554975515,0.0,0.6506699937451806,0.550789244011075,-0.23664066559220565,25107.45361490349,0.6482597616613516,0.0,0.6172969674912493,-0.13602647144125218,0.0,-0.1108142236237172,0.4926528498144587,0.5756707461241402,0.6172969674912493,-0.13602647144125218,0.0,Pharmaceutical Retailers,Healthcare,LFMDP
2014Q1,2014,Q1,2014-05-15,2014-03-31,-140939.0,192429.0,-177638.0,0.0,143339.0,0.7448929215,327534.0,82548.0,241055.0,218886.0,244986.0,88062.0,-8204800.0,746645455.6,746637246.6,0.0026755156480456855,1.1012810321354496,0.08609793181776548,0.3416194214275331,-1.5564956759760031,0.0026755156480456855,-1.7073581431409603,3880.1087964911735,-1324.4124330384066,9044.985409701021,0.0,0.5574481615225636,0.0,0.5875084724028651,0.6989620167575815,-0.43030341888170387,-112328.18649014593,0.7448929215450893,0.0,-3.9814088290389846,0.07781623874176632,0.0,0.3862170343220216,-0.96968722922548,0.38062064156206415,-3.9814088290389846,0.07781623874176632,0.0,Pharmaceutical Retailers,Healthcare,LFMDP
2013Q4,2013,Q4,2014-03-28,2013-12-31,-71554.0,160526.0,-286800.0,0.0,103403.0,0.6441511032,551449.0,195487.0,450726.0,325562.0,355962.0,86195.0,-8063861.0,746645455.6,746490399.6,0.006336053296136877,1.384455188259072,0.0,0.0,-1.3839381916828577,0.006336053296136877,-0.36602945464404285,4651.243135691415,-2608.6782555831956,3819.412316931561,0.0,0.6627182551192065,0.0,0.2910985422042655,1.119697630558849,-0.12975633286124374,-5093.218475265356,0.644151103248072,0.0,-0.0054802990275983005,0.3891138802353755,0.4480625782413203,0.3393997487079183,0.4865749178422284,-0.7004019778734303,-0.0054802990275983005,0.3891138802353755,0.4480625782413203,Pharmaceutical Retailers,Healthcare,LFMDP
2013Q3,2013,Q3,2013-11-14,2013-09-30,-139366.0,94676.0,-168666.0,0.0,77201.0,0.8154231273,292974.0,40791.0,178008.0,217483.0,252183.0,120045.0,-7992307.0,746645455.6,746598803.6,0.001322103004305756,0.8184915602598823,0.0,0.0,-4.011123450442291,0.001322103004305756,-3.416586992228678,7886.322358359035,-1339.3608476959948,18304.17140055404,0.0,0.14557041109583907,0.0,0.32315495572985997,0.26651738296786415,-0.4756940888952603,-10007.981443602976,0.8154231272973087,0.0,0.12536007681638756,-0.37760247181408807,0.0,-0.6998814313759791,-7.790589125772676,-7.368859779696338,0.12536007681638756,-0.37760247181408807,0.0,Pharmaceutical Retailers,Healthcare,LFMDP
2013Q2,2013,Q2,2013-08-14,2013-06-30,-15854.0,322903.0,-20154.0,0.0,257235.0,0.7966324252,461825.0,180158.0,332615.0,242667.0,281667.0,64048.0,-7852940.0,746645455.6,746534398.6,0.005839215342838283,1.3706643260105411,0.0,0.0,-0.08800053286559574,0.005839215342838283,-0.08800053286559575,2312.290240722446,-11773.770903242083,4144.392453291,0.0,1.0252935298526105,0.0,0.6991890867752937,1.106730622622771,-0.03432902073296162,33723.82364950316,0.7966324252174801,0.0,0.91514755782961,0.41894219698900537,0.0,0.2996458290177692,0.6178561959167932,0.7152867051859805,0.91514755782961,0.41894219698900537,0.0,Pharmaceutical Retailers,Healthcare,LFMDP
2013Q1,2013,Q1,2013-05-14,2013-03-31,-41487.0,230258.0,-70787.0,0.0,197927.0,0.8595879405,364987.0,120512.0,221534.0,201175.0,244475.0,68776.0,-7837086.0,746645455.6,746606538.6,0.0039059909601356986,1.1012004473716912,0.0,0.0,-0.5322222850329461,0.0039059909601356986,-0.3442561736590547,3242.6471853312373,-4499.273601369104,6195.61085701009,0.0,0.4700913109224148,0.0,0.6308663048272952,0.7593289424630297,-0.11366706211454107,-12441.395291020279,0.8595879404841525,0.0,-0.4663344290107093,0.2897006766142402,0.0,0.09521965039647187,0.4170226519026474,0.4330236283540248,-0.4663344290107093,0.2897006766142402,0.0,Pharmaceutical Retailers,Healthcare,LFMDP
2012Q4,2012,Q4,2013-03-28,2012-12-31,-71164.0,115560.0,-124850.0,0.0,180719.0,1.5638542748,369695.0,134999.0,211998.0,187096.0,234696.0,63378.0,-7795599.0,746645455.6,746546525.6,0.004375538316743222,1.133097447299782,0.0,0.0,-0.8721245758594721,0.004375538316743222,-0.5271446455158927,6461.106400138457,-2622.974592490585,5530.74804702257,0.0,-1.0281012338666413,0.0,0.3125819932647182,0.7943515628340531,-0.19249381246703365,-11620.398356496973,1.5638542748355833,0.0,0.0,0.0,0.0,0.8391732223364305,0.5533855065551239,0.23704939471159428,0.0,0.0,0.0,Pharmaceutical Retailers,Healthcare,LFMDP
2012Q3,2012,Q3,2012-09-30,2012-09-30,-159341.0,152115.0,-163641.0,0.0,98261.0,0.6459652237,,,,,,,,746645455.6,,,0.0,0.0,0.0,0.0,,0.0,4908.427542319955,-1171.458468943963,0.0,0.0,0.0,0.0,0.0,0.0,0.0,-8613.019744370617,0.6459652236794531,0.0,0.0,0.0,0.0,-0.20606153647264147,0.14718853362734288,0.2413455787926694,0.0,0.0,0.0,Pharmaceutical Retailers,Healthcare,LFMDP
2012Q2,2012,Q2,2012-06-30,2012-06-30,-186842.0,227566.0,-215699.0,0.0,123764.0,0.5438598033,,,,,,,,746645455.6,,,0.0,0.0,0.0,0.0,,0.0,3281.006194246944,-999.0332146947688,0.0,0.0,0.0,0.0,0.0,0.0,0.0,-9431.867001844319,0.543859803309809,0.0,0.0,0.0,0.0,-0.16916281224196614,-5.603824267486657,-5.020739128007592,0.0,0.0,0.0,Pharmaceutical Retailers,Healthcare,LFMDP
2012Q1,2012,Q1,2012-03-31,2012-03-31,-28293.0,178536.0,-35826.0,0.0,148963.0,0.8343583367,,,,,,,,746645455.6,,,0.0,0.0,0.0,0.0,,0.0,4182.044268942958,-6597.439787226523,0.0,0.0,0.0,0.0,0.0,0.0,0.0,1980491.924668435,0.8343583366940001,0.0,0.0,0.0,0.0,0.0,0.0,0.0,0.0,0.0,0.0,Pharmaceutical Retailers,Healthcare,LFMDP
