Quarters,Year,Quarter,FillingDate,Date,NetIncome,Revenue,OperatingIncome,EPSDiluted,GrossProfit,GrossProfitRatio,TotalAssets,CommonStockEquity,CurrentAssets,CurrentLiability,TotalLiability,Inventory,RetainedEarnings,MarketCap,EnterpriseValue,bookValuePerShare,currentRatio,debtToAssets,debtToEquity,roic,shareholdersEquityPerShare,roe,priceToSalesRatio,peRatio,pbRatio,payoutRatio,inventoryTurnover,dividendYield,assetTurnover,quickRatio,returnOnAssets,priceToFreeCashFlowsRatio,grossProfitMargin,epsdilutedGrowth,fiveYNetIncomeGrowthPerShare,fiveYRevenueGrowthPerShare,fiveYShareholdersEquityGrowthPerShare,grossProfitGrowth,netIncomeGrowth,operatingIncomeGrowth,threeYNetIncomeGrowthPerShare,threeYRevenueGrowthPerShare,threeYShareholdersEquityGrowthPerShare,Industry,Sector,Symbol
2023Q1,2023,Q1,2023-05-10,2023-03-31,-16349000.0,830000.0,-13950000.0,-0.15,-2193000.0,-2.6421686747,117013000.0,88673000.0,51623000.0,8149000.0,24493000.0,0.0,-704841000.0,63843000.0,30214000.0,0.8333536957849725,6.334887716284206,0.08703306470221257,0.11484893936147418,-0.1278318833433219,0.8333536957849725,-0.18437404847022204,76.91927710843373,-0.9762523701755458,0.719982407271661,0.0,0.0,0.0,0.007093228957466264,5.8888207141980615,-0.1397195183441156,-7.402945269016698,-2.6421686746987953,-0.25,0.0,0.0,0.0,-0.027166276346604217,-0.30771076627739563,0.04024767801857585,0.0,0.0,0.0,,,NNAVW
2022Q4,2022,Q4,2023-03-30,2022-12-31,-12502000.0,803000.0,-14535000.0,-0.12,-2135000.0,-2.6587795766,123788000.0,100017000.0,61190000.0,8887000.0,19924000.0,0.0,-688492000.0,37633302.5,-1774697.5,0.9899830741668234,6.8853381343535505,0.06318867741622775,0.07820670486017377,-0.12497920604767498,0.9899830741668234,-0.12499875021246389,46.86588107098381,-0.7525456426971685,0.3762690592599258,0.0,0.0,0.0,0.006486896952854881,6.482952627433329,-0.1009952499434517,-2.7901321545077105,-2.6587795765877957,0.3333333333333333,0.0,0.0,0.0,0.08250966910184787,0.33251468232781634,0.18966382338183643,0.0,0.0,0.0,,,NNAVW
2022Q3,2022,Q3,2022-11-10,2022-09-30,-18730000.0,503000.0,-17937000.0,-0.18,-2327000.0,-4.6262425447,113876000.0,92441000.0,74896000.0,9009000.0,21435000.0,0.0,-675990000.0,0.0,-55227000.0,0.0,8.313464313464314,0.07342196775439952,0.09044687963133241,-0.16444561285429946,0.0,-0.20261572246081283,0.0,0.0,0.0,0.0,0.0,,0.004417085250623485,8.125541125541126,-0.1644771505848467,0.0,-4.6262425447316105,0.9661016949152543,0.0,0.0,0.0,-0.4727848101265823,-23.648125755743653,-0.05412552891396333,0.0,0.0,0.0,,,NNAVW
2022Q2,2022,Q2,2022-08-10,2022-06-30,827000.0,1421000.0,-17016000.0,-5.31,-1580000.0,-1.1118930331,123949000.0,104541000.0,85524000.0,7671000.0,19408000.0,0.0,-657260000.0,3158780.0,-70496220.0,14.231010073509394,11.149002737583105,0.07153748719231297,0.08481839660994252,-0.14052105871365736,14.231010073509394,0.007910771850278837,2.22292751583392,0.9548911729141475,0.03021570484307592,0.0,0.0,0.0,0.011464392613090868,10.884239342980054,0.006672099008463158,-0.28068064688110894,-1.1118930330752992,0.0,0.0,0.0,0.0,0.14036996735582155,1.0851611574503142,-0.06031904287138584,0.0,0.0,0.0,,,NNAVW
2022Q1,2022,Q1,2022-05-12,2022-03-31,-9711000.0,1199000.0,-16048000.0,0.0,-1838000.0,-1.5329441201,136138000.0,96938000.0,96725000.0,9110000.0,39200000.0,0.0,-658087000.0,0.0,-84034000.0,0.0,10.617453347969265,0.07159646828952974,0.10054880439043512,-0.13831579305223696,0.0,-0.10017743299841135,0.0,0.0,0.0,0.0,0.0,,0.008807239712644523,10.298353457738749,-0.0713320307335204,0.0,-1.5329441201000833,0.0,0.0,0.0,0.0,-7.20945945945946,0.9285721730381659,0.23933816163372038,0.0,0.0,0.0,,,NNAVW
2021Q4,2021,Q4,2022-03-23,2021-12-31,-135955417.0,296000.0,-21097417.0,0.0,296000.0,1.0,136823000.0,99957000.0,106332000.0,6680000.0,36866000.0,0.0,-647861000.0,0.0,-100076000.0,0.0,15.917964071856288,0.0,0.0,-0.36547963273169676,0.0,-1.3601390297828067,0.0,0.0,0.0,,0.0,,0.0021633789640630595,15.241916167664671,-0.9936590850953422,0.0,1.0,0.0,0.0,0.0,0.0,0.0,-1606.3610181715003,-248.42857311752954,0.0,0.0,0.0,,,NNAVW
2021Q3,2021,Q3,2021-10-22,2021-09-30,-84583.0,0.0,-84583.0,0.0,0.0,0.0,0.0,-293081.0,0.0,293081.0,293081.0,0.0,-293081.0,0.0,0.0,0.0,0.0,0.0,0.0,0.28859939743620366,0.0,0.28859939743620366,0.0,0.0,0.0,,0.0,,0.0,0.0,0.0,0.0,0.0,0.0,0.0,0.0,0.0,1.0,0.9978298139833226,0.9902069005441704,0.0,0.0,0.0,,,NNAVW
2021Q2,2021,Q2,2021-06-30,2021-06-30,-38975000.0,216000.0,-8637000.0,0.0,-1986000.0,-9.194444444444445,,,,,,,,0.0,,0.0,0.0,0.0,0.0,0.0,0.0,0.0,0.0,0.0,0.0,0.0,0.0,,0.0,0.0,0.0,0.0,-9.194444444444445,0.0,0.0,0.0,0.0,0.7221211697215615,-0.4398921235407123,0.31506740681998413,0.0,0.0,0.0,,,NNAVW
2021Q1,2021,Q1,2021-03-31,2021-03-31,-27068000.0,251000.0,-12610000.0,0.0,-7147000.0,-28.47410358565737,,,,,,,,0.0,,0.0,0.0,0.0,0.0,0.0,0.0,0.0,0.0,0.0,0.0,0.0,0.0,,0.0,0.0,0.0,0.0,-28.47410358565737,0.0,0.0,0.0,0.0,0.0,0.0,0.0,0.0,0.0,0.0,,,NNAVW
