Quarters,Year,Quarter,FillingDate,Date,NetIncome,Revenue,OperatingIncome,EPSDiluted,GrossProfit,GrossProfitRatio,TotalAssets,CommonStockEquity,CurrentAssets,CurrentLiability,TotalLiability,Inventory,RetainedEarnings,MarketCap,EnterpriseValue,bookValuePerShare,currentRatio,debtToAssets,debtToEquity,roic,shareholdersEquityPerShare,roe,priceToSalesRatio,peRatio,pbRatio,payoutRatio,inventoryTurnover,dividendYield,assetTurnover,quickRatio,returnOnAssets,priceToFreeCashFlowsRatio,grossProfitMargin,epsdilutedGrowth,fiveYNetIncomeGrowthPerShare,fiveYRevenueGrowthPerShare,fiveYShareholdersEquityGrowthPerShare,grossProfitGrowth,netIncomeGrowth,operatingIncomeGrowth,threeYNetIncomeGrowthPerShare,threeYRevenueGrowthPerShare,threeYShareholdersEquityGrowthPerShare,Industry,Sector,Symbol
2023Q1,2023,Q1,2023-05-04,2023-03-31,3234000000.0,12224000000.0,17150000000.0,8.79,7869000000.0,0.6437336387,1538000000000.0,117000000000.0,374000000000.0,331000000000.0,1421000000000.0,0.0,141591000000.0,113376326000.0,190376326000.0,337.56491633006345,1.1299093655589123,0.19895968790637192,2.6153846153846154,0.03267263029487073,337.56491633006345,0.027641025641025642,9.27489577879581,8.764403679653679,0.9690284273504275,0.3132343846629561,0.0,0.008934845886609519,0.007947984395318596,2.380664652567976,0.002102730819245774,12.873433178153741,0.6437336387434555,1.647590361445783,0.2819746413342201,0.49291813470857276,0.5636488999258098,2.4099623723347072,1.4389140271493213,0.4451841240414595,1.7538081322887416,0.6253937585477998,0.31356781191198974,Capital Markets,Financial Services,GS
2022Q4,2022,Q4,2023-02-24,2022-12-31,1326000000.0,10593000000.0,11867000000.0,3.32,-5581000000.0,-0.5268573586,1442000000000.0,117000000000.0,402032000000.0,329845000000.0,1325000000000.0,0.0,139372000000.0,120011310000.0,-38930690000.0,334.7639484978541,1.218851278630872,0.21359223300970873,2.6324786324786325,0.024077342909895105,334.7639484978541,0.011333333333333334,11.329303313508921,22.626566742081447,1.0257376923076924,0.7639517345399698,0.0,0.00844087111456412,0.007346047156726768,2.2223135108914795,0.0009195561719833565,-7.619281950352359,-0.5268573586330596,-0.5975757575757575,1.7670631944508752,0.6415802553352881,0.5913534851878991,-1.687823514912497,-0.5679374389051809,0.23924394319131162,-0.2827634459601353,0.20161756316140134,0.34798281773962797,Capital Markets,Financial Services,GS
2022Q3,2022,Q3,2022-11-03,2022-09-30,3069000000.0,11975000000.0,9576000000.0,8.25,8114000000.0,0.6775782881,1557000000000.0,119000000000.0,469647000000.0,338226000000.0,1438000000000.0,0.0,139067000000.0,103388038827.8,-71364961172.20001,337.30159112586836,1.388559720423622,0.18754014129736674,2.453781512605042,0.018942855909055742,337.30159112586836,0.025789915966386554,8.63365668708142,8.421964713897035,0.8688070489731093,0.3248615184099055,0.0,0.00964328186610226,0.007691072575465639,2.244466717520238,0.001971098265895954,14.373423999416099,0.6775782881002088,0.06727037516170757,0.627788382493935,0.755096816564743,0.5564999332164559,0.02579013906447535,0.04851383669285958,0.4376219786818796,0.714769552837502,0.6812336277594356,0.3565389931235318,Capital Markets,Financial Services,GS
2022Q2,2022,Q2,2022-08-04,2022-06-30,2927000000.0,11864000000.0,6661000000.0,7.73,7910000000.0,0.6667228591,1601000000000.0,118000000000.0,467007000000.0,346248000000.0,1483000000000.0,0.0,136998000000.0,105442098811.92,-113180901188.08002,332.39436994247177,1.3487644693976573,0.1930043722673329,2.6186440677966103,0.01281885414985692,332.39436994247177,0.024805084745762714,8.88756733074174,9.005987257594807,0.8935771085755931,0.2927912538435258,0.0,0.008127683436277712,0.007410368519675203,2.326797555509346,0.0018282323547782636,2.8175747217465195,0.6667228590694538,-0.30171635049683826,0.8286854697399133,0.8787026012536423,0.5573735445245566,-0.3883862986159437,-0.2569179994922569,0.10263201456712465,0.2754146530570134,0.44890999240393353,0.3679306616909691,Capital Markets,Financial Services,GS
2022Q1,2022,Q1,2022-05-02,2022-03-31,3939000000.0,12933000000.0,6041000000.0,11.07,12933000000.0,1.0,1589000000000.0,115000000000.0,459764000000.0,360706000000.0,1474000000000.0,0.0,134931000000.0,115931118679.6,-104292881320.40002,327.4487508821042,1.27462254578521,0.19886721208307112,2.747826086956522,0.011795931642070849,327.4487508821042,0.03425217391304348,8.963977320003094,7.357902937268343,1.0080966841704349,0.2069053059152069,0.0,0.00703003653619891,0.008139081183134047,2.2260372713511836,0.0024789175582127124,-4.8496598485505125,1.0,-0.008952551477170962,1.051676480525587,1.049707591627377,0.5540413049417746,0.023261333966294803,0.0010165184243964421,-0.03189102564102564,0.8923912850718473,0.7384959475575175,0.38183371416920187,Capital Markets,Financial Services,GS
2021Q4,2021,Q4,2022-02-25,2021-12-31,3935000000.0,12639000000.0,6240000000.0,11.17,12639000000.0,1.0,1463000000000.0,110000000000.0,431253000000.0,308056000000.0,1353000000000.0,0.0,131811000000.0,132591828469.8,172555828469.8,317.3687284174118,1.3999175474589036,0.20574162679425836,2.7363636363636363,0.011823347789420525,317.3687284174118,0.035772727272727275,10.490689806930929,8.423877285247777,1.2053802588163636,0.20889453621346887,0.0,0.006199477067979527,0.008639097744360903,1.3999175474589036,0.0026896787423103213,5.576239737143578,1.0,-0.25184192900200936,1.0084472660219184,1.006965099753758,0.5164799748203622,0.0,-0.2683153588694682,-0.25670041691483025,0.6976038098503143,0.9087890263242461,0.3382381240548095,Capital Markets,Financial Services,GS
2021Q3,2021,Q3,2021-11-01,2021-09-30,5378000000.0,13608000000.0,8395000000.0,14.93,0.0,0.0,1443000000000.0,106000000000.0,394885000000.0,311210000000.0,1337000000000.0,0.0,128631000000.0,131667847487.87999,211837847487.88,304.3353465901274,1.2688698949262556,0.20235620235620236,2.7547169811320753,0.016485088480695,304.3353465901274,0.05073584905660378,9.675767746022927,6.120669741905912,1.2421495046026416,0.14726664187430272,0.0,0.0060151359281004685,0.00943035343035343,1.2688698949262556,0.003726957726957727,-3.2799702933981014,0.0,-0.005992010652463373,2.114688041600651,1.18439043833489,0.4757346903684203,0.0,-0.01968647466277798,0.030061349693251534,1.3577061897332001,0.9374020057564924,0.3481705903275141,Capital Markets,Financial Services,GS
2021Q2,2021,Q2,2021-08-04,2021-06-30,5486000000.0,15388000000.0,8150000000.0,15.02,0.0,0.0,1388000000000.0,102000000000.0,412895000000.0,315885000000.0,1286000000000.0,0.0,124051000000.0,133139122481.87999,193850122481.88,290.76397138841475,1.3071054339395667,0.21685878962536023,2.950980392156863,0.01612836526483368,290.76397138841475,0.053784313725490196,8.65213949063426,6.067222132787094,1.3052855145282352,0.1020780167699599,0.0,0.004206126565662284,0.011086455331412103,1.3071054339395667,0.0039524495677233425,6.965529061519304,0.0,-0.19247311827956998,2.7070722456983107,1.5927860988182372,0.4515680443493131,0.0,-0.19748390871854887,-0.17751539004945,1.364376609870287,0.9803284846650484,0.2960720338088661,Capital Markets,Financial Services,GS
2021Q1,2021,Q1,2021-05-04,2021-03-31,6836000000.0,17704000000.0,9909000000.0,18.6,0.0,0.0,1302000000000.0,98000000000.0,364589000000.0,297945000000.0,1204000000000.0,0.0,119210000000.0,116608198692.0,202453198692.0,274.81772602151125,1.2236788669049656,0.21274961597542244,2.826530612244898,0.02153343958456408,274.81772602151125,0.06975510204081632,6.586545339584275,4.264489419689877,1.1898795784897958,0.08060269163253364,0.0,0.0047252252086953965,0.013597542242703533,1.2236788669049656,0.005250384024577573,-17.95353328591224,0.0,0.5397350993377484,6.445029783541662,2.8753761317073723,0.3950234606929481,0.0,0.5170883266755437,0.39484797297297297,1.633835805770059,1.1015575025291038,0.2729949535202276,Capital Markets,Financial Services,GS
2020Q4,2020,Q4,2021-02-22,2020-12-31,4506000000.0,10655000000.0,7104000000.0,12.08,0.0,0.0,1163000000000.0,96000000000.0,284755000000.0,256746000000.0,1067000000000.0,0.0,112947000000.0,93880758945.15999,203880758945.15997,269.6629243782351,1.1090922546018245,0.22871883061049011,2.7708333333333335,0.01585868181125106,269.6629243782351,0.0469375,8.810958136570623,5.208652848710607,0.9779245723454165,0.13138038171327118,0.0,0.0063058714762394925,0.00916165090283749,1.1097076488046551,0.003874462596732588,6.425347953265347,0.0,0.2479338842975207,6.316417712632145,0.9911157858089171,0.37493017032262865,0.0,0.3382833382833383,0.15568570034163007,3.5590336404250604,0.6210402134029415,0.2818854493168824,Capital Markets,Financial Services,GS
2020Q3,2020,Q3,2020-11-02,2020-09-30,3367000000.0,9870000000.0,6147000000.0,9.68,0.0,0.0,1132000000000.0,93000000000.0,271608000000.0,247113000000.0,1039000000000.0,0.0,109033000000.0,71525222196.12,180324222196.12,261.30935949771686,1.0991246919425526,0.2314487632508834,2.817204301075269,0.013475496190321932,261.30935949771686,0.03620430107526882,7.246729705787233,5.310753058814969,0.7690884107109678,0.17226017226017226,0.0,0.008109027587634156,0.008719081272084806,1.0991246919425526,0.002974381625441696,2.10752614167364,0.0,0.5463258785942492,1.9788041067607252,1.0096669789306492,0.3377866333868632,0.0,8.026809651474531,0.8181011535048802,0.7702914056716326,0.43398067127109063,0.2058288822457865,Capital Markets,Financial Services,GS
2020Q2,2020,Q2,2020-08-07,2020-06-30,373000000.0,12350000000.0,3381000000.0,6.26,0.0,0.0,1142000000000.0,92000000000.0,246010000000.0,255775000000.0,1050000000000.0,0.0,106248000000.0,70293433209.52,204694433209.52002,258.6449284075899,0.9618219137914182,0.23380035026269702,2.902173913043478,0.0027035210098729167,258.6449284075899,0.0040543478260869565,5.691775968382187,47.11356113238606,0.7640590566252173,1.67828418230563,0.0,0.008905526041587898,0.010814360770577933,0.9618219137914182,0.0003266199649737303,-5.529691095777219,0.0,1.0128617363344052,-0.5483258470331106,0.8609273131266244,0.3319679579934906,0.0,-0.6924979389942292,-0.29341692789968654,-0.7674214753066428,0.9518136195227194,0.2118339098136442,Capital Markets,Financial Services,GS
2020Q1,2020,Q1,2020-05-01,2020-03-31,1213000000.0,7768000000.0,4785000000.0,3.11,0.0,0.0,1090000000000.0,92000000000.0,232421000000.0,274422000000.0,998000000000.0,0.0,106501000000.0,55343219381.64,212854219381.64,256.9832430947848,0.8469474021762103,0.24128440366972478,2.858695652173913,0.012051280782076082,256.9832430947848,0.013184782608695652,7.124513308656025,11.40626945211047,0.6015567324091304,0.44352844187963725,0.0,0.009721154750503733,0.007126605504587156,0.8469474021762103,0.0011128440366972477,-0.990500400573433,0.0,-0.3368869936034116,-0.45995008596102765,-0.014345096629345888,0.3684319053878292,0.0,-0.36724047991653624,-0.2254775008093234,-0.3801948500221204,0.2077396641117932,0.2196185612904555,Capital Markets,Financial Services,GS
2019Q4,2019,Q4,2020-02-21,2019-12-31,1917000000.0,9141000000.0,6178000000.0,4.69,0.0,0.0,993000000000.0,90000000000.0,213950000000.0,230428000000.0,903000000000.0,0.0,106465000000.0,83326631080.28,205326631080.28,248.34437360203503,0.9284895932785946,0.256797583081571,2.8333333333333335,0.014688715343430973,248.34437360203503,0.0213,9.115701901354338,10.866801132013563,0.9258514564475555,0.3359415753781951,0.0,0.007728621590131806,0.009205438066465257,0.9261200895724478,0.0019305135951661631,1.690023954574181,0.0,-0.02087682672233813,0.09995230313477332,0.6185594633777365,0.3509463462279395,0.0,0.021310602024507193,-0.10033493519732052,-0.06421047676265128,0.3882292303790555,0.18666155706262968,Capital Markets,Financial Services,GS
2019Q3,2019,Q3,2019-11-01,2019-09-30,1877000000.0,7470000000.0,6867000000.0,4.79,0.0,0.0,1007000000000.0,92000000000.0,183587000000.0,245371000000.0,915000000000.0,0.0,105194000000.0,76675099171.08,251581099171.08002,248.64865133674218,0.7482017027277063,0.2671300893743793,2.9239130434782608,0.01468147818167805,248.64865133674218,0.020402173913043477,10.264404172835341,10.21245327265317,0.83342499099,0.2930207778369739,0.0,0.007173124077385566,0.007418073485600795,0.7482017027277063,0.0018639523336643495,13.095661685923142,0.0,-0.17555938037865743,0.03111967371945047,0.18461621462679978,0.3765962861214562,0.0,-0.22470053696819495,-0.12141760491299898,0.023316037050898516,0.12877743279433848,0.20570760052114156,Capital Markets,Financial Services,GS
2019Q2,2019,Q2,2019-06-30,2019-06-30,2421000000.0,8638000000.0,7816000000.0,5.81,0.0,0.0,945000000000.0,91000000000.0,181499000000.0,242423000000.0,854000000000.0,0.0,103867000000.0,77469069172.56,257377069172.56,242.9906568009683,0.7486872120219616,0.2867724867724868,2.978021978021978,0.0166071284071538,242.9906568009683,0.026604395604395606,8.968403469849502,7.999697353630732,0.8513084524457143,0.22098306484923586,0.0,0.006905982035337274,0.009140740740740741,0.7486872120219616,0.0025619047619047618,10.470208024403297,0.0,0.01751313485113829,0.46525027948750425,0.25109312397959765,0.3743741198600226,0.0,0.07552199022656597,0.10115525500140884,0.5324199541038642,0.36334407161113164,0.21307145037086403,Capital Markets,Financial Services,GS
2019Q1,2019,Q1,2019-05-06,2019-03-31,2251000000.0,8045000000.0,7098000000.0,5.71,0.0,0.0,925000000000.0,90000000000.0,167409000000.0,233376000000.0,835000000000.0,0.0,101988000000.0,74721851213.04001,256837851213.04,236.96682714025096,0.7173359728506787,0.2918918918918919,3.0,0.01621431159432405,236.96682714025096,0.025011111111111112,9.287986477692979,8.298739583856063,0.830242791256,0.16659262549977788,0.0,0.005018612278901319,0.008697297297297298,0.7173359728506787,0.0024335135135135134,-1.5853068106470916,0.0,-0.05463576158940398,0.36610927574717106,0.1366059156650872,0.4038439678515211,0.0,-0.11308116627265563,-0.012108559498956159,1.3017929659132912,0.6534645410120307,0.20288559276101764,Capital Markets,Financial Services,GS
2018Q4,2018,Q4,2019-02-26,2018-12-31,2538000000.0,7250000000.0,7185000000.0,6.04,0.0,0.0,933000000000.0,90000000000.0,218103000000.0,230292000000.0,843000000000.0,0.0,100100000000.0,63395474331.8,198395474331.8,237.15415269727697,0.9470715439528946,0.2840300107181136,2.9444444444444446,0.018968866374019597,237.15415269727697,0.0282,8.744203356110345,6.244629071296297,0.7043941592422223,0.2052797478329393,0.0,0.008218252256828047,0.007770632368703108,0.9446962986121967,0.002720257234726688,3.945940142649073,0.0,-0.03821656050955417,0.33955687813181396,0.08982874756917017,0.4117361889600381,0.0,0.005546751188589541,-0.01345599340930935,2.8657800481861644,0.27092313532085827,0.20917771811831365,Capital Markets,Financial Services,GS
2018Q3,2018,Q3,2018-11-02,2018-09-30,2524000000.0,7772000000.0,7283000000.0,6.28,0.0,0.0,958000000000.0,87000000000.0,209410000000.0,245442000000.0,871000000000.0,0.0,98083000000.0,86842181098.68001,238971181098.68,225.73949378037875,0.8531954596197879,0.2828810020876827,3.1149425287356323,0.016681996217524985,225.73949378037875,0.029011494252873565,11.173723764626867,8.601642343371633,0.9981859896400002,0.15134706814580032,0.0,0.004398784037516607,0.008112734864300626,0.8531954596197879,0.0026346555323590814,-11.563539427254328,0.0,0.050167224080267525,1.000543912666138,0.5197516299391151,0.3477592286272167,0.0,-0.015984405458089667,0.012371420628301362,1.0620749923797788,0.46135595346942193,0.1556848862489605,Capital Markets,Financial Services,GS
2018Q2,2018,Q2,2018-08-03,2018-06-30,2565000000.0,8590000000.0,7194000000.0,5.98,0.0,0.0,969000000000.0,87000000000.0,227350000000.0,251353000000.0,882000000000.0,0.0,95941000000.0,85537045117.72,225120045117.72,224.34244687305258,0.9045048199146221,0.27966976264189886,3.1149425287356323,0.015733700656885015,224.34244687305258,0.029482758620689654,9.957746812307334,8.336943968588693,0.9831844266404597,0.20701754385964913,0.0,0.0062078366077436215,0.008864809081527349,0.9045048199146221,0.0026470588235294116,13.344312810876755,0.0,-0.13956834532374096,0.6208470196167232,0.31037137731974185,0.3602609425395774,0.0,-0.09427966101694915,0.0687862130441242,1.8489172606031208,0.18722129100627538,0.15531726329413034,Capital Markets,Financial Services,GS
2018Q1,2018,Q1,2018-05-04,2018-03-31,2832000000.0,9192000000.0,6731000000.0,6.95,0.0,0.0,974000000000.0,84000000000.0,236105000000.0,254734000000.0,890000000000.0,0.0,93907000000.0,97998724992.56001,251495724992.56,215.88280869578833,0.9268688121726978,0.2813141683778234,3.261904761904762,0.01557366082735159,215.88280869578833,0.03371428571428572,10.661306026170584,8.651017389879943,1.1666514880066667,0.1327683615819209,0.0,0.0038367846115196463,0.009437371663244353,0.9268688121726978,0.002907597535934292,-38.78065888110804,0.0,2.404040404040404,0.5526040350383578,0.19519450939994204,0.34766018792180947,0.0,2.4688796680497926,0.13202152707702658,0.16008054853140868,0.07311800344191789,0.14957271021399554,Capital Markets,Financial Services,GS
2017Q4,2017,Q4,2018-02-26,2017-12-31,-1928000000.0,7197000000.0,5946000000.0,-4.95,0.0,0.0,917000000000.0,82000000000.0,204053000000.0,239987000000.0,835000000000.0,0.0,91519000000.0,99305446980.95999,278670446980.95996,210.3642915378583,0.8502668894565122,0.3156117775354417,3.5294634146341464,-0.009930939034693314,210.3642915378583,-0.02351219512195122,13.79817243031263,-12.876743643796681,1.2110420363531706,-0.258298755186722,0.0,0.005014830657733028,0.007848418756815703,0.8502668894565122,-0.0021025081788440566,-13.069945641084495,0.0,-1.9860557768924303,-1.8234992302736364,0.08601098710225331,0.33776751708565317,0.0,-1.906015037593985,0.05108714866537034,-2.0285019607457158,0.1847666124727743,0.14434189471635342,Capital Markets,Financial Services,GS
2017Q3,2017,Q3,2017-11-03,2017-09-30,2128000000.0,7701000000.0,5657000000.0,5.02,0.0,0.0,930132000000.0,86292000000.0,215383000000.0,259227000000.0,843840000000.0,0.0,93958000000.0,94449057051.24,257807057051.24,216.7051754566065,0.830866383517149,0.30099813789870683,3.2444259027488065,0.011044228525596424,216.7051754566065,0.024660455198627914,12.26451851074406,11.09598884530545,1.0945285432165206,0.18562030075187969,0.0,0.004182148687685751,0.008279470010708157,0.830866383517149,0.0022878473162948913,46.185357971266505,0.0,0.2708860759493669,0.7361087855999915,0.13753755132839265,0.44456391359071784,0.0,0.16220644456581104,0.14490993725966403,0.08621774233140587,0.13476168221754442,0.19974726632583875,Capital Markets,Financial Services,GS
2017Q2,2017,Q2,2017-08-04,2017-06-30,1831000000.0,7224000000.0,4941000000.0,3.95,0.0,0.0,906518000000.0,86675000000.0,212672000000.0,252615000000.0,819843000000.0,0.0,92225000000.0,90113588890.5,248292588890.5,213.43265468397752,0.8418819151673496,0.29681374225332535,3.1043207383905393,0.010136018499432482,213.43265468397752,0.021124891837323335,12.474195582848838,12.30387614561715,1.03967221102394,0.2785363189513927,0.0,0.005659523788578855,0.007968953732854726,0.8418819151673496,0.0020198164846147565,-8.066021203947368,0.0,-0.23300970873786409,1.3504510997303332,0.346166301632569,0.46917129975181926,0.0,-0.18802660753880265,0.03606626127070665,0.021937182625527945,-0.035120658505354306,0.20719175293620093,Capital Markets,Financial Services,GS
2017Q1,2017,Q1,2017-05-04,2017-03-31,2255000000.0,7411000000.0,4769000000.0,5.15,0.0,0.0,894069000000.0,86917000000.0,212429000000.0,243379000000.0,807152000000.0,0.0,90904000000.0,94759498851.4,230093498851.4,210.70788134191372,0.8728320849374843,0.2889810517980156,2.9725945442203483,0.012266825801983648,210.70788134191372,0.025944291680568818,12.786330974416407,10.505487677538802,1.0902297462107529,0.1623059866962306,0.0,0.003862409620527374,0.008289069411868659,0.8728320849374843,0.0025221767000086124,-22.551046847072822,0.0,0.013779527559055173,0.3240271855762368,-0.07758932947868827,0.5020317143742635,0.0,-0.0391989774179804,-0.13053783044667275,0.2600491902200362,-0.03596747827585927,0.24828015705990422,Capital Markets,Financial Services,GS
2016Q4,2016,Q4,2017-02-27,2016-12-31,2347000000.0,7544000000.0,5485000000.0,5.08,0.0,0.0,860165000000.0,86893000000.0,196632000000.0,240838000000.0,773272000000.0,0.0,89039000000.0,99419638802.75,228166638802.75,209.27986764547046,0.8164492314335777,0.29117436770852106,2.8823725731646967,0.01123342455241551,209.27986764547046,0.027010230973726308,13.178637168975344,10.590076566121645,1.144161656321568,0.19940349382190029,0.0,0.004707319455550616,0.008770410328250974,0.8164492314335777,0.002728546267285928,33.317573325318364,0.0,0.04098360655737709,1.8347189814584095,0.6815694802140078,0.5105950852984523,0.0,0.12082139446036294,0.18134826620719363,0.1322362793880514,0.03651685531948857,0.24580556324059688,Capital Markets,Financial Services,GS
2016Q3,2016,Q3,2016-11-03,2016-09-30,2094000000.0,7555000000.0,4643000000.0,4.88,0.0,0.0,879987000000.0,87110000000.0,188625000000.0,262500000000.0,792877000000.0,0.0,87160000000.0,68120447193.65,225058447193.65,206.2263281987018,0.7185714285714285,0.2914508964336973,2.944242911261623,0.009866532405116903,206.2263281987018,0.02403857192056021,9.016604525962938,8.13281365731256,0.7820049040712893,0.18051575931232092,0.0,0.005548994693552688,0.008585354101821959,0.7185714285714285,0.0023795806074407917,-14.42924109164372,0.0,0.3118279569892472,7.5366860414774415,1.583905291026427,0.5247472040179388,0.0,0.14928649835345773,0.09530549657938193,0.5143393825412125,0.34791372660473857,0.23125746567907104,Capital Markets,Financial Services,GS
2016Q2,2016,Q2,2016-08-04,2016-06-30,1822000000.0,7307000000.0,4239000000.0,3.72,0.0,0.0,896843000000.0,86514000000.0,191109000000.0,277455000000.0,810329000000.0,0.0,85339000000.0,64171701257.100006,213557701257.1,200.31025932287866,0.6887927772071146,0.28174273535055744,2.920671798784012,0.009244863353443555,200.31025932287866,0.021060175231754397,8.78222269838511,8.805118174684413,0.7417493267806368,0.25960482985729966,0.0,0.00737085024604466,0.008147468397478711,0.6887927772071146,0.002031570743151254,7.1812557360228295,0.0,0.3880597014925373,1.0642657883967157,0.23593281340881406,0.47251127386778724,0.0,0.6052863436123348,0.3939493587635646,0.03377882257534682,0.0008406652514887711,0.2145460029731671,Capital Markets,Financial Services,GS
2016Q1,2016,Q1,2016-05-06,2016-03-31,1135000000.0,5647000000.0,3041000000.0,2.68,0.0,0.0,878036000000.0,86837000000.0,160822000000.0,272778000000.0,791199000000.0,0.0,83990000000.0,69196783215.09999,243581783215.09998,196.99864107303358,0.5895710064594653,0.28877403659986606,2.919884381081797,0.006433954714395554,196.99864107303358,0.013070465354629938,12.253724670639276,15.241582205969163,0.7968582886914564,0.3409691629955947,0.0,0.005592745529759678,0.006431399168143447,0.5895710064594653,0.0012926577042399173,-15.35999627416204,0.0,1.110236220472441,-0.491052498739323,-0.4177301415174658,0.46955890356000646,0.0,0.48366013071895425,0.20674603174603173,-0.45073368158887567,-0.3518642054740554,0.22977474330963224,Capital Markets,Financial Services,GS
2015Q4,2015,Q4,2016-02-22,2015-12-31,765000000.0,6647000000.0,2520000000.0,1.27,0.0,0.0,861395000000.0,86728000000.0,157844000000.0,267382000000.0,774667000000.0,0.0,83386000000.0,79697705098.84999,248055705098.84998,196.1284508834063,0.5903314359231362,0.2826380464246948,2.8072018263997784,0.005446305003838349,196.1284508834063,0.008820680749008394,11.990026342537986,26.045001666290847,0.9189385792229728,0.6326797385620915,0.0,0.006072947764301233,0.007716552800979806,0.5903314359231362,0.0008880943121332257,12.923253623941948,0.0,-0.5620689655172414,-0.6079083956293357,0.008448412468075381,0.37165172386307577,0.0,-0.4635343618513324,-0.2416491122479687,-0.7119680264433347,-0.11583871975834764,0.24723767921863116,Capital Markets,Financial Services,GS
2015Q3,2015,Q3,2015-11-03,2015-09-30,1426000000.0,6196000000.0,3323000000.0,2.9,0.0,0.0,880559000000.0,87703000000.0,173382000000.0,278289000000.0,792856000000.0,0.0,83105000000.0,78018239131.2,256234239131.2,195.32962355600918,0.6230285782046722,0.2768593586573983,2.779733874553892,0.00698664320630329,195.32962355600918,0.016259421000421877,12.591710640929632,13.677811909396913,0.8895732087978746,0.2755960729312763,0.0,0.005037283645162875,0.007036439352729346,0.6230285782046722,0.0016194258419935518,98.63241356662452,0.0,0.46464646464646464,-0.0944034395153832,-0.16114580126625952,0.39725856294241674,0.0,0.3606870229007634,0.034235916588857766,0.0317625302997324,-0.1883198168892977,0.3020737730408835,Capital Markets,Financial Services,GS
2015Q2,2015,Q2,2015-08-03,2015-06-30,1048000000.0,8422000000.0,3213000000.0,1.98,0.0,0.0,859879000000.0,87654000000.0,165029000000.0,264737000000.0,772225000000.0,0.0,82072000000.0,94247804956.05,275184804956.05,194.1825453498288,0.6233696083282654,0.28118142203728663,2.7583681292354028,0.005921887609114644,194.1825453498288,0.01195610012093002,11.190667888393493,22.482777899821084,1.0752253742675748,0.4112595419847328,0.0,0.004573050801564934,0.009794401305299932,0.6233696083282654,0.001218776130129937,-11.428132042688251,0.0,-0.6666666666666667,1.0444294747252751,0.1391611673871487,0.4199560657112981,0.0,-0.6315049226441631,-0.37123287671232874,0.2103071330256834,0.4119120629458969,0.33666248476897775,Capital Markets,Financial Services,GS
2015Q1,2015,Q1,2015-05-05,2015-03-31,2844000000.0,9979000000.0,5110000000.0,5.94,0.0,0.0,865458000000.0,85127000000.0,169944000000.0,281988000000.0,780331000000.0,0.0,81455000000.0,85206800060.15,255153800060.15,187.79395750930905,0.6026639431465168,0.2693094292270682,2.7379797244117614,0.011609455916718622,187.79395750930905,0.03340890669235378,8.538611089302535,7.4900492317290785,1.0009374236158914,0.13115330520393811,0.0,0.004377584884500864,0.01153031111850604,0.6026639431465168,0.00328612133691063,13.278292046150849,0.0,0.356164383561644,-0.008796602650525034,-0.05912259862127924,0.4056742113582886,0.0,0.31301939058171746,0.16586812685375313,0.5195611498081794,0.13024543334475036,0.33868974501774185,Capital Markets,Financial Services,GS
2014Q4,2014,Q4,2014-12-31,2014-12-31,2166000000.0,7019000000.0,4383000000.0,4.38,0.0,0.0,856240000000.0,82797000000.0,160814000000.0,273672000000.0,773443000000.0,0.0,78984000000.0,87301031030.85,265464031030.85,183.82993099278343,0.5876158320909702,0.275346865364851,2.8474823967051948,0.009283968277810896,183.82993099278343,0.026160368129280045,12.437816075060551,10.076296287032548,1.0543984809938767,0.18882733148661127,0.0,0.00468493894253631,0.008197467999626272,0.5876158320909702,0.002529664580024292,18.19529617149854,0.0,-0.041575492341356754,-0.48439660580156724,-0.13213600432658035,0.37910141257306934,0.0,-0.03346720214190094,-0.03733801888864485,1.4116503203010264,0.4422725628348456,0.3268958615688542,Capital Markets,Financial Services,GS
2014Q3,2014,Q3,2014-11-05,2014-09-30,2241000000.0,7763000000.0,4553000000.0,4.57,0.0,0.0,868933000000.0,82275000000.0,187917000000.0,286486000000.0,786658000000.0,0.0,77227000000.0,83616134082.15,269584134082.15,180.62568804199438,0.6559378119698693,0.27633661053268777,2.918480704952902,0.0095759625613251,180.62568804199438,0.02723792160437557,10.771110921312635,9.327993538838687,1.0163006269480401,0.15796519410977242,0.0,0.0042336327060063204,0.008933945425021262,0.6559378119698693,0.0025790250801845482,-9.235269945013252,0.0,0.11463414634146359,-0.18840692422958652,-0.2755565933492986,0.4534848403698429,0.0,0.10014727540500737,0.034772727272727275,7.487215621909088,1.462108778333224,0.33546727627564427,Capital Markets,Financial Services,GS
2014Q2,2014,Q2,2014-08-07,2014-06-30,2037000000.0,8512000000.0,4400000000.0,4.1,0.0,0.0,859914000000.0,81629000000.0,185860000000.0,276010000000.0,778285000000.0,0.0,75340000000.0,77307047162.8,258828047162.8,176.80095491445695,0.6733813992246658,0.27735796835497506,2.921804750762597,0.009924535164699964,176.80095491445695,0.02495436670791018,9.082124901644738,9.487855567353952,0.9470537083977508,0.16838487972508592,0.0,0.004436852946636034,0.009898664285033155,0.6733813992246658,0.0023688415353163225,227.37366812588238,0.0,0.01990049751243783,-0.3396837022352162,-0.31123772943866923,0.447047105865292,0.0,0.001967535661583866,-0.03888160768894714,1.1588953975968508,0.3468235431674005,0.29969079078713484,Capital Markets,Financial Services,GS
2014Q1,2014,Q1,2014-05-09,2014-03-31,2033000000.0,8733000000.0,4578000000.0,4.02,0.0,0.0,915665000000.0,79099000000.0,183357000000.0,292918000000.0,836566000000.0,0.0,73646000000.0,76780109180.75,255384109180.75,168.79855067006562,0.6259669941758444,0.2593328346065428,3.0020859935018143,0.009732065708758151,168.79855067006562,0.02570196841932262,8.791951125701363,9.441725182089277,0.9706836898159269,0.17117560255779635,0.0,0.0045324238753133884,0.00953733079237494,0.6259669941758444,0.0022202443033205376,-17.50971703095781,0.0,-0.12608695652173915,0.1417742029565795,-0.0560212199734861,0.2679877778530764,0.0,-0.12821612349914235,-0.10968494749124855,-0.1424611491783891,-0.15294953947375767,0.2591935238439356,Capital Markets,Financial Services,GS
2013Q4,2013,Q4,2013-12-31,2013-12-31,2332000000.0,8188000000.0,5142000000.0,4.6,0.0,0.0,911507000000.0,78467000000.0,182428000000.0,266747000000.0,833040000000.0,0.0,71961000000.0,82798145113.7,252613145113.7,167.98758475687845,0.6838989754336506,0.2533694200922209,2.9432500286744747,0.010910541296107606,167.98758475687845,0.02971949991716263,10.112133013397655,8.876302006185677,1.055197026950183,0.1483704974271012,0.0,0.004178837575707357,0.008982926077364188,0.6838989754336506,0.002558400538887798,39.960494745994204,0.0,0.5972222222222222,-0.4647281852219518,-0.023791066860600722,0.26025133220576563,0.0,0.5372445616348055,0.38040268456375836,0.1315233611814328,0.17602001327453787,0.17484464483098563,Capital Markets,Financial Services,GS
2013Q3,2013,Q3,2013-11-07,2013-09-30,1517000000.0,6149000000.0,3725000000.0,2.88,0.0,0.0,923223000000.0,77616000000.0,186527000000.0,260372000000.0,845607000000.0,0.0,69975000000.0,73314513208.95,243183513208.95,167.4924489371218,0.7163865546218487,0.25491890908263765,3.0321969696969697,0.008332205074182211,167.4924489371218,0.01954493918779633,11.92299775718816,12.082154451046474,0.9445798960130645,0.21423862887277523,0.0,0.004432955847005815,0.006660362664275045,0.7163865546218487,0.001643156637128841,-20.710314465805084,0.0,-0.2216216216216217,-0.45997432409596434,-0.4359576377168829,0.34780239757440484,0.0,-0.21439668565510098,-0.16889781347612673,-0.0665498474003687,-0.19337834336688,0.19812988037875698,Capital Markets,Financial Services,GS
2013Q2,2013,Q2,2013-08-08,2013-06-30,1931000000.0,7999000000.0,4482000000.0,3.7,0.0,0.0,938456000000.0,78043000000.0,189093000000.0,270732000000.0,860413000000.0,0.0,68783000000.0,71808099241.25,231481099241.25,164.92603724562593,0.6984508665396038,0.24729022990955357,2.9736299219660958,0.010551326859457366,164.92603724562593,0.02474277001140397,8.977134546974622,9.296750290167012,0.9201094171322219,0.16157431382703263,0.0,0.004344913781268455,0.008523574893228879,0.6984508665396038,0.0020576350942399005,6.426355758121532,0.0,-0.1375291375291375,-0.16410600109566686,-0.23302010560852102,0.5731598932990071,0.0,-0.14557522123893804,-0.11352848101265822,2.5934362392867216,0.03210159746917333,0.20601842229822473,Capital Markets,Financial Services,GS
2013Q1,2013,Q1,2013-05-09,2013-03-31,2260000000.0,9529000000.0,5056000000.0,4.29,0.0,0.0,959223000000.0,77228000000.0,187141000000.0,244507000000.0,881995000000.0,0.0,67164000000.0,70405883269.8,245521883269.8,160.19083343902545,0.7653809502386435,0.2485855739489149,3.0875977624695707,0.010731396036490858,160.19083343902545,0.02926399751385508,7.388590961255116,7.788261423650442,0.9116626517558397,0.14115044247787611,0.0,0.004530871358826235,0.00993408206433749,0.7653809502386435,0.0023560736137477937,-11.996231601601636,0.0,-0.23392857142857137,0.23371952948618555,0.0011778925942389823,0.2033279795263257,0.0,-0.21853388658367912,-0.18504190844616378,-0.25938890087003635,-0.15522329586498199,0.19905947160236484,Capital Markets,Financial Services,GS
2012Q4,2012,Q4,2013-03-01,2012-12-31,2892000000.0,8186000000.0,6204000000.0,5.6,0.0,0.0,938555000000.0,75716000000.0,189877000000.0,261834000000.0,862839000000.0,0.0,65223000000.0,61420139362.200005,233730139362.2,157.25026123832046,0.7251808397687084,0.26101720197537703,3.2354984415447197,0.012971745839493258,157.25026123832046,0.03819536161445401,7.503071019081359,5.3094864593879665,0.811191021213482,0.10615491009681881,0.0,0.0049983605245438115,0.00872191826797577,0.7251808397687084,0.003081332473856087,22.68937545703731,0.0,0.9649122807017542,2.30234107459385,5.293672469126931,0.1235127834400452,0.0,0.9126984126984127,0.5164996333414813,-0.3560417758690269,-0.053217418191486295,0.17969938970256863,Capital Markets,Financial Services,GS
2012Q3,2012,Q3,2012-11-08,2012-09-30,1512000000.0,8351000000.0,4091000000.0,2.85,0.0,0.0,949207000000.0,73687000000.0,147996000000.0,252722000000.0,874181000000.0,0.0,62638000000.0,57401631415.7,238304631415.7,150.0142523413503,0.5856079011720389,0.25762768289740806,3.318658650779649,0.008458463746327412,150.0142523413503,0.02051922320083597,6.873623687666147,9.491010485400132,0.7789926502055993,0.18915343915343916,0.0,0.004982436787010477,0.008797870222196002,0.5856079011720389,0.0015929086068686808,67.69060308455188,0.0,0.601123595505618,-0.5373029231484018,-0.4086651522590325,0.6451790353384124,0.0,0.5717255717255717,0.21035502958579883,-0.4922168439171428,-0.2773244119788735,0.20715632411528914,Capital Markets,Financial Services,GS
2012Q2,2012,Q2,2012-08-09,2012-06-30,962000000.0,6627000000.0,3380000000.0,1.78,0.0,0.0,948638000000.0,72855000000.0,149452000000.0,254876000000.0,875783000000.0,0.0,61412000000.0,48073789424.84,218280789424.84,145.27417920567314,0.5863714119807278,0.24152521826028475,3.1448768101022577,0.007609644048295718,145.27417920567314,0.013204309930684235,7.254231088703787,12.493188519968815,0.659855732960538,0.28378378378378377,0.0,0.005678770142029605,0.006985804911884196,0.5863714119807278,0.00101408545725556,9.218368058454457,0.0,-0.5459183673469387,-0.6070676326456194,-0.40043116230594455,0.3857091098231596,0.0,-0.543859649122807,-0.3284323465130141,-0.7129054175784035,-0.5063221496039452,0.18901269893161415,Capital Markets,Financial Services,GS
2012Q1,2012,Q1,2012-03-31,2012-03-31,2109000000.0,9949000000.0,5033000000.0,3.92,0.0,0.0,950932000000.0,71656000000.0,147551000000.0,259026000000.0,879276000000.0,0.0,60723000000.0,63528195253.78,259842195253.78,140.28191237606006,0.5696377969779095,0.266530098892455,3.537065981913587,0.010263894623877114,140.28191237606006,0.0294322875962934,6.385384988820987,7.530606360097203,0.8865718886594284,0.10431484115694642,0.0,0.0034630292757594078,0.010462367445832088,0.5696377969779095,0.002217824197734433,20.18049404503812,0.0,1.1304347826086956,0.18262887633303734,0.011370286827590058,0.4242419708402551,0.0,1.0819348469891412,0.5659614187927816,0.08660280961181684,-0.01342615296424791,0.05377534132018167,Capital Markets,Financial Services,GS
2011Q4,2011,Q4,2012-02-28,2011-12-31,1013000000.0,5489000000.0,3214000000.0,1.84,0.0,0.0,923225000000.0,70379000000.0,138796000000.0,276515000000.0,852846000000.0,0.0,58834000000.0,45938439457.420006,250967439457.42,138.54134021899222,0.5019474531218922,0.28274472636681197,3.7090183151224085,0.007877989415648079,138.54134021899222,0.014393498060501001,8.36918190151576,11.3372259273001,0.6527293575842226,0.21915103652517276,0.0,0.0048325542317511705,0.005945462915324,0.5019474531218922,0.0010972406509789055,2.4165407394750136,0.0,3.4210526315789473,-0.7315570436449073,-0.4141982746656697,0.40095074875653813,0.0,3.577608142493639,1.5347003154574133,-0.786203086799883,-0.398266306912476,0.03934412075299561,Capital Markets,Financial Services,GS
2011Q3,2011,Q3,2011-11-09,2011-09-30,-393000000.0,3587000000.0,1268000000.0,-0.76,0.0,0.0,948909000000.0,70088000000.0,75359000000.0,273948000000.0,878821000000.0,0.0,58043000000.0,48995809432.7,277093809432.7,135.25279971346353,0.27508505263772687,0.28696218499350307,3.8851301221321766,0.001993742837644773,135.25279971346353,-0.0056072366168245635,13.659272214301645,-31.167817705279898,0.6990613148142335,-0.5674300254452926,0.0,0.0045514096528257155,0.003780130655310467,0.27508505263772687,-0.0004141598404061928,-4.585905038627854,0.0,-1.4108108108108108,-1.213815848509408,-0.5898254484217564,0.8147854033668679,0.0,-1.361545538178473,-0.6731958762886598,-1.1251065361585089,-0.705763038162299,0.088371737885878,Capital Markets,Financial Services,GS
2011Q2,2011,Q2,2011-08-09,2011-06-30,1087000000.0,7281000000.0,3880000000.0,1.85,0.0,0.0,936910000000.0,72356000000.0,150987000000.0,266348000000.0,864554000000.0,0.0,58659000000.0,70790570201.46,291641570201.46,136.03309046098616,0.5668786700106627,0.28421513272352733,3.680192382110675,0.007726058225018011,136.03309046098616,0.01502294211952015,9.722643895269881,16.281179899139836,0.9783648930490907,1.8104875804967802,0.0,0.027800312872171377,0.007771290732300862,0.5668786700106627,0.001160196817196956,6.734262766501142,0.0,0.1858974358974359,-0.6025023077165688,-0.39890714977360126,0.923713210696227,0.0,-0.6025594149908592,-0.32976334427362236,-0.5813865061164065,-0.37891068235326936,0.2975622627494785,Capital Markets,Financial Services,GS
2011Q1,2011,Q1,2011-05-10,2011-03-31,2735000000.0,11894000000.0,5789000000.0,1.56,0.0,0.0,933289000000.0,72469000000.0,142073000000.0,247142000000.0,860820000000.0,0.0,57803000000.0,85739159048.4,307509159048.4,134.05290566836374,0.5748638434584166,0.2833559594080719,3.649187928631553,0.011631886212050961,134.05290566836374,0.03774027515213402,7.208605939835211,7.837217463290677,1.1831149739667994,0.13089579524680073,0.0,0.004175454995982734,0.012744176776968335,0.5748638434584166,0.002930496341433361,52.82757797190388,0.0,-0.5883905013192612,-0.2965869548334489,-0.2317629390276337,0.6148107289789473,0.0,0.14578969417679094,0.11219980787704131,0.3314547811596428,0.11443039584684653,0.006984036879648675,Capital Markets,Financial Services,GS
2010Q4,2010,Q4,2010-12-31,2010-12-31,2387000000.0,8064000000.0,5205000000.0,3.79,0.0,0.0,911332000000.0,77356000000.0,127914000000.0,262875000000.0,833976000000.0,0.0,57163000000.0,90974558991.04,313330558991.04,142.98706258396004,0.4865962910128388,0.28764928697774245,3.388799834531258,0.010534248526610045,142.98706258396004,0.030857334919075444,11.281567335198412,9.528127250842061,1.176050454923212,0.1508169250104734,0.0,0.003957150262585566,0.008848586464647352,0.4865962910128388,0.002619243042052732,-9.466655462126951,0.0,0.27181208053691275,0.31122355663928114,0.1290456337546475,1.4765632938083215,0.0,0.2576396206533193,0.1266233766233766,-0.4060342080315526,-0.19188274188306334,0.44590655809200713,Capital Markets,Financial Services,GS
2010Q3,2010,Q3,2010-11-09,2010-09-30,1898000000.0,8903000000.0,4620000000.0,2.98,0.0,0.0,908679000000.0,75657000000.0,165636000000.0,233801000000.0,833022000000.0,0.0,55136000000.0,78246695132.52,218994695132.52002,139.7949017715621,0.7084486379442346,0.25209012203429376,3.0277304148988198,0.010236885061836716,139.7949017715621,0.025086905375576615,8.788800980851398,10.306466692903058,1.034229418725564,0.19020021074815596,0.0,0.004613613385058678,0.009797739355702068,0.7084486379442346,0.0020887464109988238,341.68862503283844,0.0,2.8205128205128207,0.026514066486439378,0.05316006816766563,1.4867488371295465,0.0,2.096247960848287,0.4755669115298627,-0.47284085694934125,-0.4278209750649697,0.5331052753470431,Capital Markets,Financial Services,GS
2010Q2,2010,Q2,2010-08-09,2010-06-30,613000000.0,8841000000.0,3131000000.0,0.78,0.0,0.0,883188000000.0,73819000000.0,159761000000.0,229399000000.0,809369000000.0,0.0,53599000000.0,70859545212.38,199549545212.38,136.75250244630422,0.6964328528023226,0.2464990466355974,2.949172977146805,0.004546745713003283,136.75250244630422,0.008304095151654723,8.01487899698903,28.89867259884992,0.9599093080694673,0.5856443719412724,0.0,0.0050663604871299455,0.010010326227258523,0.6964328528023226,0.0006940764593721835,7.246093180527661,0.0,-0.8604651162790697,-0.36274792367471087,0.6135622336934833,1.5148575110313907,0.0,-0.8226273148148148,-0.5355977454761198,-0.7673830998403206,-0.2568755864033172,0.30442443018502696,Capital Markets,Financial Services,GS
2010Q1,2010,Q1,2010-05-10,2010-03-31,3456000000.0,12775000000.0,6742000000.0,5.59,0.0,0.0,880528000000.0,72944000000.0,141560000000.0,40784000000.0,807584000000.0,0.0,53345000000.0,93163978976.22,244244978976.22,133.59707106516927,3.4709690074539035,0.2512106372540112,3.032435841193244,0.01535464970497923,133.59707106516927,0.04737881114279447,7.29267937191546,6.739292460664062,1.277198658919445,0.10503472222222222,0.0,0.003896355694432666,0.014508340450275289,3.4709690074539035,0.003924917776606763,-11.971726930894372,0.0,-0.3182926829268292,0.16763140053175585,0.025558078835310954,1.112880509428205,0.0,-0.301535974130962,-0.22362966374942422,0.8130253587936184,0.21492624483531006,0.35637269673273847,Capital Markets,Financial Services,GS
2009Q4,2009,Q4,2009-12-31,2009-12-31,4948000000.0,9526000000.0,8684000000.0,8.2,0.0,0.0,848942000000.0,70714000000.0,117875000000.0,236081000000.0,778228000000.0,0.0,50252000000.0,89569618986.96,298013618986.96,133.2968912342721,0.4992989694215121,0.2906382297023825,3.4891959159430948,0.01834829689840297,133.2968912342721,0.06997199988686822,9.402647384732312,4.52554663434519,1.2666461943456742,0.07174616006467259,0.0,0.003963397455689554,0.011221025700224515,0.4992989694215121,0.005828431153129424,3.5764901368375663,0.0,0.5619047619047618,2.952669455219743,0.9607385214136114,1.6894304782703329,0.0,0.5520702634880803,0.4226736566186107,0.39373114768071704,0.1395283936274936,0.7543965732784373,Capital Markets,Financial Services,GS
2009Q3,2009,Q3,2009-09-30,2009-09-30,3188000000.0,12372000000.0,6104000000.0,5.25,0.0,0.0,882185000000.0,65354000000.0,135910000000.0,38555000000.0,816831000000.0,0.0,45660000000.0,96949663893.9,259254663893.9,124.27077532919691,3.525094021527688,0.25876545169097187,3.492961410166172,0.01382387969818653,124.27077532919691,0.04878048780487805,7.836215962972841,7.602702626560538,1.4834541710362028,0.11135508155583437,0.0,0.0036616939733644226,0.014024269285920753,3.525094021527688,0.0036137544846035694,14.034404153720324,0.0,0.06490872210953352,2.3737485873464443,1.4765694818562896,1.5854071051156438,0.0,-0.07190684133915574,-0.05466935109183831,0.7090701659144725,0.3940279596976431,0.6674315770933392,Capital Markets,Financial Services,GS
2009Q2,2009,Q2,2009-06-30,2009-06-30,3435000000.0,13761000000.0,6457000000.0,4.93,0.0,0.0,889544000000.0,62813000000.0,148305000000.0,35173000000.0,826731000000.0,0.0,42827000000.0,75798903115.36,226223903115.36,122.18051105443118,4.2164444318084895,0.2545292869155432,3.604588222183306,0.01524879611566975,122.18051105443118,0.054686131851686755,5.508240906573651,5.516659615382824,1.2067391004308026,0.2765647743813683,0.0,0.012533162894905936,0.015469723813549415,4.2164444318084895,0.003861529053087874,6.089243502197943,0.0,0.45427728613569307,1.7463712070818682,1.316371101711861,1.5748043681994826,0.0,0.8936052921719956,0.27006294256490954,0.29961344484603203,0.17539249305094187,0.7278168305117969,Capital Markets,Financial Services,GS
2009Q1,2009,Q1,2009-03-31,2009-03-31,1814000000.0,9425000000.0,5084000000.0,3.39,0.0,0.0,925290000000.0,63553000000.0,175489000000.0,44596000000.0,861737000000.0,0.0,40366000000.0,50613947469.9,178740947469.9,133.1231685496771,3.9350838640236794,0.25195344162370714,3.668276871272796,0.011823868107874773,133.1231685496771,0.028543105754252358,5.370180102907162,6.975461338189085,0.7964053226425187,0.30044101433296583,0.0,0.01076778293817352,0.01018599574187552,3.9350838640236794,0.001960466448356731,17.3394818327852,0.0,1.7353579175704987,0.44584402993234107,0.6102848769143786,1.9456531711637188,0.0,1.8552569542668553,2.0608067429259482,-0.2990621010217496,-0.13465171360045247,1.105385589214992,Capital Markets,Financial Services,GS
2008Q4,2008,Q4,2009-01-27,2008-11-28,-2121000000.0,-1821000000.0,1661000000.0,-4.61,0.0,0.0,886190000000.0,64369000000.0,119295000000.0,327726000000.0,820178000000.0,0.0,39913000000.0,36327500605.049995,280148500605.05,139.96303696415566,0.3640083484374142,0.2928954287455286,4.0323913685159,0.003021880479788001,139.96303696415566,-0.03295064394351318,-19.94920406647446,-4.281883616814002,0.5643632898608025,-0.123998114097124,0.0,0.007239694325775871,-0.002054864081066137,0.3640083484374142,-0.002393391936266489,3.0450545352095553,0.0,-3.546961325966851,-3.436550398229347,-1.5005550685725935,2.3192047874728114,0.0,-3.510059171597633,-0.8055490517443221,-2.370562509304812,-1.2999195513280597,1.4241865912297513,Capital Markets,Financial Services,GS
2008Q3,2008,Q3,2008-10-08,2008-08-29,845000000.0,6043000000.0,8542000000.0,1.81,0.0,0.0,1081773000000.0,45599000000.0,38045000000.0,64653000000.0,1036174000000.0,0.0,42301000000.0,70113571180.15,298973571180.15,106.63938384751384,0.5884491052232689,0.22280090185279167,5.28564222899625,0.026232523256774092,106.63938384751384,0.018531108138336368,11.602444345548568,20.743660112470415,1.5376120349163358,0.22958579881656804,0.0,0.0027669393633015195,0.005586199692541781,0.5884491052232689,0.0007811250604331962,32.88629042220919,0.0,-0.6048034934497817,0.425919185511855,0.8201057584927046,1.5488471707756921,0.0,-0.5951126018207954,-0.2271781416809916,-0.42157707477273254,-0.09524561535997582,0.8969601924993943,Capital Markets,Financial Services,GS
2008Q2,2008,Q2,2008-07-07,2008-05-30,2087000000.0,9422000000.0,11053000000.0,4.58,0.0,0.0,1088145000000.0,44818000000.0,41150000000.0,71176000000.0,1015251000000.0,0.0,41646000000.0,75415274117.95,314861274117.95,104.83742812675355,0.5781443183095425,0.2327143900858801,5.650118256057834,0.027329238427860354,104.83742812675355,0.04656611183006828,8.004168341960305,9.033933171771682,1.6827005693683341,0.09199808337326305,0.0,0.0025459033630204765,0.008658772498150523,0.5781443183095425,0.001917942921209949,8.555334556772547,0.0,0.4179566563467493,2.412392953588508,1.6868051135762574,1.541164657209347,0.0,0.3812045003309067,-0.11128085551177937,1.7394917389400717,1.1713217923818806,0.9279441973305185,Capital Markets,Financial Services,GS
2008Q1,2008,Q1,2008-04-09,2008-02-29,1511000000.0,8335000000.0,12437000000.0,3.23,0.0,0.0,1189006000000.0,42629000000.0,48507000000.0,72789000000.0,1138690000000.0,0.0,39751000000.0,73415863151.84999,312964863151.85,98.49584217301111,0.6664056382145653,0.21216377377406,5.917661685706913,0.029736747417163492,98.49584217301111,0.03544535410166788,8.808141949832033,12.146899925852084,1.7222046764374017,0.13302448709463932,0.0,0.0027378279212526705,0.007010057140165819,0.6664056382145653,0.0012708093987751114,-3.1906068297196866,0.0,-0.5652759084791386,1.5804440033082885,1.2505600610465337,1.469714824370971,0.0,-0.5300155520995334,-0.21523220595658757,0.14134261257070693,0.4611491276075307,0.8671714014818861,Capital Markets,Financial Services,GS
2007Q4,2007,Q4,2007-11-30,2007-11-30,3215000000.0,7983000000.0,15848000000.0,7.43,0.0,0.0,1127061000000.0,42800000000.0,168051000000.0,422420000000.0,1076996000000.0,0.0,38642000000.0,98089792000.0,387648792000.0,98.8909426987061,0.3978291747549832,0.2674575732813042,7.043014018691589,0.029280041314878165,98.8909426987061,0.07511682242990654,12.28733458599524,7.627511041990668,2.2918175700934578,0.06438569206842924,0.0,0.0021103113359645007,0.007083023900214806,0.3978291747549832,0.002852551902692046,-21.00423811563169,0.0,0.21207177814029363,6.575469885251002,2.2891896674876215,1.680041861276306,0.0,0.12648913805185705,0.0076297049847405905,2.14803763116259,1.0140644532854883,0.9952476974977187,Capital Markets,Financial Services,GS
2007Q3,2007,Q3,2007-10-10,2007-08-31,2854000000.0,12334000000.0,15728000000.0,6.13,0.0,0.0,1045778000000.0,39118000000.0,35956000000.0,342695000000.0,997753000000.0,0.0,35634000000.0,75508289119.95,280208289119.95,91.18415024690152,0.10492128569135821,0.207840478571934,5.556393476149087,0.04109397736314285,91.18415024690152,0.07295874022189273,6.1219627955205125,6.614250974067099,1.9302696743174494,0.07182901191310441,0.0,0.0027149337164075285,0.011794090141502307,0.10492128569135821,0.0027290686933555686,-3.890174606901082,0.0,0.24340770791075056,5.307302030883808,2.8993322623583797,1.3947694492289753,0.0,0.22331761680240034,0.1564705882352941,2.702493037496139,2.026637637563461,0.8970522176092316,Capital Markets,Financial Services,GS
2007Q2,2007,Q2,2007-07-03,2007-05-25,2333000000.0,10182000000.0,13600000000.0,4.93,0.0,0.0,943196000000.0,38459000000.0,13465000000.0,286094000000.0,896020000000.0,0.0,32985000000.0,98285972872.35,394775972872.35,88.24919789179897,0.04706495068054555,0.3228374590223029,7.917496554772615,0.026964476382779646,88.24919789179897,0.060662003692243685,9.652914247922805,10.532144542686455,2.5556039645427595,0.08872696099442777,0.0,0.0021060991100820005,0.010795211175619913,0.04706495068054555,0.002473504976696254,-3.1047153195928234,0.0,-0.26086956521739135,3.7239001123789364,2.0140741753338465,1.3248595328984907,0.0,-0.2702533625273694,-0.056145464640155456,1.2004302797565523,1.0218624838591597,0.8597435733484248,Capital Markets,Financial Services,GS
2007Q1,2007,Q1,2007-04-04,2007-02-23,3197000000.0,12730000000.0,14409000000.0,6.67,0.0,0.0,912495000000.0,36900000000.0,22975000000.0,54062000000.0,875595000000.0,0.0,30859000000.0,96234248917.5,276141248917.5,83.01462410590128,0.4249750286707854,0.20470687510616498,5.0621680216802165,0.04238139456424145,83.01462410590128,0.08663956639566396,7.559642491555381,7.525355717664998,2.607974225406504,0.06631216765717861,0.0,0.0022029579113953916,0.013950761374034927,0.4249750286707854,0.0035035808415388578,-6.595904655071967,0.0,-0.0029895366218236864,5.865675468645916,2.9814307506457083,1.2451427131486388,0.0,0.014276649746192893,0.051444833625218914,1.7367646359312687,1.3359331435201771,0.8368875486858693,Capital Markets,Financial Services,GS
