Quarters,Year,Quarter,FillingDate,Date,NetIncome,Revenue,OperatingIncome,EPSDiluted,GrossProfit,GrossProfitRatio,TotalAssets,CommonStockEquity,CurrentAssets,CurrentLiability,TotalLiability,Inventory,RetainedEarnings,MarketCap,EnterpriseValue,bookValuePerShare,currentRatio,debtToAssets,debtToEquity,roic,shareholdersEquityPerShare,roe,priceToSalesRatio,peRatio,pbRatio,payoutRatio,inventoryTurnover,dividendYield,assetTurnover,quickRatio,returnOnAssets,priceToFreeCashFlowsRatio,grossProfitMargin,epsdilutedGrowth,fiveYNetIncomeGrowthPerShare,fiveYRevenueGrowthPerShare,fiveYShareholdersEquityGrowthPerShare,grossProfitGrowth,netIncomeGrowth,operatingIncomeGrowth,threeYNetIncomeGrowthPerShare,threeYRevenueGrowthPerShare,threeYShareholdersEquityGrowthPerShare,Industry,Sector,Symbol
2023Q1,2023,Q1,2023-05-01,2023-03-31,297000000.0,3152000000.0,399000000.0,1.09,3152000000.0,1.0,50080000000.0,-3308000000.0,1650000000.0,4953000000.0,53388000000.0,0.0,9191000000.0,10588839000.0,12887839000.0,-12.193144120899374,0.3331314354936402,0.060403354632587856,-0.9144498186215235,-1.1286752450163344,-12.193144120899374,-0.08978234582829504,3.359403236040609,8.913164141414141,-3.2009791414752113,1.4983164983164983,0.0,0.04202538163060181,0.06293929712460064,9.967090652130022,0.005930511182108626,25.453939903846155,1.0,0.19780219780219785,0.020994752261923367,0.24385081400023698,-1.2896472047625462,0.013179042108646738,0.1975806451612903,0.2912621359223301,5.872441734695728,0.37683266127507703,-1.3194787327566282,Insurance—Property & Casualty,Financial Services,CNA
2022Q4,2022,Q4,2023-02-07,2022-12-31,248000000.0,3111000000.0,309000000.0,0.91,3111000000.0,1.0,48545000000.0,-3557000000.0,10881000000.0,243000000.0,52102000000.0,0.0,9572000000.0,11470564000.0,13776564000.0,-13.110947290821969,44.77777777777778,0.06229271809661139,-0.8501546246837223,-0.4890301336294368,-13.110947290821969,-0.06972167556929997,3.687098682095789,11.563068548387097,-3.224786055664886,0.43548387096774194,0.0,0.009415404508444396,0.06408486970851787,44.77777777777778,0.0051086620661242145,22.895337325349303,1.0,0.9361702127659576,0.11210762331838557,0.27083333333333326,-1.2905096373734073,0.19149751053236308,0.9375,0.609375,-0.09090540863485952,0.1210995326387665,-1.2914140146916222,Insurance—Property & Casualty,Financial Services,CNA
2022Q3,2022,Q3,2022-10-31,2022-09-30,128000000.0,2957000000.0,192000000.0,0.47,2611000000.0,0.8829895164,60215000000.0,8094000000.0,10263000000.0,1298000000.0,52121000000.0,0.0,9433000000.0,10014660000.0,12291660000.0,29.82313927781872,7.906779661016949,0.046167898364194965,0.3434642945391648,0.013780913972465088,29.82313927781872,0.015814183345688165,3.3867636117686843,19.5598828125,1.2372942920681986,0.8515625,0.0,0.01088404399150845,0.04910736527443328,7.906779661016949,0.002125716183675164,13.88995839112344,0.8829895164017585,-0.37333333333333335,-0.11176615082289369,0.23220222206788624,-0.33535743511016214,0.005390835579514825,-0.375609756097561,-0.2967032967032967,0.19714323101398776,0.10211511042130668,-0.3318514701100747,Insurance—Property & Casualty,Financial Services,CNA
2022Q2,2022,Q2,2022-08-01,2022-06-30,205000000.0,2926000000.0,273000000.0,0.75,2597000000.0,0.8875598086,62229000000.0,9512000000.0,2423000000.0,4638000000.0,52717000000.0,0.0,9415000000.0,12199330000.0,14419330000.0,35.0092013249908,0.5224234583872359,0.04467370518568513,0.2922624053826745,0.0185835154107201,35.0092013249908,0.021551724137931036,4.1692857142857145,14.877231707317073,1.2825199747687133,0.526829268292683,0.0,0.008852945202728347,0.047019878191839816,2.2934454506252697,0.0032942840154911697,20.503075630252102,0.8875598086124402,-0.3478260869565217,-0.24798788672627678,0.2339553937187074,-0.2109249684731456,143.27777777777777,-0.3450479233226837,-0.3275862068965517,-0.26286133404649115,0.12066018272914837,-0.21332844544820875,Insurance—Property & Casualty,Financial Services,CNA
2022Q1,2022,Q1,2022-05-02,2022-03-31,313000000.0,18000000.0,406000000.0,1.15,18000000.0,1.0,63792000000.0,10817000000.0,10059000000.0,0.0,52975000000.0,0.0,9319000000.0,13214916000.0,15632916000.0,39.79764532744665,0.0,0.04356345623275646,0.25691041878524545,0.024726771490525535,39.79764532744665,0.028935934177683278,734.162,10.555044728434504,1.2216803180179348,2.099041533546326,0.0,0.04971654757396869,0.0002821670428893905,0.0,0.0049065713569099575,20.876644549763032,1.0,0.1855670103092783,0.19897407596083092,-0.99230594321121,-0.07866051568119312,-0.9941060903732809,0.17669172932330826,0.1340782122905028,-0.08546876143018818,-0.9933258794185946,-0.056391054479745926,Insurance—Property & Casualty,Financial Services,CNA
2021Q4,2021,Q4,2022-02-08,2021-12-31,266000000.0,3054000000.0,358000000.0,0.97,3054000000.0,1.0,54150000000.0,320000000.0,536000000.0,0.0,53830000000.0,0.0,0.0,11976536000.0,14219536000.0,1.1777695988222303,0.0,0.051320406278855035,8.684375,0.09311703677628168,1.1777695988222303,0.83125,3.921590045841519,11.256142857142857,37.426675,0.0,0.0,0.0,0.056398891966759006,0.0,0.004912280701754386,18.62602799377916,1.0,0.03191489361702131,0.09885964657748901,0.2721805831253088,-0.9733823480256151,0.05968077723802915,0.0390625,0.0,4.165501165501166,0.2704435980603927,-0.9714823729125329,Insurance—Property & Casualty,Financial Services,CNA
2021Q3,2021,Q3,2021-11-01,2021-09-30,256000000.0,2882000000.0,0.0,0.94,2882000000.0,1.0,66522000000.0,12664000000.0,17017000000.0,0.0,53858000000.0,0.0,9500000000.0,11400532000.0,13553532000.0,46.610231873389765,0.0,0.041760620546586094,0.2193619709412508,0.0,46.610231873389765,0.02021478205938092,3.9557709923664124,11.13333203125,0.900231522425774,0.40625,0.0,0.009122381306416226,0.043324013108445324,0.0,0.0038483509214996543,17.326036474164134,1.0,-0.3037037037037038,-0.2569406962532634,0.17931412045241632,0.03387189190257742,-0.000346860908775581,-0.30434782608695654,0.0,-0.238375659428291,0.09875639635967237,0.09985568868919717,Insurance—Property & Casualty,Financial Services,CNA
2021Q2,2021,Q2,2021-08-02,2021-06-30,368000000.0,2883000000.0,0.0,1.35,2883000000.0,1.0,66207000000.0,12668000000.0,16636000000.0,0.0,53539000000.0,0.0,9348000000.0,12368731000.0,14683731000.0,46.59065833026848,0.0,0.04194420529551256,0.2192137669718977,0.0,46.59065833026848,0.02904957372908115,4.2902292750607005,8.40267051630435,0.9763759867382381,0.2826086956521739,0.0,0.00840829992987963,0.04354524446055553,0.0,0.0055583246484510705,20.580251247920135,1.0,0.18421052631578966,0.7516994532538173,0.22153133385921395,0.06030397764913551,0.005931612002791347,0.1794871794871795,0.0,0.3609578684974051,0.11839888687994604,0.1081352375530348,Insurance—Property & Casualty,Financial Services,CNA
2021Q1,2021,Q1,2021-05-07,2021-03-31,312000000.0,2866000000.0,0.0,1.14,2866000000.0,1.0,63713000000.0,12089000000.0,15770000000.0,0.0,51624000000.0,0.0,9084000000.0,12134897000.0,14323897000.0,44.46119897020964,0.0,0.043586081333479826,0.22971296219703863,0.0,44.46119897020964,0.02580858631814046,4.234088276343336,9.723475160256411,1.003796591943089,0.9935897435897436,0.0,0.025546158323387497,0.044982970508373486,0.0,0.004896959804121608,153.6062911392405,1.0,-0.1971830985915493,3.699455013541075,0.29801137863059324,0.047764784799273284,0.0199288256227758,-0.1937984496124031,0.0,0.07019333214530815,0.1284929704258077,0.05617237641268236,Insurance—Property & Casualty,Financial Services,CNA
2020Q4,2020,Q4,2021-02-09,2020-12-31,387000000.0,2810000000.0,0.0,1.42,2810000000.0,1.0,64026000000.0,12707000000.0,14408000000.0,0.0,51319000000.0,0.0,9081000000.0,10585432000.0,12942432000.0,46.76849466323151,0.0,0.04335738606191235,0.21846226489336587,0.0,46.76849466323151,0.030455654363736522,3.7670576512455516,6.838134366925065,0.8330394270874321,0.25839793281653745,0.0,0.00944694557576866,0.04388842032924124,0.0,0.00604441945459657,29.40397777777778,1.0,0.7974683544303796,6.500084126399915,0.23204971132414234,0.07532528984956417,-0.0035460992907801418,0.8169014084507042,0.0,0.7328710939756489,0.14618590044286628,0.03628655685517048,Insurance—Property & Casualty,Financial Services,CNA
2020Q3,2020,Q3,2020-11-02,2020-09-30,213000000.0,2820000000.0,0.0,0.79,2820000000.0,1.0,62775000000.0,12021000000.0,14524000000.0,0.0,50754000000.0,0.0,8796000000.0,8148283000.0,10482283000.0,44.24365108575635,0.0,0.04422142572680207,0.23092920722069712,0.0,44.24365108575635,0.01771899176441228,2.889462056737589,9.563712441314554,0.6778373679394393,0.4694835680751174,0.0,0.012272524162452385,0.044922341696535244,0.0,0.0033930704898446832,10.835482712765957,1.0,0.4363636363636363,0.19046329188257038,0.30305121578008853,-0.024944240645744686,0.019522776572668113,0.4105960264900662,0.0,0.47644460802355526,0.1738158685175935,-0.0139799347146748,Insurance—Property & Casualty,Financial Services,CNA
2020Q2,2020,Q2,2020-08-03,2020-06-30,151000000.0,2766000000.0,0.0,0.55,2766000000.0,1.0,62095000000.0,11645000000.0,15036000000.0,0.0,50450000000.0,0.0,8683000000.0,8728725000.0,10822725000.0,42.89134438305709,0.0,0.043159674692004185,0.23014169171318163,0.0,42.89134438305709,0.012966938600257622,3.1557212581344904,14.45153145695364,0.7495684843280378,0.6688741721854304,0.0,0.011570991181415385,0.04454464932764313,0.0,0.0024317577904823255,20.252262180974476,1.0,3.391304347826087,0.08936664264552809,0.18340119709297764,-0.05235161135030808,0.2073330423395897,3.4754098360655736,0.0,-0.4456708373957317,0.1673393330001915,-0.03326875106029466,Insurance—Property & Casualty,Financial Services,CNA
2020Q1,2020,Q1,2020-05-04,2020-03-31,-61000000.0,2291000000.0,0.0,-0.23,2291000000.0,1.0,58405000000.0,10362000000.0,47445000000.0,45363000000.0,48043000000.0,0.0,8634000000.0,8427360000.0,10846360000.0,38.16574585635359,1.0458964354209377,0.04588648232171903,0.25863732870102296,0.0,38.16574585635359,-0.005886894421926269,3.67846355303361,-34.538360655737705,0.8132947307469601,-10.639344262295081,0.0,0.07701106870953656,0.039226093656365035,0.18259374380001323,-0.001044431127471963,40.3222966507177,1.0,-1.23,-1.2604525802448645,-0.03095817516693597,-0.17113709449215211,-0.1750090025207058,-1.2234432234432235,0.0,-1.2339240685649526,-0.019635469771338565,-0.11643997234970355,Insurance—Property & Casualty,Financial Services,CNA
2019Q4,2019,Q4,2020-02-11,2019-12-31,273000000.0,2777000000.0,0.0,1.0,2777000000.0,1.0,60612000000.0,12215000000.0,4552000000.0,45718000000.0,48397000000.0,0.0,9348000000.0,12165915000.0,16463915000.0,44.99079189686925,0.09956691018854719,0.04419916848148881,0.21932050757265656,0.0,44.99079189686925,0.022349570200573064,4.380956067698956,11.140947802197802,0.9959815800245599,0.34798534798534797,0.0,0.007808701606085526,0.04581601003101696,0.19097510827245287,0.004504058602256979,78.99944805194805,1.0,1.564102564102564,0.37117026619789073,0.16133618947163006,-0.050530419559582894,0.03426443202979516,1.5514018691588785,0.0,0.12860778065610617,0.15764503725621642,0.016794152235201882,Insurance—Property & Casualty,Financial Services,CNA
2019Q3,2019,Q3,2019-10-28,2019-09-30,107000000.0,2685000000.0,0.0,0.39,2685000000.0,1.0,60450000000.0,12123000000.0,4298000000.0,45649000000.0,48327000000.0,0.0,9171000000.0,13376300000.0,17208300000.0,44.635493372606774,0.0941532125566825,0.04430107526881721,0.2209024168935082,0.0,44.635493372606774,0.008826198135774973,4.981862197392924,31.25303738317757,1.1033820011548297,0.897196261682243,0.0,0.007176872528277626,0.04441687344913151,0.18315844815877674,0.0017700578990901572,29.07891304347826,1.0,-0.6176470588235294,-0.5007968774848403,0.10667525315060028,-0.07571584615109953,0.028735632183908046,-0.6151079136690647,0.0,-0.6893100812805661,0.09910626892016809,-0.009930220804417165,Insurance—Property & Casualty,Financial Services,CNA
2019Q2,2019,Q2,2019-08-05,2019-06-30,278000000.0,2610000000.0,0.0,1.02,2610000000.0,1.0,59963000000.0,12087000000.0,4441000000.0,45198000000.0,47876000000.0,0.0,9159000000.0,12800508000.0,16726508000.0,44.50294550810015,0.09825656002477985,0.04466087420576022,0.2215603540994457,0.0,44.50294550810015,0.022999917266484652,4.904409195402299,11.51124820143885,1.0590310250682553,0.34172661870503596,0.0,0.007421580456025651,0.04352684155229058,0.19193327138368954,0.004636192318596468,57.92085067873303,1.0,-0.184,0.034681427302763905,0.06297683430309765,-0.08128002197978973,-0.03153988868274583,-0.1871345029239766,0.0,0.3247563613814291,0.10708232870766458,0.012792088166001182,Insurance—Property & Casualty,Financial Services,CNA
2019Q1,2019,Q1,2019-04-29,2019-03-31,342000000.0,2695000000.0,0.0,1.25,2695000000.0,1.0,58477000000.0,11455000000.0,3472000000.0,44341000000.0,47022000000.0,0.0,8976000000.0,11963980000.0,15895980000.0,42.1759941089838,0.07830224848334498,0.045847085178788244,0.2340462680052379,0.0,42.1759941089838,0.029855958096900916,4.439324675324675,8.745599415204678,1.044432998690528,1.8801169590643274,0.0,0.053744656878396656,0.04608649554525711,0.1896438961683318,0.005848453238025206,42.88164874551971,1.0,5.032258064516129,25.133340885918205,0.08694241788783277,-0.09560616669815372,0.12151477320016646,5.071428571428571,0.0,4.1570156647476235,0.22191367447103305,-0.006087950509300686,Insurance—Property & Casualty,Financial Services,CNA
2018Q4,2018,Q4,2019-02-13,2018-12-31,-84000000.0,2403000000.0,0.0,-0.31,2403000000.0,1.0,57152000000.0,11217000000.0,3413000000.0,43255000000.0,45935000000.0,0.0,9277000000.0,11991140000.0,15647140000.0,41.299705449189986,0.0789041729279852,0.04689249720044793,0.23892306320763126,0.0,41.299705449189986,-0.007488633324418294,4.990070744902206,-35.687916666666666,1.069014888116252,-1.130952380952381,0.0,0.007922516124405185,0.04204577267637178,0.19292567333256272,-0.0014697648376259798,34.55659942363113,1.0,-1.2520325203252034,-1.3774315435928535,-0.08680075886569184,-0.11955335075120233,-0.08352402745995423,-1.25,0.0,-0.19425625920471282,0.05398772986224656,-0.05041592523681072,Insurance—Property & Casualty,Financial Services,CNA
2018Q3,2018,Q3,2018-11-05,2018-09-30,336000000.0,2622000000.0,0.0,1.23,2622000000.0,1.0,57259000000.0,11510000000.0,3459000000.0,43069000000.0,45749000000.0,0.0,9456000000.0,12322492000.0,15982492000.0,42.37849779086893,0.0803129861385219,0.04680486910354704,0.23284100781928757,0.0,42.37849779086893,0.029192006950477845,4.699653699466056,9.168520833333332,1.0705900955690704,0.28273809523809523,0.0,0.0077094795435858265,0.04579192790652998,0.18988135317745944,0.005868073141340226,24.49799602385686,1.0,0.24242424242424243,0.22665251667677397,0.03979935490549433,-0.059534201086369636,0.018648018648018648,0.24444444444444444,0.0,0.8786053515579753,0.21200646835220496,-0.06604908659829828,Insurance—Property & Casualty,Financial Services,CNA
2018Q2,2018,Q2,2018-07-30,2018-06-30,270000000.0,2574000000.0,0.0,0.99,2574000000.0,1.0,57858000000.0,11415000000.0,3659000000.0,43764000000.0,46443000000.0,0.0,9216000000.0,12402120000.0,14823120000.0,42.04419889502763,0.08360753130426835,0.04682152856994711,0.23731931668856768,0.0,42.04419889502763,0.023653088042049936,4.818228438228438,11.483444444444444,1.0864756898817345,0.3037037037037037,0.0,0.006611772825936211,0.0444882298040029,0.19945617402431223,0.004666597531888417,126.55224489795918,1.0,-0.07476635514018698,0.3825254884091816,0.025645730697887847,-0.050626218855580114,0.015384615384615385,-0.07216494845360824,0.0,0.9478741292337257,0.10125621161146944,-0.0710685825301645,Insurance—Property & Casualty,Financial Services,CNA
2018Q1,2018,Q1,2018-04-30,2018-03-31,291000000.0,2535000000.0,0.0,1.07,2535000000.0,1.0,57649000000.0,11425000000.0,2653000000.0,43545000000.0,46224000000.0,0.0,9028000000.0,13393590000.0,15820590000.0,42.09653647752395,0.06092547938913767,0.04699127478360422,0.23711159737417944,0.0,42.09653647752395,0.025470459518599563,5.2834674556213015,11.506520618556703,1.1723054704595186,2.1443298969072164,0.0,0.046589450625261784,0.043973009072143486,0.1904007348719715,0.005047789207098128,74.40883333333333,1.0,0.30487804878048796,0.1558511422254974,0.005694419460096677,-0.0854480789445624,0.03553921568627451,0.30493273542600896,0.0,0.24294470572235521,0.07264345495014514,-0.08577032221763943,Insurance—Property & Casualty,Financial Services,CNA
2017Q4,2017,Q4,2018-02-14,2017-12-31,223000000.0,2448000000.0,0.0,0.82,2448000000.0,1.0,56567000000.0,12244000000.0,4083000000.0,41615000000.0,44323000000.0,0.0,9414000000.0,14392465000.0,16895465000.0,45.13085145595282,0.09811366093956506,0.05052415719412378,0.2334204508330611,0.0,45.13085145595282,0.018213002286834368,5.879274918300654,16.13505044843049,1.1754708428618097,0.3632286995515695,0.0,0.005627944900335002,0.04327611504941043,0.20050462573591255,0.003942227800661163,42.58125739644971,1.0,0.5471698113207546,25.604251136503255,-0.0012917505749274528,-0.01264809304582669,0.020850708924103418,0.5486111111111112,0.0,0.1208658646918877,0.024503705641807597,-0.047574652719457426,Insurance—Property & Casualty,Financial Services,CNA
2017Q3,2017,Q3,2017-10-30,2017-09-30,144000000.0,2398000000.0,0.0,0.53,2398000000.0,1.0,56582000000.0,12169000000.0,4030000000.0,41706000000.0,44413000000.0,0.0,9273000000.0,13627800000.0,16201800000.0,44.87094395280236,0.09662878242938666,0.05049308967516171,0.23477689210288438,0.0,44.87094395280236,0.01183334702933684,5.682985821517931,23.659374999999997,1.1198783794888651,0.5902777777777778,0.0,0.006237250326538399,0.04238096921282387,0.20049872919963554,0.002544978968576579,37.13297002724796,1.0,-0.47,-0.352740960237056,-0.03402916837126513,-0.04516332536453746,0.013524936601859678,-0.47058823529411764,0.0,-0.3271843450081016,-0.010159617485737,-0.07084028135174494,Insurance—Property & Casualty,Financial Services,CNA
2017Q2,2017,Q2,2017-07-31,2017-06-30,272000000.0,2366000000.0,0.0,1.0,2366000000.0,1.0,56205000000.0,12028000000.0,3964000000.0,41616000000.0,44177000000.0,0.0,9211000000.0,13216125000.0,15702125000.0,44.367392106233865,0.09525182622068436,0.048234142869851435,0.22539075490522115,0.0,44.367392106233865,0.02261390089790489,5.585851648351649,12.147173713235295,1.098779930162953,0.24632352941176472,0.0,0.005069564641678253,0.042095898941375325,0.20160515186466743,0.004839427097233342,67.775,1.0,0.041666666666666706,0.628279254976379,0.0468225326520068,-0.021403681560553247,0.015450643776824034,0.046153846153846156,0.0,0.014217289251585535,-0.03462003616111643,-0.08407838997456635,Insurance—Property & Casualty,Financial Services,CNA
2017Q1,2017,Q1,2017-05-01,2017-03-31,260000000.0,2330000000.0,0.0,0.96,2330000000.0,1.0,55201000000.0,11693000000.0,3582000000.0,40948000000.0,43508000000.0,0.0,9006000000.0,11956819000.0,14367819000.0,43.19541928333949,0.08747679984370421,0.04909331352692886,0.23176259300436158,0.0,43.19541928333949,0.02223552552809373,5.131681974248927,11.496941346153847,1.0225621311896007,2.3423076923076924,0.0,0.05093327916061956,0.04220938026485027,0.19480804923317377,0.004710059600369559,47.447694444444444,1.0,0.07865168539325837,0.03462135205024014,-0.034589854276639846,-0.029085517652673046,-0.02510460251046025,0.07883817427385892,0.0,18.933505725895824,-0.05714436984699002,-0.07374629449650336,Insurance—Property & Casualty,Financial Services,CNA
2016Q4,2016,Q4,2017-02-15,2016-12-31,241000000.0,2390000000.0,0.0,0.89,2390000000.0,1.0,55233000000.0,11969000000.0,3887000000.0,40554000000.0,43264000000.0,0.0,9359000000.0,11225750000.0,15071750000.0,44.24768946395564,0.09584751195936282,0.04906487063892963,0.22641824713844097,0.0,44.24768946395564,0.02013534965327095,4.696966527196652,11.64496887966805,0.9379020803743002,0.27800829875518673,0.0,0.005968420818208138,0.0432712327775062,0.20473935986585787,0.004363333514384516,46.00717213114754,1.0,-0.29365079365079366,0.26279404611343504,0.053296773882085285,0.031055011909946587,-0.017673653925195234,-0.29737609329446063,0.0,0.08727260561554342,-0.08804760500073204,-0.05670683357609393,Insurance—Property & Casualty,Financial Services,CNA
2016Q3,2016,Q3,2016-10-31,2016-09-30,343000000.0,2433000000.0,0.0,1.26,2433000000.0,1.0,56859000000.0,12195000000.0,3948000000.0,41955000000.0,44664000000.0,0.0,9185000000.0,9307905000.0,13149905000.0,45.08317929759704,0.09410082230961744,0.04764417242652878,0.222140221402214,0.0,45.08317929759704,0.02812628126281263,3.8256905055487054,6.784187317784256,0.7632558425584255,0.20116618075801748,0.0,0.0074130537430281045,0.04279005962116815,0.20319389822428793,0.0060324662762271586,19.47260460251046,1.0,0.6363636363636364,3.553044978434997,0.1136582318822104,0.028192766331545004,0.036201022146507666,0.6411483253588517,0.0,0.2572999347613354,-0.031228260291850978,0.0004882297837507048,Insurance—Property & Casualty,Financial Services,CNA
2016Q2,2016,Q2,2016-08-01,2016-06-30,209000000.0,2348000000.0,0.0,0.77,2348000000.0,1.0,56906000000.0,11886000000.0,4041000000.0,42312000000.0,45020000000.0,0.0,8911000000.0,8499110000.0,12302110000.0,43.940850277264325,0.09550482132728304,0.04758724914771729,0.22783106175332324,0.0,43.940850277264325,0.01758371193000168,3.6197231686541738,10.166399521531101,0.7150521622076393,0.3253588516746411,0.0,0.008000837734774582,0.04126102695673567,0.20618264322178106,0.0036727234386532176,34.40935222672065,1.0,2.2083333333333335,0.6513716515564943,0.06350488345143214,0.019933716571908566,0.06970387243735764,2.1666666666666665,0.0,0.07413342988356808,-0.06094832629328849,-0.007799119241611813,Insurance—Property & Casualty,Financial Services,CNA
2016Q1,2016,Q1,2016-05-03,2016-03-31,66000000.0,2195000000.0,0.0,0.24,2195000000.0,1.0,55502000000.0,11470000000.0,4041000000.0,41324000000.0,44032000000.0,0.0,8770000000.0,8698254000.0,12812254000.0,42.43433222345542,0.09778821024102216,0.04879103455731325,0.23609415867480382,0.0,42.43433222345542,0.005754141238012205,3.9627580865603647,32.94793181818182,0.7583482127288579,9.227272727272727,0.0,0.07001405109577163,0.039548124391913804,0.21132997773690834,0.0011891463370689345,28.897853820598005,1.0,1.923076923076923,-0.7052403159419279,-0.05569445676310373,0.01612900147253158,-0.03261348611723226,1.9428571428571428,0.0,-0.7367813540510545,-0.12564781677451356,-0.0781094289221092,Insurance—Property & Casualty,Financial Services,CNA
2015Q4,2015,Q4,2016-02-17,2015-12-31,-70000000.0,2269000000.0,0.0,-0.26,2269000000.0,1.0,55047000000.0,11756000000.0,4125000000.0,41079000000.0,43291000000.0,0.0,9313000000.0,9501045000.0,11676045000.0,43.49241583425823,0.10041627108741692,0.0465420458880593,0.21793126913916297,0.0,43.49241583425823,-0.005954406260632868,4.187327016306743,-33.93230357142857,0.8081868832936373,-0.9571428571428572,0.0,0.0070518558748011405,0.04121932167057242,0.20881715718493635,-0.001271640598034407,31.564933554817276,1.0,-1.3948199620972836,-1.2308448057468644,-0.016637865222118804,0.06884775813240056,0.0538783093358105,-1.3932584269662922,0.0,-6.7518806264644216,-0.07089356571763139,-0.048493030229887324,Insurance—Property & Casualty,Financial Services,CNA
2015Q3,2015,Q3,2015-11-03,2015-09-30,178000000.0,2153000000.0,0.0,0.658528,2153000000.0,1.0,54812000000.0,12265000000.0,3775000000.0,40336000000.0,42547000000.0,0.0,9450000000.0,9441579000.0,11766579000.0,45.37550869404365,0.0935888536295121,0.04672334525286433,0.2088055442315532,0.0,45.37550869404365,0.014512841418671015,4.385313051555968,13.260644662921347,0.7697985324092947,0.38202247191011235,0.0,0.007202185142972378,0.03927971976939356,0.2049285997619992,0.00324746405896519,19.752257322175733,1.0,0.2912313725490196,2.2662544262988216,-0.09257797131101027,0.017076348079646208,-0.07477438762354964,0.2898550724637681,0.0,-0.19725192219806045,-0.12983321226392597,-0.034426378975089975,Insurance—Property & Casualty,Financial Services,CNA
2015Q2,2015,Q2,2015-08-04,2015-06-30,138000000.0,2327000000.0,0.0,0.51,2327000000.0,1.0,55022000000.0,12234000000.0,4004000000.0,40228000000.0,42788000000.0,0.0,9340000000.0,10328163000.0,14415163000.0,45.26082130965594,0.0995326638162474,0.04652684380793137,0.20925290174922348,0.0,45.26082130965594,0.011280039234919078,4.438402664374731,18.710440217391305,0.8442179990191271,0.4927536231884058,0.0,0.006583939467260538,0.04229217403947512,0.21522322760266482,0.0025080876740213006,25.25223227383863,1.0,-0.4069767441860465,-0.5145323413717777,0.03746943859462515,0.02531248543045812,-0.010629251700680272,-0.40772532188841204,0.0,-0.17144270756722785,0.03261439994939833,-0.0016976206958155286,Insurance—Property & Casualty,Financial Services,CNA
2015Q1,2015,Q1,2015-05-05,2015-03-31,233000000.0,2352000000.0,0.0,0.86,2352000000.0,1.0,55465000000.0,12437000000.0,3757000000.0,40468000000.0,43028000000.0,0.0,9270000000.0,11190243000.0,15055243000.0,46.04590892262125,0.09283878620144312,0.046155233029838635,0.2058374205998231,0.0,46.04590892262125,0.018734421484280776,4.75775637755102,12.006698497854078,0.8997542011739166,2.609442060085837,0.0,0.05433304710183684,0.04240512034616425,0.20947415241672432,0.004200847381231407,151.2195,1.0,0.17808219178082194,-0.05250058557299263,0.01222121556450975,0.10465847294975293,-0.010933557611438183,0.17676767676767677,0.0,-0.07076045908922621,-0.023309582996471467,0.03498566671078395,Insurance—Property & Casualty,Financial Services,CNA
2014Q4,2014,Q4,2015-02-23,2014-12-31,198000000.0,2378000000.0,0.0,0.73,2378000000.0,1.0,55566000000.0,12794000000.0,3832000000.0,40213000000.0,42772000000.0,0.0,9645000000.0,10451700000.0,14526700000.0,47.385185185185186,0.09529256708029742,0.04605334197170932,0.2000156323276536,0.0,47.385185185185186,0.015476004377051744,4.3951640033641715,13.19659090909091,0.8169219946850086,0.3434343434343434,0.0,0.00650611862185099,0.04279595436058021,0.2120209882376346,0.0035633300939423387,28.713461538461537,1.0,-0.07499040144149446,-0.19780487804878055,-0.011645815957742629,0.19618699186991878,-0.013687266694317711,-0.07042253521126761,0.0,0.03940350877192972,0.04994901054219337,0.10416460762917454,Insurance—Property & Casualty,Financial Services,CNA
2014Q3,2014,Q3,2014-11-04,2014-09-30,213000000.0,2411000000.0,0.0,0.789181,2411000000.0,1.0,55731000000.0,13034000000.0,2209000000.0,40138000000.0,42697000000.0,0.0,9515000000.0,10264297000.0,13125297000.0,48.291959985179695,0.05503512880562061,0.055767885019109655,0.23845327604726102,0.0,48.291959985179695,0.016341875095903024,4.25727789299046,12.04729694835681,0.7875016878932024,0.3145539906103286,0.0,0.006527480644802074,0.04326138056019092,0.22143604564253325,0.003821930343973731,23.06583595505618,1.0,-0.1947132653061224,-0.19281468844255803,0.026906134909099086,0.20629002098740262,-0.011885245901639344,-0.20224719101123595,0.0,1.8336865505742865,0.10604148833326944,0.10137405352378827,Insurance—Property & Casualty,Financial Services,CNA
2014Q2,2014,Q2,2014-08-04,2014-06-30,267000000.0,2440000000.0,0.0,0.98,2440000000.0,1.0,59437000000.0,13074000000.0,2346000000.0,43805000000.0,46363000000.0,0.0,9369000000.0,10909358000.0,13812358000.0,48.44016302334198,0.05355553019061751,0.052273836162659626,0.23764723879455407,0.0,48.44016302334198,0.02042221202386416,4.471048360655738,10.21475468164794,0.8344315435214931,0.2546816479400749,0.0,0.006233180724291934,0.04105187004727695,0.21504394475516495,0.004492151353533994,27.13770646766169,1.0,19.338701643699153,1.534377811888001,0.16024029255958513,0.5053608887799205,-0.00933820544051969,19.53846153846154,0.0,1.114336879620318,0.10763228789957258,0.12436958301896191,Insurance—Property & Casualty,Financial Services,CNA
2014Q1,2014,Q1,2014-04-29,2014-03-31,13000000.0,2463000000.0,0.0,0.048184,2463000000.0,1.0,58224000000.0,12582000000.0,2256000000.0,43084000000.0,45642000000.0,0.0,9170000000.0,11525856000.0,14426856000.0,46.634544106745736,0.05236282610713954,0.05336287441604837,0.24694007312033064,0.0,46.634544106745736,0.0010332220632649817,4.679600487210719,221.65107692307691,0.9160591320934669,26.0,0.0,0.029325370714331327,0.042302143446001646,0.21725002321047257,0.0002232756251717505,72.94845569620253,1.0,-0.941198078173948,1.0664689893748456,0.49920440320736825,0.778884339863103,-0.0574052812858783,-0.9411764705882353,0.0,-0.9418336784929544,0.06156484204762508,0.11670692701796415,Insurance—Property & Casualty,Financial Services,CNA
2013Q4,2013,Q4,2014-02-19,2013-12-31,221000000.0,2613000000.0,0.0,0.819429,2613000000.0,1.0,57194000000.0,12651000000.0,2174000000.0,42532000000.0,44543000000.0,0.0,9495000000.0,11567433000.0,13932433000.0,46.90767519466073,0.0511144549985893,0.044759939853830824,0.20235554501620426,0.0,46.90767519466073,0.017468974784602007,4.426878300803674,13.085331447963801,0.9143493004505573,0.24434389140271492,0.0,0.0046682786059793905,0.04568661048361716,0.22566538135991723,0.003864041682693989,44.661903474903475,1.0,-0.1875000000000001,1.6560309514981373,0.6956525829682805,0.8236977348408351,0.043530351437699684,-0.1875,0.0,-0.26956859105162223,0.13496767997707537,0.15277945612585986,Insurance—Property & Casualty,Financial Services,CNA
2013Q3,2013,Q3,2013-10-29,2013-09-30,272000000.0,2504000000.0,0.0,1.008528,2504000000.0,1.0,57187000000.0,12153000000.0,2178000000.0,42475000000.0,45034000000.0,0.0,9328000000.0,10297146000.0,14146146000.0,45.061179087875416,0.05127722189523249,0.044747932222358226,0.21056529252036535,0.0,45.061179087875416,0.02238130502756521,4.1122787539936105,9.464288602941178,0.8472925203653419,0.19852941176470587,0.0,0.005244171540347199,0.0437861751796737,0.2209299587992937,0.004756325738367111,31.489743119266056,1.0,0.4020613970455349,1.8196194272028785,0.5054255135357908,0.5574273640804944,0.004412354592860008,0.4020618556701031,0.0,2.9392552571640445,0.057705376626526965,0.010030758572528036,Insurance—Property & Casualty,Financial Services,CNA
2013Q2,2013,Q2,2013-07-30,2013-06-30,194000000.0,2493000000.0,0.0,0.719318,2493000000.0,1.0,57567000000.0,11944000000.0,2254000000.0,43065000000.0,45623000000.0,0.0,9110000000.0,8905494000.0,11355494000.0,44.2862439747868,0.05233948682224544,0.04466100370003648,0.21525452109845947,0.0,44.2862439747868,0.01624246483590087,3.572199759326113,11.476152061855672,0.7456039852645681,0.27319587628865977,0.0,0.00595138237137659,0.043306060763979366,0.226518054104261,0.0033699862768600064,24.945361344537815,1.0,-0.22653978494623658,0.06904131252855132,0.07131817199348796,0.2678799094527085,-0.003995205753096284,-0.224,0.0,-0.3160126878313949,0.11395156184385584,0.003234973786945602,Insurance—Property & Casualty,Financial Services,CNA
2013Q1,2013,Q1,2013-04-30,2013-03-31,250000000.0,2503000000.0,0.0,0.93,2503000000.0,1.0,58727000000.0,12405000000.0,2097000000.0,43764000000.0,46322000000.0,0.0,8969000000.0,8801870000.0,11249870000.0,46.029684601113175,0.04791609542089389,0.04377884107820934,0.20725513905683193,0.0,46.029684601113175,0.02015316404675534,3.516528166200559,8.80187,0.7095421201128576,0.22,0.0,0.006248672157166603,0.042620940964122125,0.2220546567955397,0.004256985713555946,51.77570588235294,1.0,32.00000000000001,0.34285119006280196,0.10172878329883454,0.3238669381131891,0.028348397699260477,28.77777777777778,0.0,0.01889364280034834,0.07960473959856867,0.10426924544526658,Insurance—Property & Casualty,Financial Services,CNA
2012Q4,2012,Q4,2013-02-21,2012-12-31,-9000000.0,2434000000.0,0.0,-0.03,2434000000.0,1.0,58522000000.0,12314000000.0,2038000000.0,43651000000.0,46208000000.0,0.0,8774000000.0,7545894000.0,9959894000.0,45.70898292501856,0.04668850656342352,0.04391510884795462,0.20870553841156408,0.0,45.70898292501856,-0.0007308754263439987,3.1002029580936727,-209.60816666666665,0.6127898327107357,-4.444444444444445,0.0,0.00530089608997953,0.04159119647312122,0.22973127763396028,-0.00015378831892279827,33.838089686098655,1.0,-1.0365853658536586,-1.0551428649030365,0.11271399456751202,0.2190563229362093,-0.012976480129764802,-1.0407239819004526,0.0,-1.0365446249117278,0.013882206961629177,0.1538731055462003,Insurance—Property & Casualty,Financial Services,CNA
2012Q3,2012,Q3,2012-10-30,2012-09-30,221000000.0,2466000000.0,0.0,0.82,2466000000.0,1.0,58612000000.0,12660000000.0,2031000000.0,43395000000.0,45952000000.0,0.0,8823000000.0,7306128000.0,9747128000.0,46.99331848552338,0.04680262703076391,0.04384767624377261,0.20300157977883096,0.0,46.99331848552338,0.017456556082148498,2.9627445255474454,8.264850678733032,0.5771033175355451,0.18552036199095023,0.0,0.0056117275799164755,0.04207329557087286,0.10404424472865538,0.003770558929911963,20.465344537815128,1.0,0.32258064516129026,0.28048707643208826,-0.021590679011209448,0.2618275136597283,0.09795191451469279,0.3313253012048193,0.0,-0.16094348517053814,0.05228142310547675,0.17385111640874645,Insurance—Property & Casualty,Financial Services,CNA
2012Q2,2012,Q2,2012-07-31,2012-06-30,166000000.0,2246000000.0,0.0,0.62,2246000000.0,1.0,56499000000.0,12214000000.0,1894000000.0,41759000000.0,44285000000.0,0.0,8643000000.0,7467768000.0,9976768000.0,45.337787676317745,0.04535549222922005,0.046177808456786845,0.21360733584411332,0.0,45.337787676317745,0.013590961192074669,3.324918967052538,11.246638554216867,0.6114105125266087,0.24096385542168675,0.0,0.005356352795105579,0.03975291598081382,0.08731051988792835,0.0029381050992052958,26.111076923076922,1.0,-0.33333333333333337,-0.2287760136025098,-0.13177089738159325,0.2300212898699331,-0.06455643481882549,-0.336,0.0,0.578605012903454,0.06997384631949989,0.4089492704400962,Insurance—Property & Casualty,Financial Services,CNA
2012Q1,2012,Q1,2012-05-01,2012-03-31,250000000.0,2401000000.0,0.0,0.93,2401000000.0,1.0,56007000000.0,11981000000.0,1723000000.0,41500000000.0,44026000000.0,0.0,8517000000.0,7898569000.0,10448569000.0,44.48941700705533,0.041518072289156625,0.04658346278143803,0.21776145563809365,0.0,44.48941700705533,0.02086637175527919,3.2896997084548105,7.898569,0.6592579083548952,0.164,0.0,0.0051908136777687195,0.04286964129483815,0.08098795180722891,0.0044637277483171745,27.236444827586208,1.0,0.3181526315789474,-0.14913288706456182,-0.03900221899918286,0.19045061978638045,0.06285967242142541,0.3157894736842105,0.0,2.280623077875213,0.4641790523706602,0.6970580225323146,Insurance—Property & Casualty,Financial Services,CNA
2011Q4,2011,Q4,2012-02-21,2011-12-31,190000000.0,2259000000.0,0.0,0.7055328629780914,2259000000.0,1.0,55179000000.0,11557000000.0,1689000000.0,41097000000.0,43622000000.0,0.0,8382000000.0,7203775000.0,9736775000.0,42.91496472335685,0.04109789035696036,0.04726435781728556,0.2256640996798477,0.0,42.91496472335685,0.016440252660725102,3.1889220894200974,9.478651315789474,0.6233256900579734,0.14210526315789473,0.0,0.003748034884487647,0.040939487848638066,0.08102781224906927,0.003443338951412675,8.261209862385321,1.0,1.5197602249217546,-0.41820344764147055,-0.1995157126924209,0.19193590596301338,0.038620689655172416,1.5333333333333334,0.0,1.56484625041996,0.4681089627050637,0.6684673378498329,Insurance—Property & Casualty,Financial Services,CNA
2011Q3,2011,Q3,2011-11-01,2011-09-30,75000000.0,2175000000.0,0.0,0.28,2175000000.0,1.0,55844000000.0,11808000000.0,3508000000.0,41498000000.0,43888000000.0,0.0,8219000000.0,6051171000.0,8605171000.0,43.84701076865949,0.08453419441900814,0.04723873648019483,0.2234078590785908,0.0,43.84701076865949,0.0063516260162601625,2.7821475862068965,20.170569999999998,0.512463668699187,0.36,0.0,0.004461946291056723,0.0389477831100924,0.08453419441900814,0.0013430270037962896,16.902712290502794,1.0,-0.4042553191489361,-0.7626930842496266,-0.18310264383487868,0.24552019012699794,-0.010464058234758872,-0.40476190476190477,0.0,1.226333685968882,0.30957025413821515,0.5154626617974306,Insurance—Property & Casualty,Financial Services,CNA
2011Q2,2011,Q2,2011-08-02,2011-06-30,126000000.0,2198000000.0,0.0,0.47,2198000000.0,1.0,55774000000.0,11602000000.0,3488000000.0,41524000000.0,44025000000.0,0.0,8171000000.0,7823165000.0,12096165000.0,43.08206461195692,0.0839996146806666,0.04747731918098039,0.22823651094638855,0.0,43.08206461195692,0.010860196517841751,3.5592197452229297,15.522152777777778,0.6742945181865196,0.21428571428571427,0.0,0.00345128857693785,0.03940904364040592,0.0839996146806666,0.0022591171513608494,27.25841463414634,1.0,-0.43373493975903615,-0.4988401667425387,-0.1337285598249624,0.2343602171976466,-0.05053995680345572,-0.4349775784753363,0.0,-0.3046428945106301,-0.05404936250220585,0.2334052129221384,Insurance—Property & Casualty,Financial Services,CNA
2011Q1,2011,Q1,2011-05-03,2011-03-31,223000000.0,2315000000.0,0.0,0.83,2315000000.0,1.0,55543000000.0,11242000000.0,55086000000.0,41654000000.0,43721000000.0,0.0,8072000000.0,7954860000.0,12197860000.0,41.76077265973254,1.3224660296730206,0.04765677043011721,0.23545632449742038,0.0,41.76077265973254,0.019836328055506138,3.4362246220302377,8.918004484304932,0.70760185020459,0.1210762331838565,0.0,0.003394151499837835,0.041679419548818035,0.08083257310222308,0.004014907369065409,78.7609900990099,1.0,-0.2601456953642384,-0.07395031047840271,-0.11975774326227907,0.1958342059162785,0.0073977371627502175,-0.26158940397350994,0.0,0.19915813144114874,0.02011364213503692,0.20108809594024624,Insurance—Property & Casualty,Financial Services,CNA
2010Q4,2010,Q4,2011-02-22,2010-12-31,302000000.0,2298000000.0,0.0,1.1218424962852898,2298000000.0,1.0,55331000000.0,10954000000.0,54857000000.0,42126000000.0,43807000000.0,0.0,7876000000.0,7281860000.0,9855860000.0,40.690936106983656,1.302212410387884,0.04791165892537637,0.24201205039255066,0.0,40.690936106983656,0.02756983750228227,3.168781549173194,6.028029801324504,0.6647672083257258,0.026490066225165563,0.0,0.001098620407423378,0.04153187182592037,0.09136875089018659,0.005458061484520432,12.797644991212653,1.0,2.901427959805576,2.4009350197513863,-0.09247530519861977,0.16389716685897385,-0.027507405840033854,3.157142857142857,0.0,0.851724169173341,0.051321476906602916,0.08522526149364296,Insurance—Property & Casualty,Financial Services,CNA
2010Q3,2010,Q3,2010-11-02,2010-09-30,-140000000.0,2363000000.0,0.0,-0.59,2363000000.0,1.0,56881000000.0,12010000000.0,56403000000.0,42620000000.0,44871000000.0,0.0,7582000000.0,7534908000.0,10103908000.0,44.61367013372957,1.323392773345847,0.03957384715458589,0.1874271440466278,0.0,44.61367013372957,-0.011656952539550375,3.188704189589505,-13.455192857142855,0.6273861781848459,-0.12857142857142856,0.0,0.002388881191382828,0.04154287020270389,0.0019239793524167058,-0.002461278810147501,-5.937673758865248,1.0,-1.6145833333333333,-45.37840515106489,-0.10828085568055842,0.21578662489192782,0.05821764442454098,-1.4946996466431095,0.0,-1.8117709347406534,-0.061760383791992564,0.1979310734869948,Insurance—Property & Casualty,Financial Services,CNA
2010Q2,2010,Q2,2010-08-03,2010-06-30,283000000.0,2233000000.0,0.0,0.96,2233000000.0,1.0,55674000000.0,11879000000.0,55193000000.0,41541000000.0,43269000000.0,0.0,7742000000.0,6878196000.0,12100196000.0,44.14344109996284,1.3286391757540743,0.040485684520602076,0.18974661166764878,0.0,44.14344109996284,0.023823554171226533,3.0802489923869234,6.076144876325088,0.5790214664534051,0.08833922261484099,0.0,0.0036346739755598705,0.04010848870208715,0.11600587371512482,0.00508316269712972,33.389300970873784,1.0,0.17073170731707318,-0.06519674635616665,-0.1734257584367548,0.1604765785161725,-0.035421166306695465,0.15510204081632653,0.0,0.3162632910178491,-0.1358339431825694,0.1976184799470491,Insurance—Property & Casualty,Financial Services,CNA
2010Q1,2010,Q1,2010-05-03,2010-03-31,245000000.0,2315000000.0,0.0,0.82,2315000000.0,1.0,55679000000.0,11217000000.0,55188000000.0,42158000000.0,43955000000.0,0.0,7484000000.0,7190352000.0,11883352000.0,41.68338907469342,1.309075383082689,0.04138005352107617,0.20540251404118748,0.0,41.68338907469342,0.021841847196220024,3.105983585313175,7.337093877551021,0.6410227333511633,0.10204081632653061,0.0,0.00347688124308796,0.041577614540491026,0.1001945063807581,0.004400222705149158,20.427136363636365,1.0,-0.10300000000000008,0.30940003924859805,-0.06839933324153144,0.1696752825958036,-0.03461217681401168,-0.0040650406504065045,0.0,-0.16553049705223621,-0.07273498220277518,0.115366747801985,Insurance—Property & Casualty,Financial Services,CNA
2009Q4,2009,Q4,2010-02-23,2009-12-31,246000000.0,2398000000.0,0.0,0.9141583054626533,2398000000.0,1.0,55298000000.0,10660000000.0,54797000000.0,42335000000.0,44132000000.0,0.0,7264000000.0,6458400000.0,12570400000.0,39.61352657004831,1.2943663635289948,0.04164707584361098,0.21604127579737337,0.0,39.61352657004831,0.023076923076923078,2.6932443703085904,6.5634146341463415,0.6058536585365853,0.11382113821138211,0.0,0.004335439118047814,0.04336504032695577,0.1463564426597378,0.0044486238200296575,6.685714285714286,1.0,0.06297477379378294,-0.23270647148052706,-0.15036742241017198,0.10145137416447993,0.024786324786324785,-0.06463878326996197,0.0,-0.24616672257745337,-0.14962905101919308,0.1002405567622959,Insurance—Property & Casualty,Financial Services,CNA
2009Q3,2009,Q3,2009-11-02,2009-09-30,263000000.0,2340000000.0,0.0,0.86,2340000000.0,1.0,55575000000.0,10769000000.0,55071000000.0,42750000000.0,44320000000.0,0.0,7046000000.0,6493660000.0,12496660000.0,40.03345724907063,1.2882105263157895,0.03699505173189384,0.19091837682236049,0.0,40.03345724907063,0.024421951898969264,2.775068376068376,6.1726806083650185,0.6029956356207633,0.11787072243346007,0.0,0.004773887145307885,0.042105263157894736,0.15419883040935672,0.004732343679712101,-259.7464,1.0,2.185185185185185,9.93892724375996,-0.038880233862208145,0.15126545223119311,0.11641221374045801,1.5047619047619047,0.0,-0.1669156934699195,-0.12015096909673954,0.13719221470722653,Insurance—Property & Casualty,Financial Services,CNA
2009Q2,2009,Q2,2009-08-03,2009-06-30,105000000.0,2096000000.0,0.0,0.27,2096000000.0,1.0,53588000000.0,8656000000.0,53069000000.0,42874000000.0,44477000000.0,0.0,6814000000.0,4161430000.0,10602430000.0,32.17843866171004,1.2377898026776135,0.038404120325445996,0.23775415896487986,0.0,32.17843866171004,0.012130314232902032,1.9854150763358778,9.908166666666668,0.4807567005545286,0.3047619047619048,0.0,0.007689664370180442,0.039113234306187954,0.17077949339926296,0.001959393894155408,49.54083333333333,1.0,1.3214285714285714,-0.6543715671267413,-0.25124778913012824,-0.01146909321349361,0.2796092796092796,1.5384615384615385,0.0,-0.581901043691963,-0.17300733013988295,-0.07804361528844207,Insurance—Property & Casualty,Financial Services,CNA
2009Q1,2009,Q1,2009-05-04,2009-03-31,-195000000.0,1638000000.0,0.0,-0.84,1638000000.0,1.0,51777000000.0,7052000000.0,51246000000.0,42667000000.0,44288000000.0,0.0,6619000000.0,2464040000.0,9011040000.0,26.21561338289963,1.201068741650456,0.03974737817950055,0.2918321043675553,0.0,26.21561338289963,-0.02765173000567215,1.5042979242979242,-3.159025641025641,0.34941009642654564,-0.15897435897435896,0.0,0.012580964594730605,0.03163566834694942,0.16610026484168092,-0.0037661509936844544,14.494352941176471,1.0,0.3275,-0.4840297397769517,-0.3120391934808833,-0.24707346075375813,0.06571242680546518,0.41964285714285715,0.0,-1.8103764549276797,-0.37671325521835874,-0.24930682035544685,Insurance—Property & Casualty,Financial Services,CNA
2008Q4,2008,Q4,2009-02-24,2008-12-31,-336000000.0,1537000000.0,0.0,-1.2490706319702602,1537000000.0,1.0,51688000000.0,6919000000.0,51154000000.0,42753000000.0,44349000000.0,0.0,6845000000.0,4422360000.0,9929360000.0,25.721189591078065,1.1965008303510865,0.039815817984832066,0.29744182685359155,0.0,25.721189591078065,-0.04856193091487209,2.877267404033832,-3.2904464285714288,0.6391617285734934,-0.05654761904761905,0.0,0.004296348555974638,0.029736108961461075,0.14345192150258462,-0.0065005417118093175,15.626713780918728,1.0,-0.015504578837609972,-2.836995257018331,-0.5201346195843801,-0.26473945304324437,-0.07353827606992164,-0.015105740181268883,0.0,-0.5598150330945689,-0.39255764551865535,-0.2642877614172084,Insurance—Property & Casualty,Financial Services,CNA
2008Q3,2008,Q3,2008-10-28,2008-09-30,-331000000.0,1659000000.0,0.0,-1.23,1659000000.0,1.0,53708000000.0,7783000000.0,53162000000.0,44165000000.0,45521000000.0,0.0,7200000000.0,7058560000.0,8950560000.0,28.933085501858734,1.2037133476734971,0.0373687346391599,0.25786971604779646,0.0,28.933085501858734,-0.04252858794809199,4.254707655213984,-5.331238670694863,0.9069202107156623,-0.12386706948640483,0.0,0.005808550185873606,0.03088925299769122,0.18145590399637723,-0.006162955239442914,16.686903073286054,1.0,-2.835820895522388,0.8436726934775262,-0.49394304423450763,-0.2111403587104484,-0.2852218871176217,-2.8287292817679557,0.0,-106.00123915737299,-0.3734820322180917,-0.21153184069876135,Insurance—Property & Casualty,Financial Services,CNA
2008Q2,2008,Q2,2008-07-29,2008-06-30,181000000.0,2321000000.0,0.0,0.67,2321000000.0,1.0,55181000000.0,9396000000.0,54637000000.0,44028000000.0,45387000000.0,0.0,7572000000.0,6765350000.0,8694350000.0,34.92936802973978,1.2409602979921868,0.03637121472970769,0.2136015325670498,0.0,34.92936802973978,0.019263516389953172,2.9148427401981905,9.344406077348067,0.72002447850149,0.22099447513812154,0.0,0.005912480507290828,0.04206157916674218,0.17968111201962386,0.0032801145321759303,14.183123689727463,1.0,-0.02898550724637668,1.1493149229952202,-0.3774516542690951,-0.243050330349892,0.017090271691498685,-0.03208556149732621,0.0,-0.4019000413052458,-0.14053201799430093,-0.0817500292038013,Insurance—Property & Casualty,Financial Services,CNA
2008Q1,2008,Q1,2008-04-29,2008-03-31,187000000.0,2282000000.0,0.0,0.69,2282000000.0,1.0,56424000000.0,9412000000.0,55888000000.0,45257000000.0,46617000000.0,0.0,7431000000.0,6981353000.0,8856353000.0,34.76911710380495,1.234902887951035,0.03556997022543598,0.213238419039524,0.0,34.76911710380495,0.01986825329366766,3.0593133216476773,9.333359625668448,0.7417502124946875,0.2192513368983957,0.0,0.005872787123069124,0.040443782787466326,0.17676823474821574,0.0033141925421806325,25.761450184501847,1.0,0.13892073170731697,0.8610029330472982,-0.3374526629197361,-0.19901353962386278,0.03821656050955414,0.1402439024390244,0.0,-0.0064875499640964255,-0.08710699902552566,-0.02434572195833962,Insurance—Property & Casualty,Financial Services,CNA
2007Q4,2007,Q4,2008-02-26,2007-12-31,164000000.0,2198000000.0,0.0,0.6058367196158109,2198000000.0,1.0,56732000000.0,10150000000.0,56212000000.0,44802000000.0,46197000000.0,0.0,7285000000.0,9128004000.0,11191004000.0,37.4953823420761,1.254676130529887,0.038020870055700484,0.21251231527093595,0.0,37.4953823420761,0.016157635467980297,4.152868061874432,13.914640243902438,0.8993107389162561,0.25,0.0,0.004491672001896581,0.038743566241274764,0.33415918932190525,0.002890784742297116,18.859512396694214,1.0,-0.053380125600295536,2.0103353445798953,-0.3349587489225465,-0.10818343881627317,-0.1349862258953168,-0.05747126436781609,0.0,-0.4914944255027948,-0.22583219310718677,0.04255651999255796,Insurance—Property & Casualty,Financial Services,CNA
2007Q3,2007,Q3,2007-10-30,2007-09-30,174000000.0,2541000000.0,0.0,0.64,2541000000.0,1.0,60115000000.0,10115000000.0,59620000000.0,47993000000.0,49631000000.0,0.0,7162000000.0,10782520000.0,12859520000.0,37.24226804123711,1.2422644969057988,0.0358812276470099,0.21324765200197726,0.0,37.24226804123711,0.017202174987642115,4.243415977961432,15.492126436781609,1.0659930795847752,0.15517241379310345,0.0,0.0025040528559186533,0.04226898444647759,0.3756589502635801,0.0028944522997587955,76.47177304964539,1.0,-0.20000000000000004,1.6527573228604158,-0.2502050770424565,-0.06779680577402683,-0.025690184049079755,-0.19815668202764977,0.0,6.857353250578583,0.033686468015430605,0.07099759813038647,Insurance—Property & Casualty,Financial Services,CNA
2007Q2,2007,Q2,2007-07-30,2007-06-30,217000000.0,2608000000.0,0.0,0.8,2608000000.0,1.0,60737000000.0,10011000000.0,60261000000.0,48720000000.0,50374000000.0,0.0,7015000000.0,12952604000.0,15028604000.0,36.859351988217966,1.236884236453202,0.03549730806592357,0.2153631005893517,0.0,36.859351988217966,0.021676156228149036,4.966489263803681,14.922354838709676,1.2938371791029868,0.0,0.0,0.0,0.04293922979403,0.3766625615763547,0.0035727810066351648,47.79558671586716,1.0,-0.26605504587155965,4.104270986745214,-0.3528972596476931,-0.048406522968994614,0.03615415176797775,-0.2668918918918919,0.0,-0.2925391502871615,-0.07726511287335261,0.1323299128193249,Insurance—Property & Casualty,Financial Services,CNA
2007Q1,2007,Q1,2007-04-30,2007-03-31,296000000.0,2517000000.0,0.0,1.09,2517000000.0,1.0,61605000000.0,10139000000.0,61167000000.0,49310000000.0,51119000000.0,0.0,6825000000.0,11690317000.0,21601317000.0,37.371913011426464,1.2404583248833907,0.034997159321483645,0.2126442449945754,0.0,37.371913011426464,0.02919420061150015,4.644543901470004,9.873578547297297,1.1530049314528061,0.0,0.0,0.0,0.04085707328950572,0.3950517136483472,0.004804804804804805,63.881513661202185,1.0,-0.10116413373860175,2.127656960314535,-0.3983582527368868,-0.007558224542166516,-0.11466760464298277,-0.10030395136778116,0.0,3.233583486914854,0.04817911307586971,0.07334147470527853,Insurance—Property & Casualty,Financial Services,CNA
