Year,Date,FillingDate,NetIncome,Revenue,OperatingIncome,EPSDiluted,GrossProfit,GrossProfitRatio,TotalAssets,CommonStockEquity,CurrentAssets,CurrentLiability,TotalLiability,Inventory,RetainedEarnings,EnterpriseValue,bookValuePerShare,currentRatio,debtToAssets,debtToEquity,roic,shareholdersEquityPerShare,roe,priceToSalesRatio,peRatio,pbRatio,payoutRatio,inventoryTurnover,dividendYield,assetTurnover,quickRatio,returnOnAssets,priceToFreeCashFlowsRatio,grossProfitMargin,epsdilutedGrowth,fiveYNetIncomeGrowthPerShare,fiveYRevenueGrowthPerShare,fiveYShareholdersEquityGrowthPerShare,grossProfitGrowth,netIncomeGrowth,operatingIncomeGrowth,threeYNetIncomeGrowthPerShare,threeYRevenueGrowthPerShare,threeYShareholdersEquityGrowthPerShare,Industry,Sector,Price,MarketCap,AvgVolume,Symbol
2022,2022-12-31,2023-02-07,170851000.0,651138000.0,180412000.0,2.93,366907000.0,0.5634857741,840096000.0,755216000.0,525073000.0,58376000.0,84880000.0,135420000.0,762536000.0,4040115720.0,13.065794709434092,8.99467246813759,0.0,0.0,0.22251068377610617,13.065794709434092,0.22622799305099467,6.3665270956387126,24.263760352587926,5.489141808436262,0.24285488525089113,2.098884950524295,0.010008954989740025,0.7750757056336419,6.417860079484719,0.20337080524130577,23.536255308518612,0.5634857741369725,0.09737827715355814,5.353859163761446,0.5484828561334647,0.41583762916344613,0.017380261147574166,0.039157487546605196,0.030584149253390303,-0.10570411147425803,0.5674921813916239,0.05554820193889017,Semiconductors,Technology,93.17,5343420621,410544,POWI
2021,2021-12-31,2022-02-07,164413000.0,703277000.0,175058000.0,2.67,360639000.0,0.5127979445,1014487000.0,912032000.0,686815000.0,72321000.0,102455000.0,99266000.0,753440000.0,5445658030.0,15.11813947320437,9.496757511649452,0.0,0.0,0.1791687963462148,15.11813947320437,0.18027108697940422,7.9680908518265205,34.083527640758334,6.144274575892074,0.198275075571883,3.4517155924485725,0.005817328466164353,0.6932341173420655,7.905656724879357,0.16206516199813303,30.5223154643892,0.5127979444799133,1.2820512820512822,2.2921752927369945,0.7408697542528332,0.791795553261845,0.4805164415616405,1.3099499831403845,1.4835501581851973,1.2941902540315473,0.6510951562696108,0.6897877949225452,Semiconductors,Technology,93.17,5343420621,410544,POWI
2020,2020-12-31,2021-02-05,71176000.0,488318000.0,70487000.0,1.17,243590000.0,0.4988347757,903339000.0,810411000.0,601232000.0,62526000.0,92928000.0,102878000.0,621626000.0,4624648020.0,13.584508104665002,9.615711863864632,0.0,0.0,0.082266875233483,13.584508104665002,0.08782704084717508,10.000700404244775,68.61192002922334,6.025981903009708,0.3523800157356412,2.3788176286475244,0.005135842512285836,0.5405700407045417,7.7584045037264495,0.07879212565825233,88.72516887411203,0.49883477569944173,-0.638888888888889,0.767732923844321,0.3801927353180118,0.8382961070012748,0.1414607173316089,-0.6321045340831559,0.2263300741153137,1.564646893085844,0.12514899225955647,0.4720465288171941,Semiconductors,Technology,93.17,5343420621,410544,POWI
2019,2019-12-31,2020-02-07,193468000.0,420669000.0,57478000.0,3.24,213402000.0,0.5072919564,803896000.0,724546000.0,541339000.0,50476000.0,79350000.0,90380000.0,575531000.0,2716108970.0,12.378207537499573,10.724681036532214,0.0,0.0,0.06900534098278262,12.378207537499573,0.2670196233227428,6.881417385165059,14.962675843033471,3.9953280675071006,0.10599168854797693,2.2932839123699935,0.007083738875311262,0.5232878382278304,8.625128774070845,0.24066297132962472,14.52053315877387,0.5072919563837601,1.7931034482758623,2.3278719615302426,0.23527382993957624,0.7231011207686856,-0.006452874462260462,1.7644604481024233,0.03288527889591719,2.9926336723569325,0.07320799710732613,0.4670599687451479,Semiconductors,Technology,93.17,5343420621,410544,POWI
2018,2018-12-31,2019-02-13,69984000.0,415955000.0,55648000.0,1.16,214788000.0,0.5163731653664458,588697000.0,527072000.0,332432000.0,48366000.0,61625000.0,80857000.0,402569000.0,1662089880.0,8.946768060836503,6.873258073853534,0.0,0.0,0.12363422735786077,8.946768060836503,0.1327788233865582,4.318320202906564,25.666250571559214,3.4079345516362087,0.2689614769090078,2.4879354910521045,0.010479188464210044,0.7065689140593548,5.031137575983129,0.11887949148713176,30.764157774847142,0.5163731653664458,1.5777777777777777,0.22063430493598077,0.19698623952829084,0.2055475243899312,0.005260596076082073,1.5348256003477128,-0.034509082707288724,0.7601086515960459,0.1905317890724841,0.21070330775033025,Semiconductors,Technology,93.17,5343420621,410544,POWI
2017,2017-12-31,2018-02-14,27609000.0,431755000.0,57637000.0,0.45,213664000.0,0.4948732498755081,621074000.0,547682000.0,364534000.0,51051000.0,73392000.0,57087000.0,351408000.0,2088867700.0,9.22831434926198,7.140584905290788,0.0,0.0,0.048185177918657146,9.22831434926198,0.0504106397508043,5.055002721450823,79.0511318772864,3.985018130959206,0.602484697019088,3.820326869514951,0.007621455666875767,0.6951748100870427,5.902803079273667,0.04445363998492933,44.05309932785661,0.4948732498755081,-0.4444444444444445,1.774422565462493,0.36441745903723133,0.5497011262631826,0.1177175260644169,-0.4234913343077887,0.2046860630382075,-0.5316071483437229,0.25043817090932186,0.28462208682850737,Semiconductors,Technology,93.17,5343420621,410544,POWI
2016,2016-12-31,2017-02-08,47890000.0,387393000.0,47844000.0,0.81,191161000.0,0.4934549669198979,555338000.0,488105000.0,318502000.0,59853000.0,67233000.0,52564000.0,317912000.0,1900427249.9999998,8.437424373379429,5.321404106728151,0.0,0.0,0.09595218282681722,8.437424373379429,0.09811413527827005,5.066073083406256,40.98060659845479,4.02077677958636,0.31434537481728964,3.733201430636938,0.007670588624941006,0.6975805725522114,4.353866974086512,0.0862357699275036,22.899563025798393,0.4934549669198979,0.2272727272727273,0.38131903598886596,0.2825938588892556,0.31933905716010097,0.10251056884310819,0.22333767593940787,0.22698945964660325,-0.14938693200853975,0.13525907229904455,0.1369151403488831,Semiconductors,Technology,93.17,5343420621,410544,POWI
2015,2015-12-31,2016-02-11,39147000.0,343989000.0,38993000.0,0.66,173387000.0,0.5040480945611633,487537000.0,428619000.0,240403000.0,51993000.0,58918000.0,51934000.0,285076000.0,1320226630.0,7.389727940415848,4.6237570442174905,0.0,0.0,0.09034812243152392,7.389727940415848,0.0913328620523122,4.0998945605818795,36.026224998084146,3.29037823801558,0.3554806243134851,3.284977086301845,0.009867273752173293,0.7055649109708596,3.5102225299559557,0.08029544424320616,20.021843439003963,0.5040480945611633,-0.31606217616580307,-0.24034096324641116,0.10133143874025222,0.16207638610507988,-0.08536688294561376,-0.3425534058847239,-0.30115062011613736,2.1235410053514747,0.11228880559450605,0.24094924366732187,Semiconductors,Technology,93.17,5343420621,410544,POWI
2014,2014-12-31,2015-02-10,59544000.0,348797000.0,55796000.0,0.965,189570000.0,0.5434966470468496,493663000.0,430676000.0,265912000.0,55160000.0,62987000.0,64025000.0,259845000.0,1490250240.0,7.183680277555378,4.820739666424946,0.0,0.0,0.135779759112995,7.183680277555378,0.13825706563634843,4.446592831933761,26.04726320032245,3.6012181779342245,0.22109700389627837,2.486950409996095,0.008488300755280169,0.7065487994846686,3.362382160986222,0.12061669600516951,24.81890576242979,0.5434966470468496,0.02659574468085109,1.2980615787485805,0.45218503798577436,0.3580765827115282,0.03456744307887096,0.03977927566095065,0.031997928457810826,0.6572455187911665,0.11431971846114952,0.12329421218070506,Semiconductors,Technology,93.17,5343420621,410544,POWI
2013,2013-12-31,2014-02-13,57266000.0,347089000.0,54066000.0,0.94,183236000.0,0.5279222332024351,501421000.0,436686000.0,277422000.0,50418000.0,64735000.0,42235000.0,213466000.0,1549352220.0,7.42133170184562,5.502439604903011,0.0,0.0,0.12791764262259397,7.42133170184562,0.13113770535350344,4.731582447153324,28.678102539028394,3.760780560860664,0.1649495337547585,3.8795548715520303,0.005751758978135899,0.6922107370852039,4.4138204609464875,0.1142074225052401,19.38685908559691,0.5279222332024351,2.566666666666667,31.493445064905195,0.760404069608549,0.7203774083883789,0.21749877078045474,2.664515753982095,3.7626849894291756,0.09539969296802366,0.09539278299632938,0.16704625578983176,Semiconductors,Technology,93.17,5343420621,410544,POWI
2012,2012-12-31,2013-02-22,-34404000.0,305370000.0,11352000.0,-0.6,150502000.0,0.49285129515014575,399130000.0,341049000.0,164864000.0,40567000.0,58081000.0,44625000.0,165646000.0,899061960.0,5.954899427294315,4.06399290063352,0.0,0.0,0.05510324823879846,5.954899427294315,-0.10087700007916751,3.151769852965255,-27.975118009533777,2.822045981662459,-0.16727706080688293,3.4704313725490197,0.00597949437603358,0.7650890687244757,2.8125816550398106,-0.08619747951795155,27.13283603969328,0.49285129515014575,-2.0526315789473686,-2.3072443829529394,0.617023716911863,0.1918026979121144,0.07007664633192555,-2.0032953253040158,-0.7373377449732756,-2.3899331762226477,0.3308739130340207,0.12577525058823955,Semiconductors,Technology,93.17,5343420621,410544,POWI
2011,2011-12-31,2012-02-29,34291000.0,298739000.0,43219000.0,0.57,140646000.0,0.47079892481396807,432919000.0,365920000.0,250101000.0,32631000.0,66999000.0,52010000.0,207196000.0,808838439.9999999,6.395190324722989,7.664521467316356,0.0,0.0,0.08981323212721062,6.395190324722989,0.09371174027109751,3.1755962227897925,27.66540608322883,2.5925733493659813,0.16686594150068532,3.0396654489521246,0.006031573908537053,0.6900574934341066,5.8458521038276485,0.07920881273402183,20.637265113446016,0.47079892481396807,-0.31736526946107785,2.6955303950371574,0.8684258302952875,0.6835729745171389,-0.07797903514464964,-0.3067483422286916,-0.27879384574308314,19.00938832822526,0.5581820208199078,0.48250225148422293,Semiconductors,Technology,93.17,5343420621,410544,POWI
2010,2010-12-31,2011-02-25,49464000.0,299803000.0,59926000.0,0.835,152541000.0,0.5088041147019876,433070000.0,354035000.0,261510000.0,49455000.0,79035000.0,62077000.0,178627000.0,962266920.0,6.359072457520566,5.287837427964816,0.0,0.0,0.13546737457759656,6.359072457520566,0.13971499992938552,3.728895041076974,22.600960698689953,3.157693222421512,0.11274866569626395,2.372247370201524,0.004988666950905292,0.6922737663657146,3.816297644323122,0.11421710116147506,38.01849753443292,0.5088041147019876,1.0365853658536586,2.3469130418610535,1.2257884361379794,0.7961974830216813,0.41152792686086537,1.1257467016201814,1.0945823138762671,0.9334235455681565,0.6331118094287708,0.2726931501738455,Semiconductors,Technology,93.17,5343420621,410544,POWI
2009,2009-12-31,2010-02-26,23269000.0,215701000.0,28610000.0,0.41,108068000.0,0.5010083402487703,344567000.0,284792000.0,215875000.0,35916000.0,59775000.0,26248000.0,134740000.0,843837200.0,5.289598811292719,6.010552400044548,0.0,0.0,0.07658444602379968,5.289598811292719,0.0817052445293407,4.53781484555009,42.06503072757746,3.4369336217309474,0.11581933043964072,4.100617189881134,0.002753339969955391,0.6260059727135796,4.936435015035082,0.06753113327741775,31.971621754042136,0.5010083402487703,12.666666666666668,0.3072375585567978,0.806304150609898,0.5333743279009029,0.02892506902789679,11.9057127010538,8.501826635669213,1.6650291895428442,0.43371794276851644,0.3925192453308492,Semiconductors,Technology,93.17,5343420621,410544,POWI
2008,2008-12-31,2009-03-02,1803000.0,201708000.0,3011000.0,0.03,105030000.0,0.5207031947171158,313078000.0,259681000.0,233968000.0,32971000.0,53397000.0,28468000.0,114166000.0,430896120.0,4.313781188743812,7.096175426890298,0.0,0.0,0.00194943833485218,4.313781188743812,0.006943134076039448,2.9665066333511807,331.8736106489185,2.304242975034754,0.40488075429839154,3.3960236054517354,0.0012199847812747779,0.6442739509004146,5.971217130205332,0.005758948249318062,22.076745867768594,0.5207031947171158,-0.9294117647058824,-0.9023775976656079,0.5712286631339626,0.3332781696100669,0.014929699956515437,-0.9322791466346154,-0.8830679611650486,-0.8871708582724277,0.3849732748938589,0.21848004803975027,Semiconductors,Technology,93.17,5343420621,410544,POWI
TTM,,,,,,,,,,,,,,,,5249231621.0,13.34912879782856,8.5502362754115,0.0,0.0,0.16730674471479756,13.34912879782856,0.17659639125668014,9.288285515378437,40.466639665951725,6.979481688359733,0.31719375104580233,1.790858161803937,0.007942470752388107,0.675690182698011,6.0133360819510955,0.154424744980356,41.50616462116857,0.556573599913782,,,,,,,,,,,Semiconductors,Technology,93.17,5343420621,410544,POWI
