Quarters,Year,Quarter,FillingDate,Date,NetIncome,Revenue,OperatingIncome,EPSDiluted,GrossProfit,GrossProfitRatio,TotalAssets,CommonStockEquity,CurrentAssets,CurrentLiability,TotalLiability,Inventory,RetainedEarnings,MarketCap,EnterpriseValue,bookValuePerShare,currentRatio,debtToAssets,debtToEquity,roic,shareholdersEquityPerShare,roe,priceToSalesRatio,peRatio,pbRatio,payoutRatio,inventoryTurnover,dividendYield,assetTurnover,quickRatio,returnOnAssets,priceToFreeCashFlowsRatio,grossProfitMargin,epsdilutedGrowth,fiveYNetIncomeGrowthPerShare,fiveYRevenueGrowthPerShare,fiveYShareholdersEquityGrowthPerShare,grossProfitGrowth,netIncomeGrowth,operatingIncomeGrowth,threeYNetIncomeGrowthPerShare,threeYRevenueGrowthPerShare,threeYShareholdersEquityGrowthPerShare,Industry,Sector,Symbol
2023Q1,2023,Q1,2023-03-31,2023-03-31,-9962000000.0,69809000000.0,-11536000000.0,-227.8,1428000000.0,0.0204558152,600270000000.0,143014000000.0,83265000000.0,260395000000.0,457256000000.0,9276000000.0,-81839000000.0,73513623695.76512,91110623695.76512,3270.2860280325717,0.3197642043818046,0.04108817698702251,0.1724586404128267,-0.11637545115986005,3270.2860280325717,-0.06965751604737998,1.0530679954699984,-1.8448510262940456,0.5140309598764116,0.0,7.371819749892195,0.0,0.11629600013327336,0.28414140056452697,-0.016595865193996036,-10.037359871076614,0.020455815152773997,-16.59206023271732,-8.055180612851084,5.5139597123175506,58.752205428037705,1.9814432989690722,-16.58998435054773,0.05045682772244629,-14.840531848941486,2.401907668715205,1.2253056584794806,Utilities—Regulated Electric,Utilities,EDN
2022Q4,2022,Q4,2022-12-31,2022-12-31,639000000.0,70038000000.0,-12149000000.0,14.61,-1455000000.0,-0.0207744367,480131000000.0,125666000000.0,83460000000.0,198751000000.0,354465000000.0,6438000000.0,-59045000000.0,62278932401.875,75866932401.875,2872.365714285714,0.41992241548470194,0.031695516431973776,0.1210987856699505,-0.008026583918940358,2872.365714285714,0.005084907612241975,0.8892163168833348,24.3657794999511,0.49559095063004316,0.0,11.10484622553588,0.0,0.14587268891198443,0.3825188300939366,0.0013308867788166146,-20.870955898751674,-0.020774436734344214,1.1050927924039706,28.87883221993833,9.768425529480988,122.18437483840665,-1.4753348578895786,1.1050641236435383,-1.0008234519104084,3.2327769760189753,1.7804443742663243,1.1621762251936087,Utilities—Regulated Electric,Utilities,EDN
2022Q3,2022,Q3,2022-09-30,2022-09-30,-6082000000.0,47454000000.0,-6072000000.0,-139.02,3061000000.0,0.0645045728,400268000000.0,104288000000.0,70026000000.0,168252000000.0,295980000000.0,4874000000.0,-53554000000.0,43105758635.625,52319758635.625,2383.7257142857143,0.4161971328721204,0.040850130412623545,0.15678697453206505,-0.11004031806686865,2383.7257142857143,-0.05831926971463639,0.9083693394787584,-1.7718578853841254,0.4133338316548884,0.0,9.108124743537136,0.0,0.11855556776959437,0.3789850937878896,-0.015194819470954461,-109.68386421278626,0.06450457284949636,0.07128064666978413,-22.72142857142857,6.641246194409444,102.55917071804598,10.24773413897281,0.07130859673232555,0.3155996393146979,-24.96847286927949,0.9999997802559041,0.9476039380226653,Utilities—Regulated Electric,Utilities,EDN
2022Q2,2022,Q2,2022-06-30,2022-06-30,-6549000000.0,36729000000.0,-8872000000.0,-149.69,-331000000.0,-0.0090119524,325529000000.0,90608000000.0,56142000000.0,134828000000.0,234921000000.0,3965000000.0,-38956000000.0,23939669400.5,30552669400.5,2071.04,0.41639718752781324,0.032132313864509765,0.11544234504679499,-0.09575349086663354,2071.04,-0.07227838601447996,0.6517920281113017,-0.9138673614483128,0.26421143166718175,0.0,9.346784363177806,0.0,0.11282865735464429,0.3820868068947103,-0.020118023279031977,5.857516369097137,-0.009011952408178822,-1.3240180096258345,-123.74285619440452,5.399102327229786,121.96782083895265,-1.0730684326710818,-1.3239886444286728,-3.2510781025395303,-1.6175388926315057,1.0281563468953334,0.8912887164740424,Utilities—Regulated Electric,Utilities,EDN
2022Q1,2022,Q1,2022-03-31,2022-03-31,-2818000000.0,30401000000.0,-2087000000.0,-64.41,4530000000.0,0.1490082563,273964000000.0,82738000000.0,46721000000.0,111724000000.0,191226000000.0,3033000000.0,-27598000000.0,32789922780.125,39055922780.125,1891.1542857142856,0.41818230639790915,0.04278664350060592,0.14167613430346396,0.15658136484616747,1891.1542857142856,-0.03405931978051198,1.0785804013067004,-2.908971147988378,0.3963103142464769,0.0,8.529838443785032,0.0,0.11096713436801915,0.38713257670688483,-0.010286022981121606,10.966529357901338,0.1490082563073583,0.6478981030995463,-7.856524675041132,4.807990213606851,104.35321422006858,0.9097807757166948,0.6478820442334124,-1.6451313755795982,-22.58187945063803,0.9151350261519154,1.4231402705815763,Utilities—Regulated Electric,Utilities,EDN
2021Q4,2021,Q4,2021-12-31,2021-12-31,-8003000000.0,32698000000.0,3235000000.0,-182.93,2372000000.0,0.0725426632,237823000000.0,73694000000.0,42003000000.0,97516000000.0,164129000000.0,3441000000.0,-21344000000.0,23809457616.875,31246457616.875,1684.4342857142858,0.430729316214775,0.04460880570844704,0.14396015957879882,0.044609702867390674,1684.4342857142858,-0.10859771487502375,0.7281625058680959,-0.7437666380380794,0.3230854291648574,0.0,8.813135716361522,0.0,0.13748880469929317,0.3914434554329546,-0.033651076641031355,-27.749950602418416,0.07254266315982628,-11.882394366197184,-13.590176368122318,7.485130355726548,208.4139295871486,-0.572072884719466,-11.949838187702266,1.529319781078968,-4.713781270261935,0.5703309680288315,1.4258542436950858,Utilities—Regulated Electric,Utilities,EDN
2021Q3,2021,Q3,2021-09-30,2021-09-30,-618000000.0,29236000000.0,1279000000.0,-14.2,5543000000.0,0.1895950198385552,216728000000.0,72808000000.0,41245000000.0,73240000000.0,143920000000.0,2790000000.0,-13341000000.0,29105295114.875,30821295114.875,1664.182857142857,0.5631485527034408,0.0483786128234469,0.14400890012086584,-0.01199966734641635,1664.182857142857,-0.008488078233161191,0.9955293171047681,-11.773986696955905,0.3997540807998434,0.0,8.492114695340502,0.0,0.13489719833154923,0.5207127252867285,-0.0028515004983204755,13.78091624757339,0.1895950198385552,0.9430633520449079,0.032485324958688264,7.814915024462096,237.02341225999018,1.0567717996289425,0.9433495279127326,2.952671755725191,-1.743458643984534,1.2141673616103257,30.172235028276408,Utilities—Regulated Electric,Utilities,EDN
2021Q2,2021,Q2,2021-06-30,2021-06-30,-10909000000.0,23838000000.0,-655000000.0,-249.4,2695000000.0,0.11305478647537545,192893000000.0,67134000000.0,33689000000.0,61026000000.0,125759000000.0,2586000000.0,-11636000000.0,20314621800.166306,21714621800.166306,1534.8079322780575,0.5520433913413955,0.05161929152431659,0.14831530967914916,0.7619132872251105,1534.8079322780575,-0.16249590371495815,0.8521948905179254,-0.46554729581460963,0.3025981142217998,0.0,8.175947409126064,0.0,0.12358146744568232,0.5049650968439682,-0.05655467020576174,6.34831931255197,0.11305478647537545,-15.626666666666667,-9.56779673411701,8.012740711447297,202.08174433767846,-0.12272135416666667,-15.629573170731707,0.265695067264574,-54.91855300890178,1.3543701154665704,43.33404140015883,Utilities—Regulated Electric,Utilities,EDN
2021Q1,2021,Q1,2021-03-31,2021-03-31,-656000000.0,21023000000.0,-892000000.0,-15.0,3072000000.0,0.14612567188317557,169251000000.0,70379000000.0,26919000000.0,49663000000.0,98872000000.0,2048000000.0,-20644000000.0,14355214871.375002,17168214871.375002,1608.662857142857,0.5420333044721423,0.057376322739599764,0.13798150016340102,0.03933961572826278,1608.662857142857,-0.009320962218843688,0.6828337949567141,-5.470737374761814,0.20397014551748394,0.0,8.76513671875,0.0,0.12421196920549953,0.49592251776976826,-0.0038759002901016834,6.618356326129554,0.14612567188317557,0.9586167987401655,-4.378615545798444,6.207941960857758,50.53654513091279,0.08401543028214042,0.9586360619765468,0.9563473733132994,-1.464387151839268,0.9608442505586374,28.39227721383174,Utilities—Regulated Electric,Utilities,EDN
2020Q4,2020,Q4,2020-12-31,2020-12-31,-15859225000.0,25395350000.0,-20434051000.0,-362.46591716814805,2833908000.0,0.11159161027510942,149401000000.0,62898000000.0,23915000000.0,42168000000.0,85898000000.0,1839000000.0,-17698000000.0,15778022072.026642,20115022072.02664,1437.546996025479,0.5671362170366154,0.05822584855523055,0.13830328468313777,-0.21825819388309622,1437.546996025479,-0.2521419599987281,0.6212957124838462,-0.24871994173779996,0.25085093440215334,0.0,12.268320826536161,0.0,0.16998112462433318,0.5171931322329729,-0.10615206725523925,-4.8523214939970805,0.11159161027510942,-152.02746548672835,-80.86131766662577,28.218534823381667,41.27855998896056,-0.33906057261042466,-157.66062449991603,-31.25312686916303,-742.4946035953847,2.904234981751582,60.65068992625276,Utilities—Regulated Electric,Utilities,EDN
2020Q3,2020,Q3,2020-09-30,2020-09-30,101233000.0,23033163000.0,675436000.0,2.4,4287697000.0,0.18615320006201494,155519368000.0,70821604000.0,28225607000.0,41107560000.0,84697764000.0,1773961000.0,-1838775000.0,10367138408.3125,10521685408.3125,1618.642629080512,0.6866281287432288,0.058877927024497685,0.1292918754000545,0.0011856990081943078,1618.642629080512,0.0014294084612938166,0.450096168221121,25.602171249277653,0.14638384084484304,0.0,10.567011337904272,0.0,0.14810478782295464,0.6274523712913148,0.0006509350012276284,1.4947175780322415,0.18615320006201494,1.0413793103448277,-0.5153671176131658,21.63406800592823,53.83873059147691,1.6976827733736002,1.039584312517156,1.285610143059629,-0.6384841453408513,2.7085848533582695,69.3207115449038,Utilities—Regulated Electric,Utilities,EDN
2020Q2,2020,Q2,2020-06-30,2020-06-30,-2557402000.0,17978204000.0,-2364888000.0,-58.0,1589400000.0,0.08840705111589567,138784221000.0,65460510000.0,22143436000.0,30553920000.0,73323711000.0,1922417000.0,-1795640000.0,12280090613.39472,17549659613.394722,1484.5963106549596,0.7247330620751773,0.07888578342058064,0.16724742902247478,-0.027315473709058565,1484.5963106549596,-0.039067859385757915,0.68305435923381,-1.2004458639465678,0.18759540085151674,0.0,8.525103554535775,0.0,0.12954069180530256,0.6513731134990207,-0.018427181285976306,4.459537661714142,0.08840705111589567,-4.536585365853659,-10.999999968664051,18.92018649273005,57.783324453386285,-0.6119717008378471,-4.551266562797686,-2.5647085600558954,-47.33333289024479,2.10787329422884,87.14777751602536,Utilities—Regulated Electric,Utilities,EDN
2020Q1,2020,Q1,2020-03-31,2020-03-31,720138000.0,20531036000.0,1511392000.0,16.4,4096093000.0,0.1995073702077187,130749446000.0,64299982000.0,21516263000.0,26492822000.0,66449464000.0,1792789000.0,13762836000.0,9134773925.551199,17657611925.5512,1469.5895889947592,0.8121544394175901,0.08461205258185185,0.172052598708348,0.009190005806697146,1469.5895889947592,0.011199660989018628,0.4449251331277778,3.1711886907617703,0.14206495307496667,0.0,9.167248906591908,0.0,0.15702579726418114,0.7398922621380236,0.005507770946884165,8.690481737217683,0.1995073702077187,3.5070696092231843,0.5710561378837882,20.72842040289018,76.10288340334019,0.13291633591755567,3.472440998949414,3.744612076792887,0.7520320859273979,2.922041129431001,80.86851170975186,Utilities—Regulated Electric,Utilities,EDN
2019Q4,2019,Q4,2019-12-31,2019-12-31,-291266000.0,25636209000.0,-550676000.0,-6.541501655824204,3615530000.0,0.14103216275074057,119472609000.0,59150849000.0,17876094000.0,24583000000.0,60321760000.0,1854336000.0,12134139000.0,16711320660.133297,26292520660.133297,1328.460502348051,0.727173005735671,0.08362454024922147,0.16890445646857918,0.0016807772080684317,1328.460502348051,-0.00492412205275363,0.6518639577377957,-14.343693273616983,0.28252038546620517,0.0,11.875236742424242,0.0,0.21457812978705437,0.6443569539925965,-0.0024379311914080656,11.618291530116736,0.14103216275074057,-2.1278451130731386,-1.4438888438447093,29.51330162135652,154.46829361201497,-0.2949159483599204,-2.127845111326234,-1.2392888895068965,-1.4502300831831316,5.536674420895061,164.1581996741729,Utilities—Regulated Electric,Utilities,EDN
2019Q3,2019,Q3,2019-09-30,2019-09-30,258250000.0,24147777000.0,2301302000.0,5.8,5127800000.0,0.2123508097660501,110359524000.0,54496420000.0,20072167000.0,22741621000.0,55863104000.0,1808160000.0,12425405000.0,18070147861.66656,30015593861.66656,1223.9273436188614,0.8826181299917011,0.11019112405740351,0.22314566718327553,0.004600761703859484,1223.9273436188614,0.004738843395584517,0.7483151704468102,17.492882731526194,0.3315841272081094,0.0,10.518967901070702,0.0,0.2188100865676079,0.7974813668735399,0.0023400789586587923,-10.944759315183813,0.2123508097660501,-0.976072607260726,1.3625000005614716,23.55851036730233,207.22955349843238,0.14867987386429593,-0.9758287690343179,0.3892774652665843,1.3972602737410924,6.153903125096356,174.58399454683934,Utilities—Regulated Electric,Utilities,EDN
2019Q2,2019,Q2,2019-06-30,2019-06-30,10684189000.0,18244777000.0,1656474000.0,242.4,4464081000.0,0.24467720268655518,97147968000.0,48265810000.0,17003517000.0,22092072000.0,48882158000.0,1686529000.0,10828087000.0,35954605804.577675,43580564804.577675,1095.0416940365776,0.7696660141248861,0.09021951956833518,0.18159113045031255,0.019327903164656598,1095.0416940365776,0.22136143576581435,1.9706793787930472,0.8413040476113272,0.7449290875793377,0.0,8.171040047339833,0.0,0.18780400018248453,0.6858451303254851,0.10997851236579648,14.564109236099002,0.24467720268655518,79.8,688.7701043302008,20.77418416198757,107.30175107959808,0.832368798576492,80.24982129005764,151.73928473928473,11.271186547869247,5.845499871218578,143.89303363018192,Utilities—Regulated Electric,Utilities,EDN
2019Q1,2019,Q1,2019-03-31,2019-03-31,131498000.0,15986592000.0,-10989000.0,3.0,2436235000.0,0.15239239232476814,88488142000.0,34386968000.0,16318165000.0,24877555000.0,54101174000.0,1817896000.0,14905019000.0,36208507347.01199,45911882347.01199,780.4559680981205,0.6559392593042203,0.11045101387709101,0.28422409908311774,-2.7060553577503575e-05,780.4559680981205,0.0038240649771739106,2.2649297202938556,68.83851341277433,1.0529717928900273,0.0,7.453868098065016,0.0,0.18066366451676655,0.5785095038479465,0.00148605222155077,-24.66993478788977,0.15239239232476814,-0.9390936159287918,1.1812463995327553,17.070851389715067,78.96803608892998,-0.20416492580925777,-0.9401418500409909,0.9925858857231915,2.0705781854819802,4.442583000608253,24.003377211069097,Utilities—Regulated Electric,Utilities,EDN
2018Q4,2018,Q4,2018-12-31,2018-12-31,2196827000.0,21227036000.0,-1482173000.0,49.25592030701702,3061231000.0,0.1442137753005177,76992178000.0,30968972000.0,13707750000.0,20978647000.0,46023206000.0,1252292000.0,13216605000.0,45423459866.24886,53665771866.24886,694.3674749182533,0.6534143979828633,0.10741246987453712,0.26703889299263794,-0.026700919353120488,694.3674749182533,0.07093638755590595,2.139887069784442,5.169212216784579,1.4667409646742184,0.0,14.50604571457775,0.0,0.2757037994171304,0.5868978109026765,0.028533119299469615,-23.101991881986834,0.1442137753005177,1.5924168582640537,106.55031261982867,21.54584386469276,23.389403286095348,-0.1192777874797278,1.5924168490863282,-1.9467203036305232,9.852448498698077,22.959124984392016,19.421493713861246,Utilities—Regulated Electric,Utilities,EDN
2018Q3,2018,Q3,2018-09-30,2018-09-30,847405000.0,13460676000.0,1565587000.0,19.0,3475819000.0,0.25822024094480844,40837727000.0,2381061000.0,18464021000.0,19974923000.0,38456666000.0,834716000.0,1534000000.0,45121773429.25636,51865401429.25636,53.386703123252886,0.9243600588598013,0.2360805242662012,4.049031923163665,0.0882342371024947,53.386703123252886,0.35589386412191876,3.3521179344377923,13.31174982129453,18.950280328499087,0.0,11.961981080990421,0.0,0.32961374172465574,0.8788483439961196,0.020750542751803987,3.2704046842977723,0.25822024094480844,32.66666666666667,2.532258054388778,12.677424502017614,0.8241697305823369,0.28673036486406445,5.2888341161227626,0.23454499431849096,2.979780848162059,11.976371526157077,0.8087124218434266,Utilities—Regulated Electric,Utilities,EDN
2018Q2,2018,Q2,2018-06-30,2018-06-30,-197584000.0,10254579000.0,1268149000.0,-0.6,2701280000.0,0.26342183330978286,32685070000.0,1533656000.0,14207218000.0,16371166000.0,31151414000.0,614034000.0,686595000.0,40380457010.83065,46230857010.83065,34.61917487794286,0.8678195554305661,0.20179840520457812,4.3007004178251185,0.1269016581588876,34.61917487794286,-0.1288320196967247,3.937797642480559,-51.092771948678354,26.329540008209566,0.0,12.301108733392613,0.0,0.3137389334029268,0.826218975484092,-0.006045084192874606,5.128979678754052,0.26342183330978286,-1.018633540372671,-1.1022024084348734,10.726967128458705,-0.16418916765399985,-0.31211614533649845,-1.136187998770349,-0.5103091370289837,-1.7689755539240337,10.30901273760396,0.37076333448575,Utilities—Regulated Electric,Utilities,EDN
2018Q1,2018,Q1,2018-03-31,2018-03-31,1450818000.0,11011358000.0,2589693000.0,32.2,3926942000.0,0.3566264942071632,30687831000.0,2459230000.0,13646212000.0,14832423000.0,28228601000.0,485577000.0,884179000.0,52028438393.499,56579338393.499,54.73080038813171,0.920025811022245,0.15302101344340693,1.909493215356026,0.2549968425231373,54.73080038813171,0.5899480731773766,4.72497927989436,8.965362711501202,21.15639382794574,0.0,14.589686084802205,0.0,0.3588183863499509,0.8833785282418118,0.04727665503632368,30.790048173993554,0.3566264942071632,64.87136915467627,3.8371954666708357,12.14176448294312,27.609368460955654,1.1575288540094533,64.23462230215827,3.007764222672397,2.0820263443359903,10.347641567061716,1.8714836798647558,Utilities—Regulated Electric,Utilities,EDN
2017Q4,2017,Q4,2017-12-31,2017-12-31,22240000.0,6763618000.0,646169000.0,0.48883149710140944,1820111000.0,0.26910316342525553,25304907000.0,1060864000.0,9262994000.0,12541314000.0,24244043000.0,351106000.0,-506458000.0,43113606837.875,47293617837.875,23.317614089073274,0.7385983637759169,0.16846025160258443,4.018301120596043,0.013317329686372626,23.317614089073274,0.020964044401544403,6.3743408982995495,484.6403646343863,40.640088491903775,0.0,14.079813503614293,0.0,0.26728483926062246,0.6993487285303598,0.000878880922186357,171.51316311233947,0.26910316342525553,-0.9236200785779048,1.0566433804753235,5.448084353998456,1.516566078539751,-0.0015546272652219347,-0.9236200785779047,-0.11837796685094934,-0.966829199242038,6.878639045338818,1.7288351193913984,Utilities—Regulated Electric,Utilities,EDN
2017Q3,2017,Q3,2017-09-30,2017-09-30,291176000.0,6458121000.0,732932000.0,6.4,1822945000.0,0.2822717319790075,22106519000.0,1047233000.0,7183071000.0,11295282000.0,21059286000.0,320939000.0,-528698000.0,31690828090.78125,34777927090.78125,23.018006978597136,0.6359355171477791,0.1427122017717941,3.012576952788921,0.12930698845621136,23.018006978597136,0.2780431861868371,4.907128263899244,27.209340820312498,30.261487262893027,0.0,14.44254515655623,0.0,0.2921364960263531,0.6041408262316956,0.013171499321082619,950.0218265717743,0.2822717319790075,6.333333333333334,2.0423452670932076,5.754599804625769,0.29145833929951775,0.44997629698446734,6.534718394191108,1.4532221192048547,1.4,5.42788022900668,4.878492727831508,Utilities—Regulated Electric,Utilities,EDN
2017Q2,2017,Q2,2017-06-30,2017-06-30,-52609000.0,5751628000.0,298763000.0,-1.2,1257224000.0,0.21858576389154513,20826189000.0,738373000.0,6894530000.0,10718600000.0,20087816000.0,283332000.0,-819874000.0,23058841577.200172,25943898577.200172,16.84212980168511,0.6432304592017615,0.14202195130371667,4.0058019456291065,0.03306403837528225,16.84212980168511,-0.0712498967324103,4.009098220051814,-109.57650581269446,31.229258893811352,0.0,15.862677000832946,0.0,0.2761728514035861,0.6134775996865263,-0.0025260982698274755,20.398833667020675,0.21858576389154513,-1.127659574468085,0.7923156774251697,5.1118116549695145,-0.3014651448863329,-0.29575370895779474,-1.1248484158117438,-0.6341540172120749,-4.414703489990292,5.901194503279764,0.665719359697233,Utilities—Regulated Electric,Utilities,EDN
2017Q1,2017,Q1,2017-03-31,2017-03-31,421383000.0,5366635000.0,816636000.0,9.4,1785205000.0,0.3326488572448098,19770659000.0,805188000.0,6774135000.0,9538283000.0,18965471000.0,263994000.0,-767265000.0,24065630201.699997,26797661201.699997,17.9506083389532,0.7102048660120485,0.14165896038164433,3.478306929561792,0.14536670430731619,17.9506083389532,0.5233349230241882,4.484305379758451,14.277765240707382,29.88821269281211,0.0,13.566331052978477,0.0,0.27144441669850256,0.6789976770452292,0.02131355358463266,-39.90917265335566,0.3326488572448098,-0.35302886025361696,5.646345341528385,5.022716526183628,-0.3994758131679027,0.6289377443126033,-0.35527338490538324,-0.3622432802647753,1.5704986317364398,4.9587084647198765,0.839277235544422,Utilities—Regulated Electric,Utilities,EDN
2016Q4,2016,Q4,2016-12-31,2016-12-31,653584000.0,3962261000.0,1280482000.0,14.529241603705634,1095932000.0,0.27659258186171987,18933530000.0,361832000.0,6622166000.0,9563430000.0,18571698000.0,230291000.0,-1188648000.0,19932762573.604427,22497483573.604427,8.04356371629663,0.692446747662711,0.14911551094803768,7.802745473037211,0.26759478605596904,8.04356371629663,1.806318954652988,5.030653602477077,7.624407334636568,55.08844594619721,0.0,12.446552405434863,0.0,0.2092721748136771,0.6592377421071729,0.03451992312051688,189.7418666337093,0.27659258186171987,1.995153534500386,3.393762523827587,3.6346803654808215,-0.6925309436836321,126.58230500582073,1.9951535323790628,2.7711878121753757,32.134653130857814,3.1725271547744334,-0.7174727699374773,Utilities—Regulated Electric,Utilities,EDN
2016Q3,2016,Q3,2016-09-30,2016-09-30,-656767000.0,3410203000.0,-722951000.0,-14.6,8590000.0,0.0025189116307738867,17738669000.0,-317179000.0,5756610000.0,9780131000.0,18055848000.0,234199000.0,-1842232000.0,13671108897.118202,16363883897.118202,-7.050922792818902,0.5886025453033298,0.15695467343124786,-8.777904590152565,-0.1883110943393066,-7.050922792818902,2.070650957345852,4.008884191679558,-5.203941769728915,-43.10218802984498,0.0,14.524455697932101,0.0,0.19224683655803038,0.5591091775764557,-0.03702459299511141,-83.6209708122149,0.0025189116307738867,0.38135593220338987,-13.038461589877684,3.937434426484215,-1.17913896443598,1.0147991179105507,0.3806585642778199,0.5020696846640843,-0.17741934539816737,2.4355529054126936,-1.2409229111158797,Utilities—Regulated Electric,Utilities,EDN
2016Q2,2016,Q2,2016-06-30,2016-06-30,-1060428000.0,2717025000.0,-1451912000.0,-23.6,-580440000.0,-0.2136307174207083,15199063000.0,339588000.0,4258151000.0,7126571000.0,14859475000.0,124823000.0,-1185465000.0,11845027984.739502,14428856984.739502,7.557586908087727,0.5975034837932577,0.19053792987107165,8.527975075679942,-0.28339469310590426,7.557586908087727,-3.1226898476977984,4.359557966798061,-2.792511133414881,34.88058466359089,0.0,26.417126651338297,0.0,0.17876266451425327,0.5698194826095186,-0.06976930091019427,25.786049192001666,-0.2136307174207083,-7.42857142857143,-11.579957431994748,2.904171508745426,-0.822112548979684,-2.6680268980975916,-7.480913649559731,-7.093685602165656,-1.5407949204068805,2.063399007721853,-0.8175371589170761,Utilities—Regulated Electric,Utilities,EDN
2016Q1,2016,Q1,2016-03-31,2016-03-31,-125037000.0,2990120000.0,238265000.0,-2.8,347980000.0,0.11637660027022327,14701279000.0,1400016000.0,4821341000.0,6364601000.0,13301263000.0,116811000.0,124299000.0,11071425806.805,13798403806.805,31.214022070290945,0.7575244701121091,0.19714298327376822,2.07015776962549,0.03262360986384253,31.214022070290945,-0.0893111221586039,3.702669393470831,-22.13629926902637,7.908070912621713,0.0,22.618931436251724,0.0,0.20339182733692762,0.7277098752930466,-0.008505178358971351,198.4339858551995,0.11637660027022327,-1.6169178366163972,-3.422642340294752,4.049852507392203,-0.3268852651420022,1.8578563698263728,-1.6142211524291399,-0.5733909390896118,0.7550378697343829,2.575077805635962,16.175831680270562,Utilities—Regulated Electric,Utilities,EDN
2015Q4,2015,Q4,2015-12-31,2015-12-31,203570000.0,890972000.0,558509000.0,4.538691919425008,-405639000.0,-0.4552769335063279,12980929000.0,1525053000.0,3867315000.0,5678321000.0,11455876000.0,120512000.0,249336000.0,10164741341.2992,12545562341.2992,34.00179657019633,0.6810666392407192,0.1933430958600883,1.6456955922187622,-0.149308696976909,34.00179657019633,0.13348388547807846,11.408597959643176,12.483103283022057,6.665172516167766,0.0,10.759185807222517,0.0,0.06863699816862107,0.6486232462025306,0.015682236610338136,50.667397784331335,-0.4552769335063279,-0.0493158361742866,4.032990745772432,0.8047502617206358,-0.2355544454705546,-0.3140148103996735,-0.04931583617428665,0.011716521055501312,1.5259212116582022,-0.13839497249464872,2.6696622360716886,Utilities—Regulated Electric,Utilities,EDN
2015Q3,2015,Q3,2015-09-30,2015-09-30,214130000.0,1043180000.0,552041000.0,4.774132242994925,-308702000.0,-0.29592400161046034,11877839000.0,1323874000.0,3695184000.0,5685110000.0,10553965000.0,97716000.0,45766000.0,5405930527.70772,7076658527.70772,29.51641315585235,0.6499758140123938,0.15566055407890272,1.3965913674564197,0.1112870961795122,29.51641315585235,0.16174499990180335,5.182164657784582,6.311505309517257,4.083417702672399,0.0,13.834806991690204,0.0,0.08782574001887043,0.6253947592922564,0.01802769005372105,86.71271077278475,-0.29592400161046034,-0.17687375120777146,128.12366762099109,0.9649002975182827,-0.35799650069623123,0.2286133371315197,-0.15980334069693986,1.5661167589377438,1.7775459606191937,0.10673903247842383,0.6560607506887959,Utilities—Regulated Electric,Utilities,EDN
2015Q2,2015,Q2,2015-06-30,2015-06-30,254857000.0,899395000.0,215127000.0,5.8,-400191000.0,-0.4449557758270838,10749478000.0,1109744000.0,3057609000.0,5013061000.0,9639734000.0,84821000.0,-168364000.0,5166350189.155512,6798019189.155512,25.255398949615508,0.6099285446556505,0.1617569708966333,1.5668505529203132,0.042096658856448976,25.255398949615508,0.2296538661168702,5.744250511905794,5.067891198942458,4.655443227587184,0.0,15.321512361325615,0.0,0.08366871395987786,0.5879335998504706,0.023708779161183455,12.408194206912937,-0.4449557758270838,-0.44230769230769235,44.697871249636435,0.8749505461944798,-0.45112501338970273,-0.5454313750477889,-0.4576195077103808,-0.7651477603956288,2.0038075530549513,-0.04645791198950261,0.04747895033693481,Utilities—Regulated Electric,Utilities,EDN
2015Q1,2015,Q1,2015-03-31,2015-03-31,469886000.0,968615000.0,916010000.0,10.4,-258951000.0,-0.2673415133979961,10078549000.0,854887000.0,2792539000.0,4710132000.0,9223662000.0,74909000.0,-423221000.0,6393410610.6752,7994768610.6752,19.060111945581205,0.5928791379944341,0.17139778751881843,2.0206658891759965,0.2305695170641904,19.060111945581205,0.5496469123989486,6.60056948392829,3.4015753877936348,7.478661636772111,0.0,16.387430081832623,0.0,0.0961065923279234,0.5671535320029247,0.04662238582160984,14.45972459912112,-0.2673415133979961,-0.29428375641015986,93.60152818066567,0.6889618744045128,-0.609136796125341,0.34766968206104854,-0.29232437479762347,0.43408674251378887,6.1815755811389,0.08711730943193781,-0.36235819918087625,Utilities—Regulated Electric,Utilities,EDN
2014Q4,2014,Q4,2014-12-31,2014-12-31,663985000.0,850173000.0,638741000.0,14.736801220696352,-396963000.0,-0.4669202621113585,8630069000.0,385001000.0,1640753000.0,4333373000.0,8245068000.0,73970000.0,-893107000.0,3585296485.575,5038619485.575,8.544896656956581,0.37863184175467934,0.18915294883505565,4.239996779229145,0.36310595688193986,8.544896656956581,1.7246318840730284,4.217137553856685,1.3499162200859205,9.31243421595009,0.0,16.860024334189536,0.0,0.09851288558643043,0.3517091651237962,0.07693855054924821,42.4360728345781,-0.4669202621113585,1.9210500762935219,148.43987277430335,0.790064865229056,-0.8144066359697154,-0.6740311221692742,1.921050076293522,2.087200217868632,3.427958970288059,-0.007141312664144638,-0.67336725311042,Utilities—Regulated Electric,Utilities,EDN
2014Q3,2014,Q3,2014-09-30,2014-09-30,-720900000.0,994988000.0,-587510000.0,-16.0,-237130000.0,-0.23832448230531422,7995300000.0,-267399000.0,1695094000.0,4785653000.0,8262699000.0,118773000.0,-1557092000.0,4231460962.7999997,5774821962.799999,-5.93478152309613,0.35420328218531516,0.20610308556276813,-6.1625361351388745,-0.40945854038778634,-5.93478152309613,2.695971189121874,4.252775875487945,-1.467423,-15.82452052101915,0.0,10.373721300295522,0.0,0.12444661238477606,0.32136826468613583,-0.09016547221492627,58.726246465151135,-0.23832448230531422,-80.99999999999999,-85.14935108743897,1.020403275142979,-1.129178894435007,0.3061748768184638,-46.73658165207461,-8.98323210087916,-14.384615408167168,0.43827646894300465,-1.1507817696265241,Utilities—Regulated Electric,Utilities,EDN
2014Q2,2014,Q2,2014-06-30,2014-06-30,15762000.0,852650000.0,73593000.0,0.2,-341772000.0,-0.40083504368732775,7403757000.0,453501000.0,1456592000.0,3779060000.0,6950256000.0,114233000.0,-836192000.0,4600836588.292919,5989125588.292919,10.111024827583439,0.38543764851576845,0.20930508659319857,3.4170685400914222,-0.049540237509410626,10.111024827583439,0.0347562629409858,5.395926333540045,72.97355329737532,10.145152024566471,0.0,10.456015337074225,0.0,0.1151645036432179,0.3482500939387043,0.002128919141997772,-45.52849553993824,-0.40083504368732775,1.0121457885723069,-0.6445125440808392,0.772758152880485,-0.7790046601774566,-1.6512656214849235,1.0213414427746854,1.1947718887789076,1.187324861917207,0.227417080773532,-0.7620107508314385,Utilities—Regulated Electric,Utilities,EDN
2014Q1,2014,Q1,2014-03-31,2014-03-31,-738563000.0,900565000.0,-377842000.0,-16.466613,-128909000.0,-0.14314236062916058,7566999000.0,437739000.0,1941605000.0,4006896000.0,7129260000.0,99082000.0,-851954000.0,2654317943.452,4101334943.452,9.759599038173198,0.48456585846001493,0.20632895550798935,3.5667166964789523,-0.18562273760587783,9.759599038173198,-1.6872222945636555,2.947391852283844,-0.8984737738865879,6.063699929528784,0.0,10.390121313659392,0.0,0.11901217378249951,0.44567939871661255,-0.09760315813442026,28.737892266946723,-0.14314236062916058,-34.286238468518285,-25.535335548061205,0.6316822577556092,-0.7936817613273993,0.4962091309139512,-37.3052227581557,-2.782879091012042,-25.123467411846995,0.5209156901126575,-0.7895391403226784,Utilities—Regulated Electric,Utilities,EDN
2013Q4,2013,Q4,2013-12-31,2013-12-31,-19281000.0,872200000.0,211928000.0,-0.4666582133624473,-255878000.0,-0.29337078651685394,7258096000.0,1176302000.0,1868967000.0,3283061000.0,6081794000.0,83853000.0,-113391000.0,1361995205.789614,2469054205.7896137,28.470047699531843,0.5692757460187307,0.18607249063666284,1.1481167251267106,0.527263133542298,28.470047699531843,-0.016391198858796467,1.5615629509167783,-17.65981025088966,1.1578618465237789,0.0,13.453042824943651,0.0,0.12016925651024732,0.5336754327744748,-0.0026564818101055703,9.363172805384282,-0.29337078651685394,0.9623662731159317,-1.2746462864465702,0.5818169025378819,-0.3830742148590122,-0.3825638254761583,0.9623662734979008,1.5124765135888687,0.6881546340456816,0.9178806233948062,-0.35992201599650026,Utilities—Regulated Electric,Utilities,EDN
2013Q3,2013,Q3,2013-09-30,2013-09-30,-512333000.0,911708000.0,-413537000.0,-12.4,-185075000.0,-0.20299810904368504,7724455000.0,1209201000.0,2731153000.0,3722504000.0,6506608000.0,54251000.0,408050000.0,1053705354.2826802,2076706354.28268,29.266302487219782,0.7336870558097452,0.16965391085843598,1.083760268144006,-0.12130965022102967,29.266302487219782,-0.42369548156179165,1.155748720294963,-0.514170156071676,0.8714062875259615,0.0,20.216825496304217,0.0,0.11802878002396286,0.6308495571797909,-0.06632610326553783,5.565266797031099,-0.20299810904368504,-1.2844036697247705,-47.77220929481251,1.0709724808398218,-0.3435750032616864,-0.26521055509980856,-1.282465912480352,-1.230889658017966,-329.1822015534806,0.8641869504520097,-0.36343659003322026,Utilities—Regulated Electric,Utilities,EDN
2013Q2,2013,Q2,2013-06-30,2013-06-30,1813787000.0,820404000.0,1791059000.0,43.6,-146280000.0,-0.17830239735544925,7219490000.0,1721534000.0,2529821000.0,2941576000.0,5474555000.0,58836000.0,920383000.0,447824699.79999995,1526686699.8,41.419868633159304,0.860022314568789,0.1673047542139403,0.7016155359115765,0.5648244574343791,41.419868633159304,1.053587672389857,0.5458587473976235,0.06172509503596618,0.2601311968279453,0.0,16.43014480930043,0.0,0.11363738989873245,0.7377664218092614,0.2512347825123381,5.400162789407679,-0.17830239735544925,4.824561403508771,50.19879602265144,0.9585851760643109,-0.07624578257519449,-0.8836921809003812,4.553421206267608,7.564262415246472,329.7847641174026,0.8081264641591717,-0.09982297698877983,Utilities—Regulated Electric,Utilities,EDN
2013Q1,2013,Q1,2013-03-31,2013-03-31,-510434000.0,836379000.0,-272850000.0,-11.4,-77656000.0,-0.0928478596425783,7142097000.0,-92253000.0,2587028000.0,3263195000.0,7162036000.0,50795000.0,-1395564000.0,559926346.6216,1879288346.6216002,-2.056824477756362,0.7927898884375589,0.20755696821255717,-16.068767411357896,-0.18240796871876294,-2.056824477756362,5.532979957291362,0.6694648557909751,-0.27424032618399247,-6.069464913028303,0.0,17.994586081307215,0.0,0.11710552236969059,0.34115950778301635,-0.0714683656634739,4.4240919275112,-0.0928478596425783,-0.32097571708789924,-28.150396545346656,0.8549154662920947,-1.046765213967697,0.928364795654805,-0.3105121542932846,-0.2700562762704054,-103.76500350163636,0.45838361325456656,-1.0421790285114279,Utilities—Regulated Electric,Utilities,EDN
2012Q4,2012,Q4,2012-12-31,2012-12-31,-389492000.0,1040546000.0,-214833000.0,-8.629984527748462,-1084048000.0,-1.0418068975326416,6801440000.0,418181000.0,1492350000.0,2211643000.0,6312152000.0,85002000.0,-899789000.0,432366682.5036,1815101682.5036001,9.26564745822348,0.6747698430533319,0.21375517537462654,3.4765878889763044,-0.10091483018629341,9.26564745822348,-0.9313957353394822,0.415519047215212,-0.27751961690073224,1.0339223506175557,0.0,24.99463542034305,0.0,0.15298907290220895,0.4707925284505682,-0.057266108353525136,2.053344932983801,-1.0418068975326416,-0.4055349393727138,-8.44272719335533,1.1810699666451532,-0.7873246680356817,-3.9321179827705124,-0.40553492618534676,-0.03875388022319141,-88.51314281553408,1.187203852588772,-0.7987520796649595,Utilities—Regulated Electric,Utilities,EDN
2012Q3,2012,Q3,2012-09-30,2012-09-30,-277113000.0,948461000.0,-206818000.0,-6.14,369715000.0,0.3898051685836318,6279082000.0,804407000.0,974503000.0,1648796000.0,5427021000.0,88046000.0,-644903000.0,485191686.12604994,3778727686.12605,17.82326713773982,0.5910391582706411,0.5333080536294955,4.162923743826197,-0.032327013236315316,17.82326713773982,-0.344493521314459,0.5115568126955667,-0.4377200691830137,0.60316691193146,0.0,6.573223087931309,0.0,0.15105090202676125,0.4963403598747207,-0.044132725134024366,-1.6329272915089352,0.3898051685836318,-0.06265143648321221,-5.200257714410257,1.1789833163807513,-0.5796048965499783,-0.06343886634343066,-0.0691871703558517,-0.05369397643150821,-33.29231378278586,0.9226764934345986,-0.6120514402909505,Utilities—Regulated Electric,Utilities,EDN
2012Q2,2012,Q2,2012-06-30,2012-06-30,-259181000.0,962870000.0,-196279000.0,-5.778,394758000.0,0.4099805788943471,6382460000.0,1081520000.0,1326788000.0,1632456000.0,5250656000.0,63450000.0,-236450000.0,405404301.64500004,1438954301.645,24.110650568674235,0.812755749618979,0.213546030840773,1.2602161772320437,-0.07873017975541748,24.110650568674235,-0.2396451290775945,0.4210374210900745,-0.3910436158948766,0.3748467912243879,0.0,8.953695823483057,0.0,0.15086189337653508,0.650573124176088,-0.04060832343641793,5.473924219832301,0.4099805788943471,-1.8889999999999998,-32.63561515670482,1.21883433789686,-0.4436717553005339,-0.04310137950593762,-1.8580675753164837,-0.9366643972806836,-6.8448526173060396,1.0017221588226797,-0.47301668162946764,Utilities—Regulated Electric,Utilities,EDN
2012Q1,2012,Q1,2012-03-31,2012-03-31,-90684000.0,890994000.0,-101349000.0,-2.0,412539000.0,0.4630098519181947,7519692000.0,1340701000.0,2544605000.0,2760582000.0,6127423000.0,55986000.0,-557336000.0,754632265.7527499,1914464265.75275,29.89156595614703,0.9217639613675667,0.18200705560812863,1.0208368607168936,-0.0287658341400981,29.89156595614703,-0.06763924245599877,0.8469554966169804,-2.0803897759052035,0.562863953821732,0.0,8.5459757796592,0.0,0.11848809765080803,0.39857102596481464,-0.012059536481015445,58.56672609644935,0.4630098519181947,0.6704903684419335,-1.787067671865655,0.3139991507429617,-0.3008875564169453,-0.23835063575554935,0.7026627364445042,-0.23447301428762835,-4.0125559618345115,0.6143411098218354,-0.36809133089216556,Utilities—Regulated Electric,Utilities,EDN
2011Q4,2011,Q4,2011-12-31,2011-12-31,-304987000.0,954958000.0,-82099000.0,-6.069625311233303,541639000.0,0.5671862008590953,5744432000.0,1314518000.0,1152020000.0,1328582000.0,4373045000.0,22863000.0,-670751000.0,1136299561.677984,2361761561.677984,26.160563318671876,0.8671049284123976,0.2174117475844435,0.9500874084645474,-0.04117798071712174,26.160563318671876,-0.23201432007777756,1.189894803413327,-0.9314327837563438,0.8644229760855188,-0.1180378180053576,18.078073743603202,0.03168178640044397,0.16624063092747898,0.6846698209068014,-0.05309262952368485,-8.73512162662575,0.5671862008590953,-4.836178183878176,-4.444892841524133,1.2934940532903894,-0.34877746300016815,0.388746730936875,-4.836178192812584,-2.03541982474951,-4.572207676022617,0.42408396248395125,-0.4331191069494569,Utilities—Regulated Electric,Utilities,EDN
2011Q3,2011,Q3,2011-09-30,2011-09-30,-52258000.0,771507000.0,-27047000.0,-1.04,390020000.0,0.505530085922746,6613484000.0,1977768000.0,995984000.0,1577470000.0,4635716000.0,23268000.0,0.0,1292474504.3439898,2764733504.34399,39.360073421317196,0.6313806284747095,0.22957203797574774,0.7676689075766218,-0.005798815248559519,39.360073421317196,-0.02642271489881523,1.6752595949796825,-6.183141836388638,0.6535015756873355,0.0,16.395349836685575,0.0,0.11665666689448406,0.6166304272030529,-0.00790173530320781,-14.368331287939144,0.505530085922746,0.4456289978678038,-1.5902201268215446,0.8527065377108342,0.0,0.03373788402055708,0.41228336538569677,0.632897647841253,-3.090572344688155,0.44101873746712117,-0.11717798726058468,Utilities—Regulated Electric,Utilities,EDN
2011Q2,2011,Q2,2011-06-30,2011-06-30,-88917000.0,734087000.0,-73677000.0,-1.876,377291000.0,0.513959517059967,6366767000.0,2013677000.0,982517000.0,1404131000.0,4124450000.0,18883000.0,0.0,1948491976.5952034,3436416976.5952034,42.48521671843282,0.699733144557025,0.24020558628892813,0.7594728449498107,-0.015561141036313017,42.48521671843282,-0.04415653553176602,2.654306610245384,-5.478401139813544,0.9676288583497769,0.0,18.895090822432877,0.0,0.11529980600829275,0.6856767637777387,-0.013965800853086033,-64.38528819334512,0.513959517059967,-1.976181033033071,-2.0646259377317633,0.8688156040867969,0.0,0.28165923288843897,-2.1450551782682514,-2.835683675503289,-3.2009652234258414,0.5367992598312282,-0.052486175911232336,Utilities—Regulated Electric,Utilities,EDN
2011Q1,2011,Q1,2011-03-31,2011-03-31,-28272000.0,592120000.0,40136000.0,-0.630338,294377000.0,0.49715767074241707,5414641000.0,2079906000.0,681107000.0,831374000.0,3334735000.0,12834000.0,0.0,1899633205.8097203,3307501205.80972,46.3725134124065,0.8192546314895582,0.2622535824628078,0.6827274886461215,0.009481634624923511,46.3725134124065,-0.013592921987820604,3.2081895659827744,-16.797831828396646,0.9133264704317023,0.0,23.199548075424655,0.0,0.10935535707722821,0.8038175357901498,-0.00522139879633756,17.4773735250363,0.49715767074241707,0.5787752606590438,-1.3575542075989102,0.592259268568708,0.0,0.13478996650103503,0.6013929815162068,2.2618605967239915,-2.5038111752127614,0.31320015884905683,0.05435370660148682,Utilities—Regulated Electric,Utilities,EDN
2010Q4,2010,Q4,2010-12-31,2010-12-31,-70927000.0,521694000.0,-31807000.0,-1.4964410708312628,259411000.0,0.4972474285692379,5031730000.0,2108178000.0,1153804000.0,786499000.0,2923552000.0,12407000.0,186917000.0,2559865237.4577503,3640475237.4577503,44.47902976049896,1.4670126726162398,0.21647047834442626,0.5166646269907,-0.007405103934042301,44.47902976049896,-0.03364374355486112,4.906832812832332,-9.022887043924564,1.2142547913211077,0.0,21.139921012331747,0.0,0.10368084138059872,1.4512377002386525,-0.014095947119579151,-46.11123547613708,0.4972474285692379,-38.84662921348315,-0.6779870893974865,0.4627983631596799,0.3446294065233268,-0.5535594124581588,-38.84662921348315,-1.9365743058213833,-2.290570407782107,0.04126365207491772,0.020931614592059278,Utilities—Regulated Electric,Utilities,EDN
2010Q3,2010,Q3,2010-09-30,2010-09-30,-1780000.0,561032000.0,33961000.0,-0.03755502285560714,581065000.0,1.0357074106289836,4602428000.0,2179105000.0,769930000.0,758410000.0,2423323000.0,18428000.0,0.0,1468537260.96896,2230763260.96896,45.97547083133022,1.0151896731319472,0.16750006735575224,0.3537723056025295,-0.005078473030503085,45.97547083133022,-0.0008168491192484988,2.6175641691899214,-206.2552332821573,0.6739176225876954,0.0,-1.0870957238984154,0.0,0.1218991367165331,0.9810880658219169,-0.0003867523837417989,16.013884464897497,1.0357074106289836,0.7170561119058974,0.9582910445922289,0.5581219235558803,0.0,20.491630606152093,0.7170561119058974,-0.14281026780080264,0.9620764140080423,0.22732226688739718,0.08441750140044767,Utilities—Regulated Electric,Utilities,EDN
2010Q2,2010,Q2,2010-06-30,2010-06-30,-6291000.0,517421000.0,39619000.0,-0.13272957796889018,-29811000.0,-0.05761459237255542,4517858000.0,2180885000.0,760775000.0,733831000.0,2336973000.0,17393000.0,0.0,1178351225.35128,1956252225.35128,46.01302585418583,1.0367169007578039,0.1739076349898558,0.36026200372784445,0.0653321414465045,46.01302585418583,-0.002884608771209853,2.277354852917218,-46.82686478108727,0.5403087395031283,0.0,31.46277237969298,0.0,0.11452794665082434,1.013015258281539,-0.0013924740441155965,-42.507529502950106,-0.05761459237255542,-2.1060798164074184,0.852659411235206,0.43634515238963484,0.0,-1.1016635292191848,-2.26655929132273,-0.24824484839285035,-1.7267189117388462,0.12843079077569672,0.061702828542876696,Utilities—Regulated Electric,Utilities,EDN
2010Q1,2010,Q1,2010-03-31,2010-03-31,4967000.0,573497000.0,52702000.0,0.12,293232000.0,0.5113052029914716,4493157000.0,2187176000.0,793604000.0,810172000.0,2305981000.0,20161000.0,0.0,1221985741.59945,2026824741.59945,48.764150108367204,0.9795500214769209,0.18088551101152264,0.3715965244680812,0.005025003416012911,48.764150108367204,0.00227096493377762,2.130762221248673,61.5052215421507,0.5587048054657925,0.0,13.901344179356183,0.0,0.12763787243579514,0.9546651822082225,0.0011054588121447793,9.422359022279668,0.5113052029914716,0.21687091142490372,1.1222298136646602,0.6727394303383526,0.0,0.1260397066164894,0.06268720581942662,1.2178176156209233,-0.9568902246330052,-0.1542312215572159,0.14050980773393468,Utilities—Regulated Electric,Utilities,EDN
2009Q4,2009,Q4,2009-12-31,2009-12-31,4674000.0,499615000.0,23763000.0,0.0986135824871392,260410000.0,0.5212213404321328,4370741000.0,2182209000.0,693560000.0,760273000.0,2188532000.0,14854000.0,260948000.0,1408033886.79352,2189835886.79352,46.04096003972562,0.9122512571142208,0.1808588063213995,0.36224165513019146,0.004909053389268144,46.04096003972562,0.0021418663381921714,2.8182378167059037,75.31203930217801,0.6452332873677636,0.0,16.103743099501816,0.0,0.11430899245688546,0.8317906857142106,0.0010693838870800168,313.2444686971123,0.5212213404321328,-0.481358189081225,1.110577236536775,0.40089018507022023,0.3918475539446207,-0.04667943081186553,-0.481358189081225,-0.5076454500248633,-0.9440306102984192,0.2720854642723282,0.14611105417511988,Utilities—Regulated Electric,Utilities,EDN
2009Q3,2009,Q3,2009-09-30,2009-09-30,9012000.0,518056000.0,48264000.0,0.19013812695209636,273161000.0,0.5272808345043779,4351042000.0,2177535000.0,763765000.0,910797000.0,2173507000.0,20100000.0,0.0,1400820992.7675598,2324125992.76756,45.94234645723848,0.8385677598850237,0.21385658883550193,0.4273175861696827,0.005070303043960567,45.94234645723848,0.004138624637491476,2.703995307008431,38.85988106878495,0.6433058448050478,0.0,12.183830845771144,0.0,0.11906481252077089,0.8164991759964075,0.0020712279955008477,8.15383670898876,0.5272808345043779,-0.8076619357592574,1.211169160749906,0.4387671491638002,0.0,0.06441154809824222,-0.8076619357592573,0.09049006981630854,-0.8920929331008883,0.31889719732204624,0.0,Utilities—Regulated Electric,Utilities,EDN
2009Q2,2009,Q2,2009-06-30,2009-06-30,46855000.0,508265000.0,44259000.0,0.9885621325277936,256631000.0,0.5049157427719791,4327175000.0,2168523000.0,696228000.0,818731000.0,2158652000.0,7714000.0,0.0,967875489.245588,1925555489.2455878,45.752208330286386,0.8503745430428309,0.22314627903886486,0.44527680822384635,0.008599503100195744,45.752208330286386,0.021606872511843313,1.904273340178033,5.164206003871454,0.4463293630021853,0.0,32.6204303863106,0.0,0.11745885017361211,0.8409526450079452,0.010828080676191742,39.39257180486723,0.5049157427719791,0.4537678419526375,2.0973840862461324,0.4109283714408921,0.0,-0.09731054956805583,0.5565410936150422,-0.4027609100477694,-0.4389931249095025,0.29392505658208895,0.0,Utilities—Regulated Electric,Utilities,EDN
2009Q1,2009,Q1,2009-03-31,2009-03-31,30102000.0,551924000.0,74106000.0,0.68,284296000.0,0.5150999050593922,4133091000.0,2121668000.0,624621000.0,718989000.0,2011423000.0,12230000.0,0.0,650417332.4181,1557568332.4180999,47.303617464767,0.8687490351034578,0.2236319016445561,0.43564355968982893,0.012670809036799513,47.303617464767,0.014187893676107666,1.1784545198579877,5.401778390290512,0.3065594298533512,0.0,21.882910874897792,0.0,0.13353782919369547,0.8517390391229908,0.007283168940630632,10.332613147647264,0.5150999050593922,-0.5997938760404629,1.7407613953963363,0.6098166814300071,0.0,-0.15087616595631564,-0.6091106234336247,-0.3675559424445696,-0.6193018973846068,0.4841689261391534,0.0,Utilities—Regulated Electric,Utilities,EDN
2008Q4,2008,Q4,2008-12-31,2008-12-31,77009000.0,604847000.0,117174000.0,1.699124424364759,334811000.0,0.5535465993879444,4134630000.0,2091566000.0,632608000.0,669078000.0,2043064000.0,16705000.0,170305000.0,615628045.716,1590114045.716,46.14825378554327,0.9454921548758142,0.23715471517403008,0.4688099730058722,0.03206740277073682,46.14825378554327,0.03681882379040394,1.017824417937098,1.9985587584438183,0.2943383310476456,0.0,16.16498054474708,0.0,0.14628805963290548,0.9205249612152843,0.018625366719633923,3.7973134165381626,0.5535465993879444,7.683072589470542,2.905259687760528,0.7735760897082731,0.39509111223578136,0.2943357275953517,7.68306864531806,0.5824060069144339,2.905259687760528,0.7735760897082731,0.39509111223578136,Utilities—Regulated Electric,Utilities,EDN
2008Q3,2008,Q3,2008-09-30,2008-09-30,-11523000.0,482911000.0,74048000.0,-0.254243,258674000.0,0.535655638409562,4002650000.0,2020687000.0,580217000.0,581688000.0,1981963000.0,18100000.0,0.0,921148737.1709999,1997561737.171,44.58438150990601,0.997471152920466,0.2702974279539805,0.535414935613482,0.15389678030834814,44.58438150990601,-0.00570251602549034,1.907491726572805,-19.985002542111427,0.4558591890634224,0.0,12.38878453038674,0.0,0.1206478208187076,0.9663548156399995,-0.002878842766667083,11.105938332461237,0.535655638409562,-1.298283692319966,0.7176352082435079,0.40254425588898635,0.0,0.1185854331440729,-1.2982837617457483,0.5575280804341425,0.7176352082435079,0.40254425588898635,0.0,Utilities—Regulated Electric,Utilities,EDN
2008Q2,2008,Q2,2008-06-30,2008-06-30,38631000.0,456767000.0,47542000.0,0.852353,231251000.0,0.5062778177933169,3932928000.0,2032210000.0,539213000.0,575893000.0,1900718000.0,19772000.0,0.0,1560526812.9621,2541926812.9621,44.83862465995282,0.9363076126988867,0.25106688960489487,0.4858887614961052,0.010498626790815594,44.83862465995282,0.019009354348221888,3.416461375191509,10.098928405698146,0.7678964344049583,0.0,11.405826421201699,0.0,0.11613917162989,0.9019748460217436,0.009822452890060535,-220.53541814444645,0.5062778177933169,1.0301853086890245,1.946181248100436,0.3260049720794785,0.0,-0.039578128885960406,1.0334780892222661,-0.2588361297587868,1.946181248100436,0.3260049720794785,0.0,Utilities—Regulated Electric,Utilities,EDN
2008Q1,2008,Q1,2008-03-31,2008-03-31,18997500.0,455629707.5,64145058.75,0.41984,240780647.5,0.5284568664785757,3885061573.75,1993382345.0,510120870.0,537790728.75,1891679228.75,16337850.0,-69606840.0,2820378571.49727,3837985991.49727,43.981932364879405,0.9485490223784375,0.26404476525704895,0.5146178673765669,0.01104433838550905,43.981932364879405,0.009530284066000394,6.190067339929256,37.11512793127083,1.4148708493238262,0.0,13.150387596899225,0.0,0.11727734524943705,0.9181753419173275,0.004889883889707039,-178.2239036315526,0.5284568664785757,-0.6379188659248337,1.462643232789394,0.31515199413733447,0.0,-0.07983228805761676,-0.6385050492624282,-0.1823685742256763,1.462643232789394,0.31515199413733447,0.0,Utilities—Regulated Electric,Utilities,EDN
2007Q4,2007,Q4,2007-12-31,2007-12-31,52552601.25,479092600.0,78452291.25,1.1595191256577408,261670393.75,0.5461791598325668,3847606000.0,1974581000.0,496341000.0,539565000.0,1873025000.0,23174000.0,0.0,3110654773.0169997,4085547773.0169997,43.56710001410991,0.9198910233243446,0.2542755157362786,0.49547321684954937,0.019734242668977317,43.56710001410991,0.026614558354405314,6.492804883684281,14.797815422205193,1.575349288287996,0.0,9.382161312246483,0.0,0.12451706333756626,0.8769416103713177,0.013658519414409896,-100.11052556511518,0.5461791598325668,2.1598438819446852,2.300190271897811,0.40482994892290086,0.3170611893144378,0.259288150509516,2.170898588992215,1.7888265435210866,2.300190271897811,0.40482994892290086,0.3170611893144378,Utilities—Regulated Electric,Utilities,EDN
2007Q3,2007,Q3,2007-09-30,2007-09-30,-44882282.5,437112623.75,28130932.5,-0.99972,207792310.0,0.47537476318424443,3813435381.25,1921524687.5,550508557.5,518309440.0,1891910693.75,20920295.0,-87802893.75,3404181431.87982,4438605633.12982,42.396467017505884,1.0621233475894245,0.2725814242483042,0.5409619008603032,0.01522257908602954,42.396467017505884,-0.023357640311347808,7.7878817652880015,-18.961721877000237,1.7716043171471458,0.0,10.961619506321494,0.0,0.11462436885628295,1.0174110614307932,-0.011769514365099352,43.21039255948599,0.47537476318424443,-6.476717431795771,-0.09981570352065869,0.2695295812626472,0.0,-0.007495845018705133,-6.421973398889809,-0.48730320125981086,-0.09981570352065869,0.2695295812626472,0.0,Utilities—Regulated Electric,Utilities,EDN
2007Q2,2007,Q2,2007-06-30,2007-06-30,8277850.0,438463506.25,54868555.0,0.18254,209361652.5,0.47748934521503295,3751654436.25,1964238053.75,526823377.5,431365558.75,1787416382.5,9680142.5,-42884205.0,2853296080.548975,3872910988.048975,43.338893537032334,1.2212921658062252,0.2729456726759585,0.5213206422689183,0.00429959591239162,43.338893537032334,0.004214280435203079,6.507488171483313,86.1726197185554,1.4526223413204125,0.0,23.667198468410977,0.0,0.11687203970957148,1.1951137429559564,0.0022064532170170234,81.99784653837452,0.47748934521503295,-0.9286802684941355,1.2027477011878593,0.27286951413499994,0.0,-0.4945395245029046,-0.9225016577413931,-0.7956289726374646,1.2027477011878593,0.27286951413499994,0.0,Utilities—Regulated Electric,Utilities,EDN
2007Q1,2007,Q1,2007-03-31,2007-03-31,106813252.5,628617172.5,268475212.5,2.55946,414199848.75,0.6589063532940631,3654699075.0,1777834980.0,393350145.0,410847397.5,1876864095.0,9638685.0,-50972145.0,2271408124.6425,3407985237.1425,42.756449596217074,0.9574117966756744,0.3114445971861582,0.6402373077674509,0.057910595582312305,42.756449596217074,0.060080521365374416,3.613340875829319,5.316306898908682,1.2776259608990819,0.0,22.245495495495497,0.0,0.1720024438674202,0.9289919835746313,0.02922627836328768,290.2960637530128,0.6589063532940631,0.45265399098841497,3.835315485272523,0.9777739176163177,0.0,0.0,0.45797193045879486,1.135882573594345,3.835315485272523,0.9777739176163177,0.0,Utilities—Regulated Electric,Utilities,EDN
