Quarters,Year,Quarter,FillingDate,Date,NetIncome,Revenue,OperatingIncome,EPSDiluted,GrossProfit,GrossProfitRatio,TotalAssets,CommonStockEquity,CurrentAssets,CurrentLiability,TotalLiability,Inventory,RetainedEarnings,MarketCap,EnterpriseValue,bookValuePerShare,currentRatio,debtToAssets,debtToEquity,roic,shareholdersEquityPerShare,roe,priceToSalesRatio,peRatio,pbRatio,payoutRatio,inventoryTurnover,dividendYield,assetTurnover,quickRatio,returnOnAssets,priceToFreeCashFlowsRatio,grossProfitMargin,epsdilutedGrowth,fiveYNetIncomeGrowthPerShare,fiveYRevenueGrowthPerShare,fiveYShareholdersEquityGrowthPerShare,grossProfitGrowth,netIncomeGrowth,operatingIncomeGrowth,threeYNetIncomeGrowthPerShare,threeYRevenueGrowthPerShare,threeYShareholdersEquityGrowthPerShare,Industry,Sector,Symbol
2023Q1,2023,Q1,2023-05-11,2023-03-31,-2915000.0,6595000.0,-2534000.0,-0.0356,1474000.0,0.2235026535,73057000.0,22596000.0,21822000.0,5766000.0,50461000.0,8804000.0,-260988000.0,170546051.52,181509051.52,0.2755835129638773,3.784599375650364,0.20274580122370203,0.6555142503097894,-0.05396861603485153,0.2755835129638773,-0.1290051336519738,25.859901670962852,-14.626591039451114,7.5476213276686135,0.0,0.5816674238982281,0.0,0.0902719794133348,2.085848074921956,-0.039900351780116895,-295.06237287197234,0.22350265352539803,-2.913978494623656,0.27811470811102196,-0.5050635181151384,-0.5341880304983165,-0.5678686602169452,-2.962962962962963,-4.345991561181434,-0.34100753895923264,-0.3829344261372741,-0.2064492142212989,Electronic Components,Technology,EMAN
2022Q4,2022,Q4,2023-03-10,2022-12-31,1485000.0,8393000.0,-474000.0,0.0186,3411000.0,0.4064101037,73107000.0,23795000.0,23926000.0,6961000.0,49312000.0,8709000.0,-258367000.0,67138950.0,78720950.0,0.3012521047767354,3.4371498347938516,0.2178724335562942,0.6693843244379071,-0.01595105632436756,0.3012521047767354,0.062408068922042446,7.999398308113904,11.302853535353535,2.821557049800378,0.0,0.5720519003329889,0.0,0.11480432790293679,2.0571756931475362,0.02031269235504124,-47.853848895224516,0.4064101036578101,3.4473684210526314,2.260196996624936,-0.4210655259146694,-0.3973660992711264,0.19474605954465848,3.5559380378657486,-4.448275862068965,5.500909329924146,-0.2854751318982948,-0.16096176363730388,Electronic Components,Technology,EMAN
2022Q3,2022,Q3,2022-11-10,2022-09-30,-581000.0,7621000.0,-87000.0,-0.0076,2855000.0,0.3746227529,59960000.0,20471000.0,20349000.0,6453000.0,39489000.0,8334000.0,-259175000.0,45360495.236999996,57143495.236999996,0.2667158049485208,3.1534170153417014,0.260923949299533,0.7642518684968981,-0.002965034449820603,0.2667158049485208,-0.028381613013531336,5.952039789660149,-19.51828538597246,2.215841690049338,0.0,0.5718742500599951,0.0,0.12710140093395597,1.682163334883,-0.009689793195463642,-23.67457997755741,0.3746227529195644,0.48299319727891155,0.9115185928623208,-0.18865480200171006,-0.5240705022568097,0.8196303377947738,0.46599264705882354,0.9514508928571429,-0.18170426803035158,-0.38342651545745715,-0.2566217509465035,Electronic Components,Technology,EMAN
2022Q2,2022,Q2,2022-08-11,2022-06-30,-1088000.0,7159000.0,-1792000.0,-0.0147,1569000.0,0.2191646878,57455000.0,19106000.0,19839000.0,7491000.0,38349000.0,7661000.0,-258841000.0,48031887.800000004,58687887.800000004,0.2585553174947248,2.6483780536643975,0.26013401792707336,0.7822673505705015,-0.028862219000992423,0.2585553174947248,-0.05694546215848425,6.709301271127253,-11.036738924632354,2.5139687951428873,0.0,0.7296697559065396,0.0,0.12460186232703856,1.4677613135762915,-0.018936559046210076,-20.258071615352176,0.21916468780555945,-2.204918032786885,0.7858308357093698,-0.39183626128006704,-0.6191228365915645,-0.3696263559662515,-2.2210998877665546,-0.5381974248927038,0.692437535096552,-0.1177946136805507,-0.2906520188749901,Electronic Components,Technology,EMAN
2022Q1,2022,Q1,2022-05-12,2022-03-31,891000.0,7358000.0,-1165000.0,0.0122,2489000.0,0.3382712694,58272000.0,18732000.0,21233000.0,9813000.0,39540000.0,8167000.0,-257401000.0,83032617.05999999,93556617.05999999,0.25718182512023063,2.16376235605829,0.24679091158704008,0.7677236814008115,0.16475497575057665,0.25718182512023063,0.047565663036515056,11.284672065778743,23.297591767676764,4.432661598334401,0.0,0.5961797477653973,0.0,0.12626990664470072,1.1462345867726484,0.015290362438220758,-137.9279353156146,0.33827126936667573,-0.023999999999999994,1.1935559181760278,-0.4735171958259136,-0.5653073705347994,0.4182336182336182,-0.029411764705882353,-1.8503649635036497,1.3839186504240144,-0.25355341050285546,-0.30546800126215434,Electronic Components,Technology,EMAN
2021Q4,2021,Q4,2022-03-10,2021-12-31,918000.0,7212000.0,1370000.0,0.0125,1755000.0,0.243344426,51368000.0,18244000.0,20735000.0,8937000.0,33124000.0,7632000.0,-257264000.0,93606270.0,102750270.0,0.25142290147871504,2.3201297974711874,0.28944089705653325,0.8149528612146459,0.023895864601424746,0.25142290147871504,0.050317912738434556,12.979238768718801,25.491903594771244,5.130797522473142,0.0,0.7150157232704403,0.0,0.14039869179255568,1.2986460781022715,0.017871048123345272,-37.30819848545237,0.24334442595673877,1.25,1.1105041760871486,-0.3394639946863259,-0.6277544346141309,2.13953488372093,-0.29709035222052066,1.4135224871717476,1.232286492011146,-0.1743500242386842,-0.3682635177760105,Electronic Components,Technology,EMAN
2021Q3,2021,Q3,2021-11-12,2021-09-30,1306000.0,5782000.0,-3313000.0,-0.05,559000.0,0.09667934970598409,52359000.0,16756000.0,22971000.0,11862000.0,35603000.0,7917000.0,-258408000.0,163912102.54,171351102.54,0.23102967635204857,1.9365199797673243,0.2822055425046315,0.8818333731200764,-0.07475855221590397,0.23102967635204857,0.07794222964908093,28.348686015219645,31.37674244640122,9.782293061589877,0.0,0.6597195907540735,0.0,0.110429916537749,1.1009104704097117,0.024943180733016292,-18.079870123538495,0.09667934970598409,-11.983640612827838,1.2244732784109074,-0.439038988333016,-0.7061352380019934,-0.021015761821366025,5.697841726618705,-0.1396628826969384,11.90491290937806,-0.47584046502364574,-0.486919601283985,Electronic Components,Technology,EMAN
2021Q2,2021,Q2,2021-08-12,2021-06-30,-278000.0,6279000.0,-2907000.0,-0.003851,571000.0,0.09093804745978659,50623000.0,15031000.0,24964000.0,15984000.0,35592000.0,8133000.0,-259714000.0,251232353.4,253850353.4,0.20820519050234715,1.5618118118118118,0.2604744878810027,0.8772536757368106,-0.07090589784867554,0.20820519050234715,-0.018495110105781386,40.011523076923076,-225.92837535971222,16.714280713192736,0.0,0.7018320422968154,0.0,0.12403452975920036,0.9099724724724725,-0.005491574975801513,-51.39778097381342,0.09093804745978659,0.9614900000000001,0.9477046848058456,-0.5380392707188769,-0.7156183402201716,-0.6656908665105387,0.962320412035782,-0.4846782431052094,0.9657031600900408,-0.4447282102102988,-0.5316445004104723,Electronic Components,Technology,EMAN
2021Q1,2021,Q1,2021-05-13,2021-03-31,-7378000.0,6773000.0,-1958000.0,-0.1,1708000.0,0.25217776465377234,49055000.0,14301000.0,26778000.0,18506000.0,34754000.0,8413000.0,-259436000.0,262818409.48000002,265108409.48000002,0.20350834671674767,1.4469901653517778,0.2649067373356437,0.9086777148451157,-0.04883645524156337,0.20350834671674767,-0.5159079784630446,38.80384017126828,-8.905476059907835,18.37762460527236,0.0,0.6020444550101034,0.0,0.13806951381102844,0.8429158110882957,-0.1504026093160738,-91.79825689137269,0.25217776465377234,-1.0,-221.39310464028912,-0.595416296525631,-0.746439799119013,0.35233570863024544,-0.9849340866290018,0.1745362563237774,-1.1318784459182272,-0.40692461934445595,-0.65601489445203,Electronic Components,Technology,EMAN
2020Q4,2020,Q4,2021-03-19,2020-12-31,-3717000.0,7682000.0,-2372000.0,-0.05,1263000.0,0.1644103098151523,47636000.0,16240000.0,26328000.0,14266000.0,31396000.0,8379000.0,-252058000.0,111573000.0,119958000.0,0.2401656314699793,1.8455067993831487,0.35057519523049796,1.0283251231527093,-0.05178926224318246,0.2401656314699793,-0.22887931034482759,14.523952095808383,-7.504237288135593,6.870258620689655,0.0,0.7660818713450293,0.0,0.16126458980602906,1.044090845366606,-0.07802922159711143,-26.724071856287424,0.1644103098151523,0.1666666666666666,0.33487417259773483,-0.5649259792210003,-0.7361670644518076,-0.25354609929078015,-0.052676295666949875,-0.27116827438370844,-2.6845546333975867,-0.38103378585940756,-0.5195653440462076,Electronic Components,Technology,EMAN
2020Q3,2020,Q3,2020-11-12,2020-09-30,-3531000.0,7311000.0,-1866000.0,-0.06,1692000.0,0.23143208863356585,36662000.0,19947000.0,25221000.0,10716000.0,16715000.0,8133000.0,-248341000.0,73324720.0,68761720.0,0.34548635166966885,2.3535834266517357,0.15601985707271834,0.28675991377149446,-0.06449160157600055,0.34548635166966885,-0.1770191006166341,10.02936944330461,-5.191498159161711,3.6759773399508697,0.0,0.6908889708594614,0.0,0.19941628934591676,1.2590518850317283,-0.09631225792373575,-31.728567719601905,0.23143208863356585,-0.1999999999999999,0.3077232501511217,-0.4075573950016772,-0.5604886461121097,-0.1437246963562753,-0.2472624514305899,-0.39775280898876403,0.28514621643698707,0.034699184181398064,-0.3835118025382523,Electronic Components,Technology,EMAN
2020Q2,2020,Q2,2020-08-13,2020-06-30,-2831000.0,7700000.0,-1335000.0,-0.05,1976000.0,0.25662337662337664,32712000.0,16945000.0,21407000.0,9367000.0,15767000.0,8470000.0,-244810000.0,44785265.5497,45200265.5497,0.29856470282980313,2.2853635101953667,0.17920029347028613,0.3459427559752139,-0.05078749144031043,0.29856470282980313,-0.16706993213337268,5.8162682532077925,-3.9548980527817026,2.6429781970905872,0.0,0.6757969303423849,0.0,0.23538762533626803,1.232838689014626,-0.0865431645879188,140.83416839528303,0.25662337662337664,-0.6666666666666669,-18.001988638153964,-0.5150561216208138,-0.6573569232220349,0.37796373779637377,-1.0679327976625275,0.006696428571428571,0.27442701374102946,-0.14832857924012482,-0.5601851154733338,Electronic Components,Technology,EMAN
2020Q1,2020,Q1,2020-05-14,2020-03-31,-1369000.0,6731000.0,-1344000.0,-0.03,1434000.0,0.21304412420145594,29114000.0,17933000.0,17510000.0,8298000.0,11181000.0,8821000.0,-241979000.0,11050659.972,13777659.972,0.34727898693144227,2.1101470233791275,0.2014494744796318,0.3270506886745107,-0.0489225393127548,0.34727898693144227,-0.07633970891652261,1.6417560499182884,-2.018016795471147,0.6162192590196843,0.0,0.6004988096587689,0.0,0.23119461427491927,0.8851530489274524,-0.047022051246822835,-8.991586633034988,0.21304412420145594,-6.21674284339668,-3.074613912106986,-0.4549841988659902,-0.5979498345924512,-0.4641255605381166,-5.645631067961165,-9.752,0.5805292993054735,-0.32068151785711707,-0.413023778345662,Electronic Components,Technology,EMAN
2019Q4,2019,Q4,2020-03-11,2019-12-31,-206000.0,7334000.0,-125000.0,-0.004157,2676000.0,0.36487592037087535,29587000.0,17707000.0,17598000.0,8789000.0,11880000.0,8832000.0,-240610000.0,16955184.6,20197184.6,0.35904454853296025,2.0022755717373992,0.22837732788048806,0.38160049697859605,-0.004412283798093893,0.35904454853296025,-0.011633817134466595,2.311860458140169,-20.576680339805826,0.9575413452306997,0.0,0.5274003623188406,0.0,0.24787913610707404,0.8688132893389464,-0.006962517321796735,-190.50769213483147,0.36487592037087535,0.351062303615873,0.9330404053822516,-0.44809770727473697,-0.5749946297873523,0.07426736250501806,0.346031746031746,0.682741116751269,0.9635143733760726,-0.011673904126239757,-0.46841461067666235,Electronic Components,Technology,EMAN
2019Q3,2019,Q3,2019-11-07,2019-09-30,-315000.0,7919000.0,-394000.0,-0.006405853787139742,2491000.0,0.3145599191817149,28781000.0,17643000.0,16454000.0,7908000.0,11138000.0,8447000.0,-240404000.0,19094176.0559,22483176.0559,0.3587888202111317,2.080677794638341,0.09457628296445572,0.1542821515615258,-0.016203989307012133,0.3587888202111317,-0.01785410644448223,2.4111852577219346,-15.154107980873016,1.082252227846738,0.0,0.6425950041434829,0.0,0.27514679823494664,0.8596358118361154,-0.010944720475313575,-8.905865697714551,0.3145599191817149,0.8718829242572051,0.8463896975753336,-0.2979933408771986,-0.6007806276203684,10.071111111111112,0.865211810012837,0.861851332398317,0.9201451908264339,0.1331671686628637,-0.5436283644434282,Electronic Components,Technology,EMAN
2019Q2,2019,Q2,2019-08-14,2019-06-30,-2337000.0,5361000.0,-2852000.0,-0.05,225000.0,0.041969781757134866,28661000.0,17794000.0,15723000.0,7451000.0,10867000.0,8368000.0,-240088000.0,22944431.799999997,24304431.799999997,0.36449715002312677,2.1101865521406524,0.057534628938278494,0.09267168708553444,-0.12103721936935025,0.36449715002312677,-0.1313364055299539,4.279879089722066,-2.4544749465126228,1.289447667753175,0.0,0.6137667304015296,0.0,0.1870486026307526,0.8668635082539257,-0.08153937406231464,-15.41964502688172,0.041969781757134866,-0.6666666666666669,-0.09463981366247073,-0.6253794021087655,-0.621973948653887,-0.8315868263473054,-0.6240444753300903,-0.2963636363636364,0.34987992804623913,-0.4167197709042544,-0.5021435140089584,Electronic Components,Technology,EMAN
2019Q1,2019,Q1,2019-05-09,2019-03-31,-1439000.0,6112000.0,-2200000.0,-0.03,1336000.0,0.21858638743455497,29795000.0,16723000.0,16844000.0,9510000.0,13072000.0,8827000.0,-237751000.0,36074824.8724,39389824.8724,0.37029514203463665,1.7711882229232387,0.10773619734854842,0.19195120492734558,-0.09102192800992967,0.37029514203463665,-0.08604915385995336,5.902294645353403,-6.2673427505906885,2.157198162554565,0.0,0.5410671802424379,0.0,0.20513508978016445,0.7594111461619348,-0.04829669407618728,-14.435704230652261,0.21858638743455497,0.449169780398536,0.5317331291492307,-0.48740638669962316,-0.6161092335295948,3.8365180467091293,0.414802765351769,0.47731052506533617,-67.88645072389471,-0.43189493573366977,-0.5386326304825254,Electronic Components,Technology,EMAN
2018Q4,2018,Q4,2019-03-28,2018-12-31,-2459000.0,5435000.0,-4209000.0,-0.05446324281501033,-471000.0,-0.08666053357865686,25416000.0,17969000.0,16226000.0,7447000.0,7447000.0,8582000.0,-236312000.0,46504208.51,43145208.51,0.39798699070472576,2.1788639720692897,0.0,0.0,-0.23423674105403752,0.39798699070472576,-0.1368467916968112,8.556432108555658,-4.727959384912566,2.588024292392454,0.0,0.688184572360755,0.0,0.21384167453572553,0.9089566268295958,-0.0967500786905886,-16.426777997174142,-0.08666053357865686,-46.6523410016851,0.8516065518448992,-0.5342380063220514,-0.6066712099605942,-1.1979823455233292,-40.03174603174603,-2.3672,0.3409931728931729,-0.538991926709328,-0.5627930798218967,Electronic Components,Technology,EMAN
2018Q3,2018,Q3,2018-11-08,2018-09-30,63000.0,6867000.0,-1250000.0,0.001193,2379000.0,0.34643949322848405,29404000.0,20330000.0,20523000.0,9074000.0,9074000.0,8719000.0,-233853000.0,67724575.5,61534575.5,0.45027967727904034,2.2617368305047387,0.0,0.0,-0.06148548942449582,0.45027967727904034,0.003098868666994589,9.862323503713412,268.7483154761905,3.331262936546975,0.0,0.5147379286615438,0.0,0.23353965446877975,1.2050914701344502,0.0021425656373282548,-26.992656636110002,0.34643949322848405,1.0108454545454546,1.0072593198220483,-0.4300235331821211,-0.6684739207999606,21.443396226415093,1.0124383020730503,0.6570644718792867,1.0157948038798603,-0.28841267094000644,-0.42717554649355555,Electronic Components,Technology,EMAN
2018Q2,2018,Q2,2018-08-09,2018-06-30,-5065000.0,7066000.0,-3645000.0,-0.11,106000.0,0.015001415227851684,30359000.0,20054000.0,21620000.0,10305000.0,10305000.0,7814000.0,-233916000.0,81200291.4,72537291.4,0.44454520270354597,2.0980106744298883,0.0,0.0,-0.18175925002493268,0.44454520270354597,-0.25256806622120276,11.491691395414662,-4.007911717670287,4.049082048469133,0.0,0.890708983875096,0.0,0.23274811423301162,1.2703541969917516,-0.16683685233373957,-71.98607393617021,0.015001415227851684,-1.2,-1.6272157179237834,-0.4743233380691801,-0.7100164072090671,-0.9464646464646465,-1.4339259971167708,-0.4221615294576668,-41.77171477165861,-0.44012327055496003,-0.4898247027276449,Electronic Components,Technology,EMAN
2018Q1,2018,Q1,2018-05-10,2018-03-31,-2081000.0,6867000.0,-2563000.0,-0.05,1980000.0,0.28833551769331583,33041000.0,24999000.0,24528000.0,8042000.0,8042000.0,8947000.0,-228850000.0,61270024.05,51468024.05,0.5916196469976741,3.049987565282268,0.0,0.0,-0.10252410096403856,0.5916196469976741,-0.08324332973318933,8.922385910878113,-7.360646810427679,2.4508989979599183,0.0,0.5462166089191908,0.0,0.20783269271511154,1.798806267097737,-0.06298235525559154,-27.761678318985044,0.28833551769331583,-2.35148754789272,-6.65205074224658,-0.5503416098421724,-0.6183940224392361,0.11298482293423272,-2.9865900383141764,-0.4988304093567251,-4.85389885044651,-0.3204976791966451,-0.3150729359253529,Electronic Components,Technology,EMAN
2017Q4,2017,Q4,2018-03-30,2017-12-31,-522000.0,6422000.0,-1710000.0,-0.014918748551352362,1779000.0,0.27701650576144504,27307000.0,17491000.0,18428000.0,9816000.0,9816000.0,8640000.0,-226770000.0,57732724.5,58014724.5,0.499892396382575,1.8773431132844336,0.1394514227121251,0.21771196615402208,-0.05709674361398809,0.499892396382575,-0.029843919730146933,8.989835643101838,-27.64977227011494,3.3007103367446113,0.0,0.5373842592592593,0.0,0.23517779323982863,0.8618581907090465,-0.019115977588164208,-40.259919456066946,0.27701650576144504,0.834236127207196,-1.196504318009507,-0.4814185899133544,-0.6699205890394887,5.399280575539568,0.8255347593582888,0.42288221397232534,0.7608476571916004,-0.31883843411193497,-0.40827133050995096,Electronic Components,Technology,EMAN
2017Q3,2017,Q3,2017-11-09,2017-09-30,-2992000.0,4280000.0,-2963000.0,-0.09,278000.0,0.06495327102803738,25122000.0,19599000.0,16079000.0,5523000.0,5523000.0,9080000.0,-226248000.0,78688325.25,77644325.25,0.5604103259269709,2.91128010139417,0.03662128811400366,0.046941170467881016,-0.14440274867196257,0.5604103259269709,-0.15266085004336957,18.385122721962617,-6.574893486798128,4.014915314556865,0.0,0.4407488986784141,0.0,0.17036860122601705,1.062284990041644,-0.1190987978664119,-20.647684400419838,0.06495327102803738,-0.28571428571428553,-6.899202280963528,-0.6179550635134381,-0.6392712649179186,-0.7774219375500401,-0.3180616740088106,-0.4238346948582412,-1.0515264829164497,-0.4665172197292933,-0.37643915866727223,Electronic Components,Technology,EMAN
2017Q2,2017,Q2,2017-08-10,2017-06-30,-2270000.0,5260000.0,-2081000.0,-0.07,1249000.0,0.23745247148288973,28611000.0,22415000.0,19104000.0,6196000.0,6196000.0,8973000.0,-223256000.0,80897721.10000001,76028721.10000001,0.6788417430463316,3.0832795351839897,0.0,0.0,-0.09283961632835155,0.6788417430463316,-0.10127146999776936,15.379794885931561,-8.909440649779736,3.6090886058443012,0.0,0.4470076897358743,0.0,0.18384537415679283,1.4249515816655907,-0.07934011394219007,-27.146886275167788,0.23745247148288973,-0.16666666666666682,-3.796332459008545,-0.5646053972714562,-0.5487888890515802,-0.31298129812981296,-0.135567783891946,-0.05154118241536129,-0.5719822243626773,-0.4565734715103502,-0.29596194758605027,Electronic Components,Technology,EMAN
2017Q1,2017,Q1,2017-05-11,2017-03-31,-1999000.0,6069000.0,-1979000.0,-0.06,1818000.0,0.2995551161641127,26853000.0,18713000.0,17238000.0,8140000.0,8140000.0,7964000.0,-220986000.0,74328142.95,72028142.95,0.591640639126179,2.117690417690418,0.05399769113320672,0.07748623951263828,-0.09815007687348112,0.591640639126179,-0.10682413295569924,12.247181240731587,-9.295665701600802,3.9720057152781494,0.0,0.5337769964841788,0.0,0.22600826723271142,0.9826781326781326,-0.07444233418984843,-58.25089572884013,0.2995551161641127,0.4759140830449827,-2.2869214404911724,-0.26501922523115073,-0.5961379253091437,2.710204081632653,0.4235870818915802,0.47520551577830816,0.0711914841487429,-0.2732454860585221,-0.3866368940699081,Electronic Components,Technology,EMAN
2016Q4,2016,Q4,2017-03-29,2016-12-31,-3468000.0,4558000.0,-3771000.0,-0.11448504540744957,490000.0,0.1075032909170689,27213000.0,20460000.0,17951000.0,6753000.0,6753000.0,7435000.0,-218987000.0,65128156.9,61576156.9,0.6754221537013894,2.6582259736413447,0.06206592437437989,0.08255131964809384,-0.1702559934985778,0.6754221537013894,-0.16950146627565982,14.28875754716981,-4.694936339388697,3.1831943743890516,0.0,0.5471418964357767,0.0,0.16749347738213355,1.4032281948763512,-0.12743909161062728,-19.575640787496244,0.1075032909170689,-0.4310630675931196,-3.1769349301984873,-0.5673347628032468,-0.5429157847112055,-0.6177847113884556,-0.4271604938271605,-0.5550515463917526,0.6880679560725212,-0.4178116322241617,-0.33248326029260195,Electronic Components,Technology,EMAN
2016Q3,2016,Q3,2016-11-14,2016-09-30,-2430000.0,4305000.0,-2425000.0,-0.08,1282000.0,0.29779326364692216,27771000.0,23815000.0,18522000.0,3956000.0,3956000.0,7027000.0,-215519000.0,77547944.96000001,70668944.96000001,0.7861768617008107,4.682002022244691,0.0,0.0,-0.10186850108048635,0.7861768617008107,-0.10203653159773252,18.01345992102207,-7.978183637860082,3.2562647474280917,0.0,0.43019780845310945,0.0,0.1550178243491412,2.6587462082912032,-0.08750135032948039,-21.826046991274982,0.29779326364692216,-0.14285714285714277,-1.4495722821874035,-0.6029726281634137,-0.4260140834333973,-0.039700374531835204,-0.12292051756007394,-0.12424663885025498,0.5826635101155764,-0.4674164628537791,-0.42116389952917466,Electronic Components,Technology,EMAN
2016Q2,2016,Q2,2016-08-11,2016-06-30,-2164000.0,5533000.0,-2157000.0,-0.07,1335000.0,0.2412795951563347,26031000.0,21516000.0,16916000.0,4515000.0,4515000.0,5272000.0,-213088000.0,56425159.68,50325159.68,0.7321329746212958,3.746622369878184,0.0,0.0,-0.10025097601784719,0.7321329746212958,-0.10057631530024168,10.197932347731792,-6.5186182624768945,2.622474422755159,0.0,0.7962822458270106,0.0,0.2125542622258077,2.422591362126246,-0.08313165072413661,-19.127172772881355,0.2412795951563347,-189.67924528301887,-1.5416349026419818,-0.447649522769557,-0.14849580253825642,-0.5997001499250375,-155.57142857142858,-99.04545454545455,-0.7230070523914268,-0.36814234972909937,-0.5224185322657116,Electronic Components,Technology,EMAN
2016Q1,2016,Q1,2016-05-12,2016-03-31,14000.0,7001000.0,22000.0,0.000371,3335000.0,0.4763605199257249,28422000.0,23587000.0,19261000.0,4835000.0,4835000.0,4558000.0,-210924000.0,52604706.160000004,43554706.160000004,0.8026036657553682,3.9836608066184076,0.0,0.0,0.0009327171747148854,0.8026036657553682,0.0005935472930003816,7.513884610769891,939.3697528571429,2.2302414957391785,0.0,0.8043001316366828,0.0,0.2463232707057913,2.8868665977249224,0.000492576173386813,-235.89554331838568,0.4763605199257249,1.0046374999999999,1.0363583724627379,-0.0576616653651003,-0.3880252680549929,2.689159292035398,1.0065882352941176,1.0104612458392772,-0.945327304262545,-0.3408500673218357,-0.4823052986513919,Electronic Components,Technology,EMAN
2015Q4,2015,Q4,2016-03-17,2015-12-31,-2125000.0,6714000.0,-2103000.0,-0.08,904000.0,0.1346440274054215,28083000.0,23406000.0,18616000.0,4677000.0,4677000.0,3901000.0,-210938000.0,35997586.8,26724586.799999997,0.9102943533981561,3.9803292709001497,0.0,0.0,-0.08984875672904384,0.9102943533981561,-0.09078868666153977,5.361570866845398,-4.235010211764705,1.5379640604973084,0.0,1.4893617021276595,0.0,0.23907702168571734,3.0416933932007697,-0.0756685539294235,-26.066319188993482,0.1346440274054215,0.11111111111111106,-1.1606748386550434,-0.34800867813358494,-0.34301030791855286,-0.18264014466546113,0.048791405550581916,0.056104129263913824,-2.0885622923896334,-0.2622304325358275,-0.3989317978335697,Electronic Components,Technology,EMAN
2015Q3,2015,Q3,2015-11-12,2015-09-30,-2234000.0,5405000.0,-2228000.0,-0.09,1106000.0,0.20462534690101758,24860000.0,19878000.0,15013000.0,4982000.0,4982000.0,5787000.0,-208813000.0,60437959.11000001,55331959.11000001,0.7860692303248094,3.013448414291449,0.0,0.0,-0.11208371063487273,0.7860692303248094,-0.11238555186638495,11.181861074930621,-6.763424251342882,3.0404446679746453,0.0,0.742871954380508,0.0,0.2174175382139984,1.7049377759935769,-0.08986323411102172,-314.78103703125004,0.20462534690101758,-33.285714285714285,-1.6211184358588417,-0.4852496265231816,-0.04669488852968201,-0.575920245398773,-32.84848484848485,-36.13333333333333,-7.091591363527528,-0.3327596955921178,-0.4940176045596898,Electronic Components,Technology,EMAN
2015Q2,2015,Q2,2015-08-13,2015-06-30,-66000.0,7034000.0,-60000.0,-0.002625,2608000.0,0.37077054307648566,26325000.0,21908000.0,16225000.0,4417000.0,4417000.0,5464000.0,-206579000.0,66375859.440000005,60946859.440000005,0.8713577569911763,3.673307674892461,0.0,0.0,-0.002738725579696914,0.8713577569911763,-0.003012598137666606,9.436431538242822,-251.42371,3.029754402044915,0.0,0.8100292825768668,0.0,0.2671984805318139,2.3006565542223227,-0.0025071225071225073,-43.439698586387436,0.37077054307648566,-1.2625,-1.0556621317498363,-0.3491100481373155,0.30230514737729375,0.10508474576271186,-1.20625,-1.182370820668693,-1.1067753134417637,-0.23534834353130044,-0.42082774727263955,Electronic Components,Technology,EMAN
2015Q1,2015,Q1,2015-05-14,2015-03-31,320000.0,5989000.0,329000.0,0.01,2360000.0,0.3940557689096677,25952000.0,21630000.0,16158000.0,4322000.0,4322000.0,4795000.0,-206513000.0,61100967.199999996,54888967.199999996,0.863770287420262,3.738546968995835,0.0,0.0,0.015210355987055016,0.863770287420262,0.014794267221451687,10.202198564034061,47.735130625000004,2.8248251132686084,0.0,0.7568300312825861,0.0,0.2307721948212084,2.4678389634428504,0.012330456226880395,93.85709247311827,0.3940557689096677,1.1428571428571428,-0.7515427954558705,-0.30959540331690966,0.33335038517648696,0.5324675324675324,1.205655526992288,1.2106274007682458,1.6645897975158244,-0.08390541470299667,-0.41037846749491724,Electronic Components,Technology,EMAN
2014Q4,2014,Q4,2015-03-13,2014-12-31,-1556000.0,6721000.0,-1562000.0,-0.07,1540000.0,0.22913256955810146,25125000.0,21072000.0,15326000.0,4053000.0,4053000.0,4586000.0,-206833000.0,57870674.2381,52580674.2381,0.8448000277109804,3.781396496422403,0.0,0.0,-0.07412680334092635,0.8448000277109804,-0.07384206529992407,8.6104261624907,-9.297987506121466,2.7463304023395976,0.0,1.12974269515918,0.0,0.26750248756218903,2.4880335553910684,-0.06193034825870647,-714.452768371605,0.22913256955810146,-0.7500000000000001,-1.7693178596533286,-0.3377742660471821,0.42772164388437384,-0.1174785100286533,-0.5019305019305019,-0.5150339476236664,-2.186190500423885,-0.2251991877268248,-0.4282912462581977,Electronic Components,Technology,EMAN
2014Q3,2014,Q3,2014-11-13,2014-09-30,-1036000.0,5699000.0,-1031000.0,-0.04,1745000.0,0.30619406913493596,26480000.0,22327000.0,16804000.0,4153000.0,4153000.0,5529000.0,-205278000.0,58380920.75,53669920.75,0.8987259763284908,4.046231639778473,0.0,0.0,-0.04617727415237157,0.8987259763284908,-0.04640121825592332,10.244064002456572,-14.088060026544403,2.6148125923769427,0.0,0.7151383613673359,0.0,0.2152190332326284,2.4965085480375633,-0.0391238670694864,181.30720729813663,0.30619406913493596,0.0,-1.5786798408491234,-0.37970783393242097,0.8004067473536308,-0.1954817888427847,0.010506208213944603,0.012452107279693486,-1.2337115951021975,-0.35912519207738436,-0.3438422339864804,Electronic Components,Technology,EMAN
2014Q2,2014,Q2,2014-08-13,2014-06-30,-1047000.0,7018000.0,-1044000.0,-0.04,2169000.0,0.3090624109432887,27340000.0,23084000.0,18098000.0,4256000.0,4256000.0,5549000.0,-204242000.0,53387984.0,51292984.0,0.9642117222482123,4.25234962406015,0.0,0.0,-0.04522613065326633,0.9642117222482123,-0.0453560907988217,7.607293245939014,-12.74784718242598,2.312770057182464,0.0,0.8738511443503334,0.0,0.25669348939283104,2.737312030075188,-0.03829553767373811,-14.21783861517976,0.3090624109432887,0.4285714285714286,-1.5286642155829038,-0.18918297998471423,1.5181019177734247,0.12325220093215951,0.35290482076637825,0.35315985130111527,-1.3216836419462183,-0.13999626631940834,0.12142241532128369,Electronic Components,Technology,EMAN
2014Q1,2014,Q1,2014-05-13,2014-03-31,-1618000.0,6278000.0,-1614000.0,-0.07,1931000.0,0.30758203249442495,27802000.0,22936000.0,18079000.0,4866000.0,4866000.0,4740000.0,-203194000.0,59920837.2,57857837.2,0.9645846537003993,3.7153719687628444,0.0,0.0,-0.07036972445064528,0.9645846537003993,-0.07054412277642134,9.544574259318255,-9.258472991347341,2.6125234216951516,0.0,0.9170886075949367,0.0,0.22581109272714192,2.5824085491163173,-0.05819725199625926,-21.46930748835543,0.30758203249442495,0.8092742768523837,-3.7391909201426135,-0.1859326075187625,2.538933911162224,31.728813559322035,0.8141298104537622,0.5151697206368279,-4.193368652605215,0.04438909550883541,-0.26451689660424266,Electronic Components,Technology,EMAN
2013Q4,2013,Q4,2014-03-13,2013-12-31,-8705000.0,6130000.0,-3329000.0,-0.36701918778843473,59000.0,0.009624796084828711,28676000.0,23999000.0,18780000.0,4677000.0,4677000.0,3434000.0,-201576000.0,67122239.98,63090239.980000004,1.0118430198431527,4.0153944836433615,0.0,0.0,-0.3633783793052768,1.0118430198431527,-0.3627234468102838,10.949794450244699,-1.9276921303848362,2.796876535688987,0.0,1.767909143855562,0.0,0.21376761054540383,3.1218729955099422,-0.30356395592132795,-32.23930834774256,0.009624796084828711,-0.9316799357286039,-10.31389881495257,-0.28313878700130396,3.0399746528699882,-0.9734831460674157,-0.9094099583241939,-2.1554502369668245,-1.7135477808109802,-0.3546633963789972,-0.26971925997353874,Electronic Components,Technology,EMAN
2013Q3,2013,Q3,2013-11-12,2013-09-30,-4559000.0,6329000.0,-1055000.0,-0.19,2225000.0,0.35155632801390424,36239000.0,32214000.0,22382000.0,4025000.0,4025000.0,4407000.0,-192871000.0,71391499.06,66580499.06,1.358202885171354,5.560745341614907,0.0,0.0,-0.1412545383730221,1.358202885171354,-0.14152231948842117,11.280059892558066,-3.914866147181399,2.216163750543242,0.0,0.9312457454050375,0.0,0.174646099506057,4.139378881987578,-0.12580369215486079,-209.35923478005867,0.35155632801390424,-3.75,-8.783010453661781,-0.24773378370747912,9.073676596269905,-0.06942701798410707,-3.5228174603174605,0.07456140350877193,-2.3514274230981154,-0.35735970742798806,0.6471599483833912,Electronic Components,Technology,EMAN
2013Q2,2013,Q2,2013-08-06,2013-06-30,-1008000.0,7028000.0,-1140000.0,-0.04,2391000.0,0.3402105862265225,39748000.0,36158000.0,22523000.0,3590000.0,3590000.0,3562000.0,-188313000.0,82788309.63,78183309.63,1.5330012240521693,6.273816155988858,0.0,0.0,-0.028174218824473674,1.5330012240521693,-0.02787764810000553,11.779782246727375,-20.532814888392856,2.2896263518446816,0.0,1.3017967434025828,0.0,0.17681392774479218,5.075487465181059,-0.02535976652913354,-64.93200755294117,0.3402105862265225,-5.0,-4.016480254202587,-0.24059906693464805,7.009704719169114,-0.3625699813383098,-5.917073170731707,-4.540372670807454,-1.9061931254993913,-0.30676371262325997,1.291177612181455,Electronic Components,Technology,EMAN
2013Q1,2013,Q1,2013-05-09,2013-03-31,205000.0,8503000.0,322000.0,0.01,3751000.0,0.4411384217335058,41019000.0,36475000.0,23969000.0,4544000.0,4544000.0,3144000.0,-187304000.0,77874608.32000001,72242608.32000001,1.5503416659752647,5.274867957746479,0.0,0.0,0.005568408288079296,1.5503416659752647,0.005620287868403016,9.158486218981537,94.96903453658535,2.135013250719671,0.0,1.5114503816793894,0.0,0.20729418074550818,4.405149647887324,0.004997684000097515,80.0355686742035,0.4411384217335058,-0.75,1.0411258514282637,0.7115808148870392,4.516661957603741,-0.08556801560214529,-0.8852183650615901,-0.632420091324201,-0.8305873427815025,0.043306510025981015,1.3931694428353467,Electronic Components,Technology,EMAN
2012Q4,2012,Q4,2013-03-14,2012-12-31,1786000.0,8326000.0,876000.0,0.04,4102000.0,0.49267355272639923,39539000.0,35627000.0,21935000.0,3912000.0,3912000.0,3223000.0,-187509000.0,83982611.36999999,79597611.36999999,1.5144610047864484,5.607106339468302,0.0,0.0,0.05013051898840767,1.5144610047864484,0.05013051898840767,10.086789739370644,11.75568468225084,2.3572742967412355,0.0,1.310580204778157,0.0,0.2105768987581881,4.6163087934560325,0.04517059106198943,-1749.6377368749997,0.49267355272639923,3.0,1.773115486971234,-0.0900410505062395,5.547080585189899,0.12414360098657166,4.252941176470588,0.5698924731182796,-0.06371437348498397,-0.1301602619436226,1.5594563025893056,Electronic Components,Technology,EMAN
2012Q3,2012,Q3,2012-11-08,2012-09-30,340000.0,7510000.0,558000.0,0.01,3649000.0,0.4858854860186418,40511000.0,36422000.0,24556000.0,4089000.0,4089000.0,2814000.0,-186191000.0,95887436.49,88320436.49,1.5535505531586038,6.005380288579115,0.0,0.0,0.009285097418643078,1.5535505531586038,0.009335017297237933,12.767967575233023,70.50546800735293,2.6326790535939817,0.0,1.3720682302771856,0.0,0.18538174816716446,5.089508437270727,0.00839278220730172,31.46945733180177,0.4858854860186418,-0.5,1.013681299488781,-0.2460898071255287,6.071435326732701,-0.1914469310879681,-0.41074523396880414,-0.38748627881448955,-0.7987563466906665,-0.13383176236518274,2.112208806613356,Electronic Components,Technology,EMAN
2012Q2,2012,Q2,2012-08-09,2012-06-30,577000.0,8587000.0,911000.0,0.02,4513000.0,0.5255618958891347,38703000.0,35310000.0,22486000.0,3393000.0,3393000.0,2364000.0,-186531000.0,72521610.92999999,68480610.92999999,1.5044880912162055,6.627173592690834,0.0,0.0,0.016216375470544428,1.5044880912162055,0.01634097989238176,8.445511928496563,31.42184182409012,2.0538547417162274,0.0,1.7233502538071066,0.0,0.22186910575407592,5.645446507515473,0.01490840503320156,-187.39434348837207,0.5255618958891347,2.0,1.159002939302652,-0.03379588774790233,5.033099161613359,0.6833271167474823,2.2765486725663715,2.2617728531855956,-0.7028068866147565,0.012000322617557598,2.929068958968291,Electronic Components,Technology,EMAN
2012Q1,2012,Q1,2012-05-10,2012-03-31,-452000.0,6137000.0,-722000.0,-0.02,2681000.0,0.43685839986964314,37589000.0,34437000.0,21776000.0,3152000.0,3152000.0,2800000.0,-187108000.0,76398309.0,70566309.0,1.4649571628607643,6.908629441624366,0.0,0.0,-0.01319853953159631,1.4649571628607643,-0.013125417428928188,12.448803812937918,-42.25570188053098,2.2184949037372594,0.0,1.2342857142857142,0.0,0.16326584905158423,5.622144670050761,-0.012024794487749076,-285.0683171641791,0.43685839986964314,-1.380300313014827,0.9293456317012028,-0.2193187105494474,6.3285898579115,-0.4886515353805073,-1.3723228995057661,-1.489159891598916,-1.7740324492789572,-0.1950440440780587,4.374734671715225,Electronic Components,Technology,EMAN
2011Q4,2011,Q4,2012-03-15,2011-12-31,1214000.0,8028000.0,1476000.0,0.0525900171931235,5243000.0,0.6530891878425511,37932000.0,34111000.0,22660000.0,3821000.0,3821000.0,2760000.0,-186656000.0,85411647.3,77840647.3,1.4776755160417097,5.930384716042921,0.0,0.0,0.035808034146191436,1.4776755160417097,0.03558969247456832,10.639218647234678,17.588889476935748,2.5039326698132567,0.0,1.0090579710144927,0.0,0.2116418854792787,4.944255430515572,0.03200463988189391,200.96858188235294,0.6530891878425511,0.7530005731041167,1.033669839686123,-0.8632096917364332,2.279288691648323,0.2027988070658408,-0.7052682689973294,-0.07865168539325842,0.33458444438528917,-0.035401452121445603,4.8998990089396175,Electronic Components,Technology,EMAN
2011Q3,2011,Q3,2011-11-10,2011-09-30,4119000.0,8263000.0,1602000.0,0.03,4359000.0,0.5275323732300617,36318000.0,31618000.0,21612000.0,4700000.0,4700000.0,2119000.0,-187870000.0,60711522.269999996,54213522.269999996,1.369679706435073,4.598297872340425,0.0,0.0,0.04530036448370273,1.369679706435073,0.13027389461699032,7.347394683528984,3.6848459741442094,1.9201569444620152,0.0,1.8423784804152903,0.0,0.2275180351340933,3.9651063829787234,0.11341483561870147,97.45027651685393,0.5275323732300617,1.9999999999999996,1.0486767967058384,-0.8426197505599997,3.5560404663833154,0.2021511307225593,0.38640188488724336,1.5673076923076923,6.224943334275675,0.009110783710845496,9.141899204429636,Electronic Components,Technology,EMAN
2011Q2,2011,Q2,2011-10-11,2011-06-30,2971000.0,7449000.0,624000.0,0.01,3626000.0,0.48677674855685327,33974000.0,18790000.0,20236000.0,10520000.0,15184000.0,2089000.0,-191989000.0,132651540.17,125773540.17,0.8598113512578299,1.923574144486692,0.0,0.0,0.030987561543748546,0.8598113512578299,0.1581160191591272,17.807966192777553,11.162196244530461,7.059688141032464,0.0,1.830062230732408,0.0,0.2192559015717902,1.65,0.08744922587861306,-151.2560321208666,0.48677674855685327,2.0,1.281324785096195,1.0385141417595047,2.955843456793492,0.6144256455921638,11.535460992907801,2.46135831381733,16.95803891885945,-0.13128835954637144,4.370651147681999,Electronic Components,Technology,EMAN
2011Q1,2011,Q1,2011-05-12,2011-03-31,-282000.0,5441000.0,-427000.0,-0.01,2246000.0,0.41279176621944497,33438000.0,28227000.0,18814000.0,5211000.0,5211000.0,2149000.0,-182345000.0,153887419.4,146124419.4,1.3114980469936972,3.6104394549990406,0.0,0.0,-0.009695262756161895,1.3114980469936972,-0.009990434690190243,28.282929498254,-136.42501719858157,5.45178089772204,0.0,1.486738017682643,0.0,0.16271906214486512,3.062943772788332,-0.008433518751121478,299.97547641325536,0.41279176621944497,-1.0194417023565072,0.9745980338947193,0.5411257266300453,1.1568246198447392,-0.543031536113937,-1.0275740686418304,-1.3413269384492406,0.9381583660163668,0.19722220506198085,3.974889594051537,Electronic Components,Technology,EMAN
2010Q4,2010,Q4,2011-03-16,2010-12-31,10227000.0,7963000.0,1251000.0,0.5143582499427024,4915000.0,0.61722968730378,32702000.0,27549000.0,18728000.0,5153000.0,5153000.0,1905000.0,-182063000.0,119298174.0,111502174.0,1.3855534787984265,3.6343877352998253,0.0,0.0,0.38035056231723985,1.3855534787984265,0.37122944571490796,14.981561471807108,2.9162553534760924,4.330399433736252,0.0,1.6,0.0,0.2435019264876766,3.113914224723462,0.3127331661672069,74.60798874296435,0.61722968730378,4.715091666030027,1.8901728509924909,1.6144234898427148,0.10615777209538681,-0.10113386978785661,2.616336633663366,-0.5690664829486738,6.237810560906502,0.029676313261902138,5.160043278285025,Electronic Components,Technology,EMAN
2010Q3,2010,Q3,2010-11-12,2010-09-30,2828000.0,8256000.0,2903000.0,0.09,5468000.0,0.6623062015503876,21180000.0,16395000.0,16815000.0,4785000.0,4785000.0,1671000.0,-192290000.0,63387096.45200001,56673096.45200001,0.824572553809583,3.5141065830721003,0.0,0.0,0.17362800048558494,0.824572553809583,0.17249161329673682,7.6777006361434115,5.603526914073551,3.8662455902409274,0.0,1.668461998803112,0.0,0.38980169971671386,3.039707419017764,0.13352219074598679,39.39533651460535,0.6623062015503876,2.0,1.3138567832255956,2.0485506278300987,0.023614802320718015,0.15382992192445663,2.1008771929824563,2.02711157455683,1.1341787346763486,-0.022751041068605243,3.6917478612729755,Electronic Components,Technology,EMAN
2010Q2,2010,Q2,2010-08-12,2010-06-30,912000.0,8312000.0,959000.0,0.03,4739000.0,0.5701395572666025,17800000.0,12939000.0,14670000.0,4861000.0,4861000.0,1545000.0,-195118000.0,70236491.312,65332491.31200001,0.6690887759646805,3.0178975519440443,0.0,0.0,0.07268248780256738,0.6690887759646805,0.07048458149779736,8.450010985563042,19.25342415350877,5.428278175438597,0.0,2.312621359223301,0.0,0.4669662921348315,2.5939107179592678,0.051235955056179776,34.51424634496315,0.5701395572666025,0.0,1.0864415889343408,4.435071890010559,-0.4644886502824183,0.4282700421940928,0.03636363636363636,0.06319290465631928,1.3050114709674645,0.13507601831330673,2.7936342581526414,Electronic Components,Technology,EMAN
2010Q1,2010,Q1,2010-05-18,2010-03-31,880000.0,5927000.0,902000.0,0.03,3318000.0,0.5598110342500422,15294000.0,11084000.0,13391000.0,4210000.0,4210000.0,2193000.0,-196030000.0,64332494.559999995,58334494.559999995,0.6478194306787036,3.1807600950118764,0.0,0.0,0.08128619302152872,0.6478194306787036,0.07939372067845543,10.854141143917664,18.27627686363636,5.804086481414652,0.0,1.1896944824441404,0.0,0.3875375964430496,2.484085510688836,0.0575389041454165,91.5113720625889,0.5598110342500422,-0.6300276101568335,1.1207343717696556,3.088258899719665,-0.6294378204620104,-0.14682437644638724,-0.3427931292008962,-0.3787878787878788,1.188990987029181,0.035882300819348276,3.3563583533948234,Electronic Components,Technology,EMAN
2009Q4,2009,Q4,2010-03-25,2009-12-31,1339000.0,6719000.0,1452000.0,0.08108713196873198,3889000.0,0.578806369995535,13980000.0,9771000.0,12824000.0,4209000.0,4209000.0,2179000.0,-196910000.0,31044629.88,25749629.88,0.5917119988547276,3.0468044666191494,0.0,0.0,,0.5917119988547276,0.13703817418892641,4.620424152403631,5.796234107542943,3.177221357077064,0.0,1.2987608994951814,0.0,0.48061516452074393,2.3658826324542646,0.09577968526466381,19.61126334807328,0.578806369995535,1.0271782992182994,1.1313230259579563,4.129001395745866,-0.7652177582437336,0.11114285714285714,0.12521008403361344,0.14782608695652175,1.0519146195364184,-0.8399560202514558,1.5122711046029889,Electronic Components,Technology,EMAN
2009Q3,2009,Q3,2009-11-12,2009-09-30,1190000.0,6107000.0,1265000.0,0.04,3500000.0,0.5731128213525463,11814000.0,8243000.0,10867000.0,3571000.0,3571000.0,2065000.0,-198249000.0,27246616.65,23537616.65,0.4991794091249124,3.0431251750210024,0.0,0.0,,0.4991794091249124,0.14436491568603663,4.461538668740789,5.72407912815126,3.305424802863035,0.0,1.2624697336561743,0.0,0.5169290672083968,2.217026043125175,0.10072794988996106,26.023511604584527,0.5731128213525463,-0.20000000000000004,1.2001692561012105,1.216401921936349,-0.5138828450600218,-0.07870492234798632,-0.11127707244212098,-0.13710777626193724,1.0196591119986034,-0.8373975319241981,1.9315482763700214,Electronic Components,Technology,EMAN
2009Q2,2009,Q2,2009-08-13,2009-06-30,1339000.0,5852000.0,1466000.0,0.05,3799000.0,0.6491797676008202,10233000.0,6198000.0,9308000.0,3606000.0,4035000.0,2561000.0,-199439000.0,17643265.380000003,14981265.380000003,0.3829121114767248,2.581253466444814,0.022671748265415813,0.03743142949338496,,0.3829121114767248,0.2160374314294934,3.0149120608339035,3.2941122815533985,2.846606224588577,0.0,0.8016399843811012,0.0,0.5718753053845402,1.6389351081530783,0.13085116779048178,18.04014865030675,0.6491797676008202,1.5,1.3760111259143262,0.5894493910392632,-0.6238055057613672,0.5449369662464416,2.3984771573604062,1.5809859154929577,1.1711815908320915,1.162176828800178,0.7617124599439719,Electronic Components,Technology,EMAN
2009Q1,2009,Q1,2009-05-14,2009-03-31,394000.0,5144000.0,568000.0,0.02,2459000.0,0.47803265940902023,9472000.0,4323000.0,8823000.0,4720000.0,5149000.0,2214000.0,-200778000.0,10626546.39,8979546.39,0.2725636245022782,1.869279661016949,0.07200168918918919,0.15776081424936386,0.1134865134865135,0.2725636245022782,0.09114041175109877,2.0658138394245724,6.7427324809644675,2.458141658570437,0.0,1.2127371273712737,0.0,0.5430743243243243,1.1389830508474577,0.041596283783783786,11.377458661670236,0.47803265940902023,-0.49245711805555553,1.0261561518058637,1.4659983416257323,-0.7824937266392816,-0.09161433321019578,-0.3159722222222222,-0.27458492975734355,1.0481608541834813,0.9771519146526264,-0.5517553860273071,Electronic Components,Technology,EMAN
2008Q4,2008,Q4,2009-03-31,2008-12-31,576000.0,5270000.0,783000.0,0.0394055373673612,2707000.0,0.5136622390891841,10104000.0,3661000.0,9314000.0,6014000.0,6443000.0,2374000.0,-201172000.0,7893306.9,7180306.9,0.2504577644130371,1.5487196541403392,0.1673594615993666,0.4618956569243376,,0.2504577644130371,0.15733406173176728,1.4977811954459204,3.4259144531250003,2.15605214422289,0.0,1.0796124684077506,0.0,0.521575613618369,1.021616228799468,0.057007125890736345,3.9986357142857143,0.5136622390891841,0.97027686836806,1.0785421361170346,0.30812906704285475,1.201563070900771,0.13548657718120805,0.5955678670360111,-0.0025477707006369425,1.0681970971537884,1.3535701817433048,-0.800046835487451,Electronic Components,Technology,EMAN
2008Q3,2008,Q3,2008-11-14,2008-09-30,361000.0,5185000.0,785000.0,0.02,2384000.0,0.45978784956605595,9191000.0,-2459000.0,8057000.0,11612000.0,11650000.0,1978000.0,-201748000.0,7893306.9,15034306.9,-0.16822607011517568,0.6938511884257664,0.9153519747579153,-3.4213094753965025,,-0.16822607011517568,-0.14680764538430255,1.5223349855351977,5.4662790166205,-3.2099662057747054,0.0,1.416076845298281,0.0,0.5641388314655641,0.4622803995866345,0.03927755412903928,67.46416153846154,0.45978784956605595,3.0,1.1042042829441883,0.8179372446921592,0.8156063562021308,-0.09111704155547083,3.959016393442623,1.6883561643835616,1.0544975066269984,1.6042927689145559,-1.2088338918274284,Electronic Components,Technology,EMAN
2008Q2,2008,Q2,2008-08-14,2008-06-30,-122000.0,5619000.0,292000.0,-0.01,2623000.0,0.4668090407545827,8026000.0,-3653000.0,7209000.0,11638000.0,11679000.0,1726000.0,-202109000.0,12029278.799999999,19180278.799999997,-0.25508761173612504,0.619436329266197,1.0203089957637677,-2.241719134957569,,-0.25508761173612504,0.033397207774431975,2.140821996796583,-24.650161475409835,-3.2929862578702433,0.0,1.7358053302433372,0.0,0.7000996760528283,0.4066849974222375,-0.01520059805631697,-8.256196842827727,0.4668090407545827,0.9523809523809523,-1.0562068574846561,3.3503835552953736,0.8637532502345516,6.451704545454546,0.9543754674644727,1.137153593236261,0.9843849133894387,3.961528086945814,-1.2041617139072402,Electronic Components,Technology,EMAN
2008Q1,2008,Q1,2008-05-15,2008-03-31,-2674000.0,2665000.0,-2129000.0,-0.21,352000.0,0.13208255159474672,6035000.0,-5564000.0,4789000.0,11549000.0,11599000.0,1826000.0,-201987000.0,13251945.0,20525945.0,-0.4408560403774691,0.414667936617889,1.2623032311516156,-1.3691588785046729,,-0.4408560403774691,0.4805895039539899,4.9725872420262665,-1.2389626963350786,-2.381729870596693,0.0,1.2667031763417305,0.0,0.4415907207953604,0.21984587410165382,-0.4430820215410108,-16.48251865671642,0.13208255159474672,-1.1384710324232081,0.7293193715118763,0.3944082413625864,0.9083233916571641,-0.689594356261023,-1.2815699658703072,-1.3550884955752212,0.5026502788694509,1.4920278888675687,-1.2521760963755133,Electronic Components,Technology,EMAN
2007Q4,2007,Q4,2008-04-14,2007-12-31,-1172000.0,4642000.0,-904000.0,-0.09820100287355238,1134000.0,0.24429125376992675,6648000.0,-3975000.0,5855000.0,10563000.0,10623000.0,1815000.0,-199313000.0,15276422.4,21712422.4,-0.3330622751044119,0.5542932878916974,1.0753610108303249,-1.798490566037736,,-0.3330622751044119,0.2948427672955975,3.2909139164153385,-3.25862252559727,-3.8431251320754716,0.0,1.9327823691460055,0.0,0.6982551143200962,0.3019975385780555,-0.1762936221419976,-54.55865142857143,0.24429125376992675,0.9073575444589128,0.6195052133542643,0.0025451180878157827,0.921220915405323,-0.4363817097415507,0.907359102047269,-65.57142857142857,0.8409605502580394,3.9028686767116296,-1.1321540001636075,Electronic Components,Technology,EMAN
2007Q3,2007,Q3,2007-11-19,2007-09-30,-12651000.0,5071000.0,14000.0,-1.06,2012000.0,0.3967659238808913,7068000.0,-3656000.0,6380000.0,4793000.0,10724000.0,1951000.0,-198141000.0,11218622.7,11083622.7,-0.30633350384446034,1.3311078656373878,0.09295415959252971,-0.17970459518599563,,-0.30633350384446034,3.460339168490153,2.2123097416683097,-0.2216943858193028,-3.068551066739606,0.0,1.5679138903126602,0.0,0.7174589700056593,0.756937200083455,-1.7898981324278438,-21.247391477272725,0.3967659238808913,-6.066666666666667,0.20683915425221558,1.6229583759933033,0.9162482036736176,0.5645412130637636,-6.321180555555555,1.0122377622377623,-1.9443688745394405,1.5464265701122826,-1.298317535999167,Electronic Components,Technology,EMAN
2007Q2,2007,Q2,2007-08-14,2007-06-30,-1728000.0,4232000.0,-1144000.0,-0.15,1286000.0,0.30387523629489605,5544000.0,-4169000.0,4627000.0,9635000.0,9713000.0,1810000.0,-185490000.0,7376086.08,11449086.08,-0.3730352344261145,0.4802283341982356,0.8591269841269841,-1.1424802110817942,,-0.3730352344261145,0.4144878867834013,1.742931493383743,-1.0671420833333334,-1.7692698680738785,0.0,1.627624309392265,0.0,0.7633477633477633,0.22169174883238194,-0.3116883116883117,139.17143547169812,0.30387523629489605,0.4444444444444445,0.8693354597394319,2.6860143519194217,0.8587956011190494,1.6032388663967612,0.41164453524004085,0.5565891472868217,0.2971959029935646,0.664786224896884,-1.3664908921447163,Electronic Components,Technology,EMAN
2007Q1,2007,Q1,2007-05-15,2007-03-31,-2937000.0,3609000.0,-2580000.0,-0.27,494000.0,0.1368800221668052,5691000.0,-2967000.0,4572000.0,8569000.0,8658000.0,1975000.0,-183762000.0,7770293.279999999,11498293.28,-0.2749239858807491,0.5335511728323025,0.6888068880688807,-1.3211998651836871,,-0.2749239858807491,0.9898887765419616,2.1530322194513714,-0.6614141368743616,-2.6189057229524773,0.0,1.5772151898734177,0.0,0.6341591987348445,0.21391060800560158,-0.5160780179230364,-6.45373196013289,0.1368800221668052,0.8271372172808132,0.8881571028544529,4.643807886880898,0.8769191754095979,2.605839416058394,-0.8659466327827192,0.1248303934871099,0.7134542317272456,1.5426766072264013,-1.2193898460793937,Electronic Components,Technology,EMAN
