Quarters,Year,Quarter,FillingDate,Date,NetIncome,Revenue,OperatingIncome,EPSDiluted,GrossProfit,GrossProfitRatio,TotalAssets,CommonStockEquity,CurrentAssets,CurrentLiability,TotalLiability,Inventory,RetainedEarnings,MarketCap,EnterpriseValue,bookValuePerShare,currentRatio,debtToAssets,debtToEquity,roic,shareholdersEquityPerShare,roe,priceToSalesRatio,peRatio,pbRatio,payoutRatio,inventoryTurnover,dividendYield,assetTurnover,quickRatio,returnOnAssets,priceToFreeCashFlowsRatio,grossProfitMargin,epsdilutedGrowth,fiveYNetIncomeGrowthPerShare,fiveYRevenueGrowthPerShare,fiveYShareholdersEquityGrowthPerShare,grossProfitGrowth,netIncomeGrowth,operatingIncomeGrowth,threeYNetIncomeGrowthPerShare,threeYRevenueGrowthPerShare,threeYShareholdersEquityGrowthPerShare,Industry,Sector,Symbol
2023Q1,2023,Q1,2023-03-31,2023-03-31,184100000.0,566200000.0,199800000.0,1.52,498100000.0,0.879724479,5544200000.0,2871500000.0,2096700000.0,1753200000.0,2672700000.0,0.0,12511900000.0,15574000000.0,15298300000.0,23.969115191986646,1.195927446954141,0.0,0.0,0.0585187027693833,23.969115191986646,0.06411283301410413,27.506181561285764,21.14883215643672,5.423646177955772,0.0,0.0,0.0,0.10212474297464016,1.1646703171343828,0.033205872804011397,40.83377031987415,0.8797244789826917,-0.30909090909090914,0.2990170821912407,0.6528978386819081,0.05872035964805902,-0.10203713719127457,-0.3178955168580956,-0.21338582677165355,0.2400456646173021,0.4008623485185141,-0.002698903342910733,Software—Infrastructure,Technology,CHKP
2022Q4,2022,Q4,2022-12-31,2022-12-31,269900000.0,638500000.0,254000000.0,2.2,554700000.0,0.8687548943,5724800000.0,2929300000.0,2331800000.0,1839200000.0,2795500000.0,0.0,12327800000.0,15366288000.0,15170288000.0,24.05008210180624,1.267833840800348,0.0,0.0,0.08690332558042044,24.05008210180624,0.09213805345987096,24.066230227094753,14.233316042978881,5.2457201379169085,0.0,0.0,0.0,0.11153228060368921,1.2406481078729883,0.04714575181665735,68.75296644295302,0.8687548942834769,0.4965986394557825,0.48524236260528203,0.6617097916947206,0.07151479795704685,0.10520023909145249,0.4668478260869565,0.14776321735201084,0.19351541836707437,0.41379467922915425,-0.011391211517884036,Software—Infrastructure,Technology,CHKP
2022Q3,2022,Q3,2022-09-30,2022-09-30,184000000.0,577600000.0,221300000.0,1.47,501900000.0,0.8689404432,5467500000.0,2914600000.0,1973000000.0,1607100000.0,2552900000.0,0.0,12057900000.0,13924086000.0,13497286000.0,23.448109412711183,1.2276771825026445,0.0,0.0,0.0599089530804812,23.448109412711183,0.06313044671653056,24.10679709141274,18.91859510869565,4.777357441844507,0.0,0.0,0.0,0.1056424325560128,1.1952585402277394,0.033653406492912666,58.97537484116899,0.8689404432132964,0.08088235294117638,0.2452432712978985,0.6568933798763229,0.0583656334639319,0.011283497884344146,0.059907834101382486,0.05986590038314176,0.17754984830923623,0.4146025273697592,-0.022052846332785266,Software—Infrastructure,Technology,CHKP
2022Q2,2022,Q2,2022-06-30,2022-06-30,173600000.0,571100000.0,208800000.0,1.36,496300000.0,0.8690246892,5613100000.0,3024500000.0,2070600000.0,1668000000.0,2588600000.0,0.0,11873900000.0,15405170000.0,15162370000.0,23.90909090909091,1.24136690647482,0.0,0.0,0.05484981726275841,23.90909090909091,0.05739791701107621,26.974557870775698,22.184864631336403,5.093460076045627,0.0,0.0,0.0,0.10174413425736224,1.2083932853717025,0.030927651386934134,75.14717073170732,0.8690246891962878,0.038167938931297746,0.18994406238127043,0.6079546578284107,0.0943877729752059,0.05014811680067711,0.024793388429752067,0.04295704295704296,0.12443293795995593,0.4060360708659385,-0.0074889274348267365,Software—Infrastructure,Technology,CHKP
2022Q1,2022,Q1,2022-03-31,2022-03-31,169400000.0,542700000.0,200200000.0,1.31,472600000.0,0.87083103,5725800000.0,3146000000.0,2127800000.0,1650100000.0,2579800000.0,0.0,11700300000.0,17738758000.0,17477658000.0,24.52065471551052,1.2894976062056844,0.0,0.0,0.05200192957067053,24.52065471551052,0.05384615384615385,32.68612124562373,26.178804604486423,5.638511760966306,0.0,0.0,0.0,0.09478151524677775,1.2561056905642083,0.029585385448321632,45.10235952199339,0.8708310300350102,-0.33838383838383834,0.1941968208903306,0.6038666157969729,0.13712793980806032,-0.09115384615384615,-0.3477088948787062,-0.29779024903542617,0.13175607052315205,0.3826872099996596,0.009964224905214147,Software—Infrastructure,Technology,CHKP
2021Q4,2021,Q4,2021-12-31,2021-12-31,259700000.0,599100000.0,285100000.0,1.98,520000000.0,0.8679686196,5900200000.0,3257100000.0,2337900000.0,1712100000.0,2643100000.0,0.0,11530900000.0,15187768000.0,14915868000.0,24.99693016116654,1.365516032942001,0.0,0.0,0.08886638917580644,24.99693016116654,0.07973350526542015,25.3509731263562,14.620492876395842,4.662972582972583,0.0,0.0,0.0,0.10153893088369886,1.3384148122189123,0.044015457103149046,48.89815840309079,0.8679686195960608,0.41428571428571437,0.5015948732084322,0.5797033185986393,0.19731864547604558,0.10450297366185217,0.38877005347593585,0.2699331848552339,0.3003887530721992,0.35991781319549737,0.03002309912963177,Software—Infrastructure,Technology,CHKP
2021Q3,2021,Q3,2021-09-30,2021-09-30,187000000.0,534000000.0,224500000.0,1.4,470800000.0,0.8816479400749063,5670700000.0,3300000000.0,2109800000.0,1471700000.0,2370700000.0,0.0,11271200000.0,14989104000.0,14674204000.0,24.8868778280543,1.4335802133587008,0.0,0.0,0.0544358864641278,24.8868778280543,0.056666666666666664,28.069483146067416,20.03890909090909,4.542152727272727,0.0,0.0,0.0,0.09416826846773767,1.4001494869878373,0.03297652847091188,60.8324025974026,0.8816479400749063,0.01449275362318842,0.40577589599705466,0.592808035959672,0.21724904603893813,0.00835296637395588,0.005376344086021506,0.009896536212325686,0.10940218368458307,0.3338296818713027,0.06840165701734889,Software—Infrastructure,Technology,CHKP
2021Q2,2021,Q2,2021-06-30,2021-06-30,186000000.0,526100000.0,222300000.0,1.38,466900000.0,0.8874738642843566,5659500000.0,3270600000.0,2277900000.0,1521900000.0,2388900000.0,0.0,11084200000.0,15526581000.0,15169981000.0,24.462228870605834,1.4967474866942638,0.0,0.0,0.054328609685681165,24.462228870605834,0.05687029902770134,29.512604067667745,20.869060483870967,4.74731884057971,0.0,0.0,0.0,0.09295874193833377,1.4638281095998422,0.032865094089583886,59.64879369957741,0.8874738642843566,0.03759398496240588,0.43415478438220867,0.5911205556597234,0.20390683982737906,0.0352549889135255,0.01694915254237288,0.034916201117318434,0.10472830332814546,0.3205485937678907,0.0588016569039934,Software—Infrastructure,Technology,CHKP
2021Q1,2021,Q1,2021-03-31,2021-03-31,182900000.0,507600000.0,214800000.0,1.33,451000000.0,0.88849487785658,5702400000.0,3369300000.0,2270400000.0,1496500000.0,2333100000.0,0.0,10898200000.0,15227920000.0,14666020000.0,24.774264705882352,1.5171399933177414,0.0,0.0,0.05127643700722502,24.774264705882352,0.05428427269759297,29.999842395587077,20.814543466375067,4.519609414418425,0.0,0.0,0.0,0.08901515151515152,1.4876044102906782,0.03207421436588103,41.078823846776366,0.88849487785658,-0.3179487179487179,0.39288053453513394,0.6008908191607639,0.22482664899649152,-0.09346733668341708,-0.3245937961595273,-0.14558472553699284,0.13682257385159902,0.3053160253237449,0.09428396623488482,Software—Infrastructure,Technology,CHKP
2020Q4,2020,Q4,2020-12-31,2020-12-31,270800000.0,563800000.0,251400000.0,1.95,497500000.0,0.8824051081943952,5839200000.0,3466200000.0,2278600000.0,1543800000.0,2373000000.0,0.0,10715300000.0,18221961000.0,17966261000.0,25.282275711159738,1.4759683896877833,0.0,0.0,0.07394898965778295,25.282275711159738,0.07812590156367204,32.31990244767648,16.82234213441654,5.257042582655357,0.0,0.0,0.0,0.09655432250993287,1.443515999481798,0.04637621591998904,60.84127212020034,0.8824051081943952,0.37323943661971837,0.7854289174143032,0.5791994815577458,0.2592010210814839,0.09292618629173989,0.34927752864972594,0.08690012970168612,0.3238931552424005,0.3035544676350592,0.12641330852268096,Software—Infrastructure,Technology,CHKP
2020Q3,2020,Q3,2020-09-30,2020-09-30,200700000.0,509000000.0,231300000.0,1.42,455200000.0,0.8943025540275049,5509100000.0,3352100000.0,1962800000.0,1340000000.0,2157000000.0,0.0,10444500000.0,16763362000.0,16515262000.0,24.06389088298636,1.4647761194029851,0.0,0.0,0.05636388014598688,24.06389088298636,0.05987291548581486,32.93391355599214,20.881118584952667,5.000853793144596,0.0,0.0,0.0,0.09239258681091285,1.4248507462686568,0.0364306329527509,68.95665158371041,0.8943025540275049,0.02898550724637684,0.524743157005055,0.6061458103821729,0.21500138248695572,0.008418254319893664,0.02189409368635438,0.047080126754187414,0.21200319694362285,0.30288226579301714,0.08615985492512321,Software—Infrastructure,Technology,CHKP
2020Q2,2020,Q2,2020-08-03,2020-06-30,196400000.0,505600000.0,220900000.0,1.38,451400000.0,0.8928006329113924,5587300000.0,3406700000.0,1979700000.0,1375000000.0,2180600000.0,0.0,10243800000.0,15201345000.000002,14859345000.000002,24.075618374558303,1.4397818181818183,0.0,0.0,0.05315161868248139,24.075618374558303,0.057651099304312094,30.065951344936714,19.349980906313647,4.462190683065724,0.0,0.0,0.0,0.09049093479856102,1.3967272727272728,0.03515114634975749,61.17241448692154,0.8928006329113924,0.12195121951219505,0.5397258783450775,0.6306528302829179,0.22217010239207755,0.039373704812341696,0.09904868494683827,0.1011964107676969,0.20351745828262477,0.27263185220330016,0.10201021344209837,Software—Infrastructure,Technology,CHKP
2020Q1,2020,Q1,2020-04-02,2020-03-31,178700000.0,486500000.0,200600000.0,1.23,434300000.0,0.8927029804727646,5620700000.0,3465700000.0,2115500000.0,1377700000.0,2155000000.0,0.0,10047400000.0,14497868000.0,14090468000.0,24.033980582524272,1.5355302315453292,0.0,0.0,0.0470369643292941,24.033980582524272,0.05156245491531292,29.800345323741006,20.282411863458314,4.183243789133509,0.0,0.0,0.0,0.0865550554201434,1.4967699789504245,0.03179319301866316,41.35159155733029,0.8927029804727646,-0.3315217391304348,0.41050759546549975,0.6581698011805919,0.2163574798827354,-0.09963886044091368,-0.3439047762410553,-0.1955567140536964,0.12085247000038463,0.27924187343301815,0.11455877268665929,Software—Infrastructure,Technology,CHKP
2019Q4,2019,Q4,2020-02-03,2019-12-31,272369000.0,543948000.0,249365000.0,1.84,482362000.0,0.8867796186400171,5764900000.0,3568800000.0,2134200000.0,1396700000.0,2196100000.0,0.0,9868700000.0,16277832000.0,15998632000.0,24.32719836400818,1.5280303572707095,0.0,0.0,0.07067438311922175,24.32719836400818,0.07631949114548307,29.925345805113725,14.940973458800377,4.561149966375252,0.0,0.0,0.0,0.09435514926538188,1.486145915371948,0.04724609273361203,67.05760801502818,0.8867796186400171,0.4720000000000001,0.8466258215046141,0.628815711428501,0.2357748811496377,0.10013524701396032,0.4498123652622894,0.16612342815456344,0.39879092285247186,0.27393684067439006,0.1652394116246972,Software—Infrastructure,Technology,CHKP
2019Q3,2019,Q3,2019-10-28,2019-09-30,187865000.0,490908000.0,213841000.0,1.25,438457000.0,0.8931551329373325,5641320000.0,3583199000.0,2045365000.0,1254914000.0,2058121000.0,0.0,9596345000.0,16364118000.0,16061783000.0,23.97686758919729,1.629884597669641,0.0,0.0,0.04776464755735627,23.97686758919729,0.05242940735359661,33.33438852086338,21.776432544646422,4.566901810365542,0.0,0.0,0.0,0.08702005913509604,1.5753469958897581,0.03330160317088908,68.52416166962581,0.8931551329373325,0.03305785123966945,0.46196272742400585,0.6611443401331254,0.24267398984362953,0.00624922544488151,0.012563734948850346,0.006154338385097844,0.25309905800628013,0.2992338629345873,0.17273928057990295,Software—Infrastructure,Technology,CHKP
2019Q2,2019,Q2,2019-06-30,2019-06-30,185534000.0,488116000.0,212533000.0,1.21,435734000.0,0.8926853452867761,5747799000.0,3662061000.0,2016882000.0,1298058000.0,2085738000.0,0.0,9408480000.0,17904797820.0,17655696820.0,24.089495392023366,1.553768783829382,0.0,0.0,0.04612970313452037,24.089495392023366,0.05066382018213241,36.6814401084988,24.126033260750052,4.889268043323145,0.0,0.0,0.0,0.08492224588925257,1.4914125562956355,0.03227913850153772,78.64156880830654,0.8926853452867761,0.052173913043478314,0.4519137565951114,0.681900098466553,0.26325270417756536,0.03047674454353466,0.03113398394949203,0.03140817524907673,0.25817231753983966,0.29834875010007555,0.18556278840542162,Software—Infrastructure,Technology,CHKP
2019Q1,2019,Q1,2019-04-18,2019-03-31,179932000.0,471828000.0,206061000.0,1.15,422847000.0,0.8961888654340141,5814003000.0,3744558000.0,2151414000.0,1301234000.0,2069445000.0,0.0,9222946000.0,19556617600.0,19247162600.0,24.27873593028684,1.6533644217719488,0.0,0.0,0.044012999888437716,24.27873593028684,0.0480515991473493,41.448616021092434,27.172233955049688,5.222677175784165,0.0,0.0,0.0,0.08115372489487879,1.597362964693514,0.03094804044648756,52.974271071478874,0.8961888654340141,-0.23841059602649012,0.4633408019148437,0.7165869373229002,0.2831943689467047,-0.09306620224005765,-0.24477332538646543,-0.17669456819226081,0.20829502974794276,0.31216433272413197,0.20032796631510896,Software—Infrastructure,Technology,CHKP
2018Q4,2018,Q4,2019-01-30,2018-12-31,238249000.0,525556000.0,250285000.0,1.51,466238000.0,0.8871328650039196,5828213000.0,3772389000.0,2321907000.0,1331870000.0,2055824000.0,0.0,9043014000.0,15956429250.0,15652742250.0,24.268319984560456,1.7433435695676005,0.0,0.0,0.05923729952918022,24.268319984560456,0.06315600008376655,30.361044779243315,16.743437800368522,4.2297942364904575,0.0,0.0,0.0,0.09017446685630741,1.6872284832603783,0.04087856775310031,61.82673500385535,0.8871328650039196,0.20800000000000002,0.5179419109710642,0.6793519059495434,0.2953288057460827,0.10584875631802776,0.2018816526257378,0.10694636096663482,0.3854335119952476,0.29834950696393525,0.2087002631255196,Software—Infrastructure,Technology,CHKP
2018Q3,2018,Q3,2018-10-24,2018-09-30,198230000.0,470823000.0,226104000.0,1.25,421611000.0,0.89547664408918,5506329000.0,3632421000.0,2134509000.0,1175369000.0,1873908000.0,0.0,8805207000.0,18358933930.0,18034452930.0,23.29355974374924,1.8160330925862431,0.0,0.0,0.050707420033053924,23.29355974374924,0.054572418780752564,38.99328182777817,23.153576565101147,5.054186706331673,0.0,0.0,0.0,0.08550578797598182,1.7720834903762137,0.03600039154943339,74.82844269544768,0.89547664408918,0.008064516129032265,0.5516091829920404,0.71024967927746,0.3012273938176246,0.005840210133050866,0.002751838774622381,0.009573138060367923,0.3452701411709386,0.32713669857182154,0.17610686606411105,Software—Infrastructure,Technology,CHKP
2018Q2,2018,Q2,2018-07-09,2018-06-30,197686000.0,467770000.0,223960000.0,1.24,419163000.0,0.8960878209376403,5493087000.0,3626864000.0,2057363000.0,1201913000.0,1866223000.0,0.0,8606978000.0,15334001760.000002,15097731760.000002,23.103693417079665,1.7117403672312388,0.0,0.0,0.0507838713382662,23.103693417079665,0.05450604158303151,32.78107138123437,19.391866090669044,4.227895438042342,0.0,0.0,0.0,0.08515612441601599,1.6701300343702081,0.03598814291490377,73.60049994960187,0.8960878209376403,0.06896551724137938,0.6377169215831016,0.7202702546264348,0.3279550070228017,0.027148822301290912,0.05635353211499412,0.049361602436453086,0.39696144976489206,0.3598574679699259,0.17283148909796,Software—Infrastructure,Technology,CHKP
2018Q1,2018,Q1,2018-04-25,2018-03-31,187140000.0,452326000.0,213425000.0,1.16,408084000.0,0.9021900133974169,5422231000.0,3581420000.0,1843876000.0,1177698000.0,1840811000.0,0.0,8409293000.0,15714793280.0,15501693280.0,22.63970365125923,1.5656611457266634,0.0,0.0,0.04885165536340701,22.63970365125923,0.052253016959753394,34.74218435376255,20.993364967404084,4.387866622736233,0.0,0.0,0.0,0.0834206436428105,1.5273363799547932,0.03451346871795023,37.94368199806355,0.9021900133974169,-0.20547945205479456,0.5867502827572003,0.7583223478086438,0.3217221271342429,-0.08822103407519287,-0.21799521954970164,-0.19918877644825167,0.3464748482878438,0.4053304369837378,0.14579325650954422,Software—Infrastructure,Technology,CHKP
2017Q4,2017,Q4,2018-01-31,2017-12-31,239308000.0,506008000.0,266511000.0,1.46,447569000.0,0.8845097310714455,5462926000.0,3600123000.0,1964431000.0,1206925000.0,1862803000.0,0.0,8203035000.0,16620440760.0,16375426760.0,22.444936969288893,1.62763303436419,0.0,0.0,0.06335178116534997,22.444936969288893,0.06647217331185629,32.84620156203064,17.363022506560583,4.616631365095026,0.0,0.0,0.0,0.09262581993605624,1.560124282784763,0.04380582859808096,63.490351632483886,0.8845097310714455,0.2586206896551725,0.717011137100097,0.71381084133411,0.34301695670086496,0.1111637987750532,0.2418552998930992,0.18484088666008697,0.4839169992798344,0.38580815842332294,0.14015962301152246,Software—Infrastructure,Technology,CHKP
2017Q3,2017,Q3,2017-10-31,2017-09-30,192702000.0,454627000.0,224934000.0,1.16,402793000.0,0.8859856541736413,5331568000.0,3591417000.0,1885333000.0,1098367000.0,1740151000.0,0.0,7963727000.0,18483098080.0,18222071080.0,22.155017766372204,1.716487294319658,0.0,0.0,0.05089083145868695,22.155017766372204,0.053656258797015216,40.65552217532175,23.978861246899356,5.146463938885404,0.0,0.0,0.0,0.0852707871305402,1.631203413795207,0.0361435885278027,73.5174597770185,0.8859856541736413,0.035714285714285546,0.5906126652074287,0.720817562197233,0.36513485170968635,-0.005891208845451404,0.02304074070141536,0.014852780610173161,0.3824880869402861,0.41823186115553973,0.14825108911217688,Software—Infrastructure,Technology,CHKP
2017Q2,2017,Q2,2017-07-20,2017-06-30,188362000.0,458573000.0,221642000.0,1.12,405180000.0,0.8835670656580304,5319384000.0,3568227000.0,2020585000.0,1127597000.0,1751157000.0,0.0,7771025000.0,17815818240.0,17536881240.0,21.8470011265674,1.7919389640093046,0.0,0.0,0.05022553489577112,21.8470011265674,0.052788681885989876,38.85056084854538,23.645717076692748,4.992904946910608,0.0,0.0,0.0,0.08620791429985127,1.714268484219096,0.03541049113957556,80.91699401382543,0.8835670656580304,0.03703703703703707,0.5800476643512256,0.7554534013806963,0.3684302332035336,0.04927321553891851,0.03183220031662385,0.051283024237537354,0.3719801649546968,0.470695827474821,0.14565634531494023,Software—Infrastructure,Technology,CHKP
2017Q1,2017,Q1,2017-04-20,2017-03-31,182551000.0,435450000.0,210830000.0,1.08,386153000.0,0.8867906763118613,5250911000.0,3560378000.0,1816756000.0,1103185000.0,1690533000.0,0.0,7582664000.0,16950192600.0,16719888600.0,21.563672703046453,1.6468280478795487,0.0,0.0,0.04886966031896612,21.563672703046453,0.05127292663868836,38.92569204271443,23.212955009832868,4.760784557145337,0.0,0.0,0.0,0.08292846707933156,1.5836355642979192,0.03476558639062822,48.78314798825764,0.8867906763118613,-0.17557251908396945,0.5866650848840581,0.7360696659066406,0.39122559308525,-0.09773331059089072,-0.17752777602566297,-0.12667246592933185,0.38682736952574276,0.47986296348555824,0.13969621259569698,Software—Infrastructure,Technology,CHKP
2016Q4,2016,Q4,2017-01-19,2016-12-31,221954000.0,486707000.0,241410000.0,1.31,427981000.0,0.8793401368790669,5217636000.0,3491123000.0,1892455000.0,1165858000.0,1726513000.0,0.0,7316129000.0,14123401199.999998,13935973199.999998,20.87742494916876,1.6232294155892055,0.0,0.0,0.060928153742411166,20.87742494916876,0.06357667718954617,29.018282457412774,15.908027338998169,4.045518075415847,0.0,0.0,0.0,0.09328113344817461,1.5880441700447225,0.042539188245404626,80.03332709994389,0.8793401368790669,0.3232323232323233,0.7674197823190965,0.7361101510405388,0.44568319948322777,0.1340128880457017,0.30828991111215903,0.16912362946030762,0.3145453704340797,0.44570220536761546,0.1143387734983354,Software—Infrastructure,Technology,CHKP
2016Q3,2016,Q3,2016-10-31,2016-09-30,169652000.0,427574000.0,206488000.0,0.99,377404000.0,0.8826635857184955,5003258000.0,3457546000.0,1529398000.0,1001372000.0,1545712000.0,0.0,7094175000.0,13124859930.0,12900532930.0,20.44518162412115,1.527302540913866,0.0,0.0,0.046341503598887196,20.44518162412115,0.04906717076215327,30.69611325758816,19.340856473840567,3.796004429152931,0.0,0.0,0.0,0.08545911484076975,1.4829104468668985,0.03390830534823509,63.47227225905668,0.8826635857184955,0.04210526315789478,0.5436889936578637,0.6918780955361586,0.4252239982801818,0.007348172032104546,0.023115565767493473,0.02145425943972575,0.22449006327252322,0.4321762159221732,0.14211098232944913,Software—Infrastructure,Technology,CHKP
2016Q2,2016,Q2,2016-07-26,2016-06-30,165819000.0,422749000.0,202151000.0,0.95,374651000.0,0.8862256327040395,5015996000.0,3473377000.0,1643808000.0,1022169000.0,1542619000.0,0.0,6924523000.0,13620658560.000002,13410930560.000002,20.319038036293012,1.6081567725102208,0.0,0.0,0.04510383749549754,20.319038036293012,0.04773999482348158,32.21925672207386,20.535431042281044,3.9214454866258404,0.0,0.0,0.0,0.08428017087732925,1.564705053665294,0.03305804071614092,69.31350662568445,0.8862256327040395,0.0,0.569809623319316,0.7038139730024724,0.462084208576629,0.04283503404200834,-0.009574607877100978,-0.0003461559383051216,0.2615320576374584,0.42773623127869076,0.1678984745458381,Software—Infrastructure,Technology,CHKP
2016Q1,2016,Q1,2016-04-18,2016-03-31,167422000.0,404271000.0,202221000.0,0.95,359262000.0,0.8886662659453683,5013552000.0,3507339000.0,1665602000.0,1005959000.0,1506213000.0,0.0,6758704000.0,15167385470.0,14923377470.0,20.2267518641761,1.6557354723204425,0.0,0.0,0.045496617053082604,20.2267518641761,0.04773476416166216,37.517866653804006,22.64843549533514,4.324470908001764,0.0,0.0,0.0,0.0806356451473925,1.6081261761165218,0.03339388920270499,47.54070169884654,0.8886662659453683,-0.12037037037037047,0.6463174440350014,0.7255364885464358,0.5030750558033384,-0.10930899065828359,-0.13967852664898975,-0.1538516255910289,0.2950525876261304,0.43368074250228444,0.18085227221816513,Software—Infrastructure,Technology,CHKP
2015Q4,2015,Q4,2016-01-28,2015-12-31,194604000.0,458072000.0,238990000.0,1.08,403352000.0,0.880542796765574,5069880000.0,3531866000.0,1735834000.0,1056853000.0,1538014000.0,0.0,6591282000.0,14315311660.0,14122999660.0,20.07802986805528,1.6424554786711114,0.0,0.0,0.053063878966332946,20.07802986805528,0.05509948565432551,31.251226139122235,18.39031014264866,4.053186519533867,0.0,0.0,0.0,0.09035164540383599,1.6038086659166413,0.03838434045776232,69.88635676171785,0.880542796765574,0.1739130434782609,0.7261488479315579,0.752902607475576,0.5830105285862779,0.13157451774713005,0.1601318683939121,0.167889988955892,0.2731614626102275,0.41466977730943955,0.2013905232543403,Software—Infrastructure,Technology,CHKP
2015Q3,2015,Q3,2015-10-26,2015-09-30,167743000.0,403856000.0,204634000.0,0.92,356452000.0,0.8826215284655917,4858168000.0,3515879000.0,1593408000.0,908701000.0,1342289000.0,0.0,6396678000.0,14082582270.0,13824552270.0,19.805648972786013,1.7535008765259419,0.0,0.0,0.04585364468421269,19.805648972786013,0.04771011744147054,34.87030592587457,20.988330764920146,4.005422902779077,0.0,0.0,0.0,0.08312927836171989,1.67070576570291,0.034528036082737364,63.01890341259968,0.8826215284655917,0.0454545454545455,0.7100494677562407,0.7257664737883782,0.5951413561514237,0.019217627262095725,0.03140141174155783,0.02790865891761018,0.2643622150219158,0.3959023333743723,0.22037282743761932,Software—Infrastructure,Technology,CHKP
2015Q2,2015,Q2,2015-07-22,2015-06-30,162636000.0,395334000.0,199078000.0,0.88,349731000.0,0.8846469061603606,4884993000.0,3554028000.0,1548668000.0,911130000.0,1330965000.0,0.0,6228935000.0,14352092800.0,14136101800.0,19.69907325292657,1.6997223228298926,0.0,0.0,0.0438698610353056,19.69907325292657,0.04576103508469826,36.303714833533164,22.06167884109299,4.0382610378984065,0.0,0.0,0.0,0.08092826335677451,1.6137400809983207,0.03329298527142209,75.71186630231797,0.8846469061603606,0.023255813953488393,0.8221101448777852,0.7449418107827723,0.651818263190255,0.055804447449931474,0.010896117054008192,0.010471283912392458,0.23503473943639347,0.3700316046230959,0.23389051198493946,Software—Infrastructure,Technology,CHKP
2015Q1,2015,Q1,2015-04-16,2015-03-31,160883000.0,372576000.0,197015000.0,0.86,331246000.0,0.8890696126427896,4910589000.0,3618185000.0,1576268000.0,904229000.0,1292404000.0,0.0,6066299000.0,15010018520.0,14755235520.0,19.758977915638173,1.7432177025952496,0.0,0.0,0.042722096101874454,19.758977915638173,0.04446511165128372,40.287132075066566,23.32443222714644,4.1484939327314665,0.0,0.0,0.0,0.07587195751874164,1.6593639443105674,0.032762464950742164,53.24476428312984,0.8890696126427896,-0.12244897959183673,0.8730592145250959,0.735247406318282,0.7108450696302115,-0.10163023874549454,-0.1340273329637265,-0.1406256815584461,0.2608350959420023,0.33933992178812505,0.27479192195114704,Software—Infrastructure,Technology,CHKP
2014Q4,2014,Q4,2014-12-31,2014-12-31,185783000.0,420642000.0,229254000.0,0.98,368719000.0,0.8765624925708797,4948818000.0,3637559000.0,1747835000.0,932835000.0,1311259000.0,0.0,5905416000.0,14518243169.999998,14256273169.999998,19.68578479389115,1.8736807688390766,0.0,0.0,0.04955985197496651,19.68578479389115,0.051073535851927074,34.51448778296033,19.536560355360823,3.9912048629314323,0.0,0.0,0.0,0.08499847842454501,1.8000632480556582,0.037540883499857944,70.56322865835875,0.8765624925708797,0.16666666666666669,0.9597003055371721,0.7860267112782952,0.8118215461947359,0.13228678206982536,0.15359491328618355,0.16147957503508442,0.3387935550275563,0.3578544615950602,0.3631665981059579,Software—Infrastructure,Technology,CHKP
2014Q3,2014,Q3,2014-10-23,2014-09-30,161047000.0,370370000.0,197381000.0,0.84,325641000.0,0.8792315792315792,4766125000.0,3613739000.0,1522378000.0,798838000.0,1152386000.0,0.0,5719633000.0,12968167319.999998,12718306319.999998,19.29457587843646,1.9057405882043668,0.0,0.0,0.04297304108148734,19.29457587843646,0.044565199645021404,35.01408677808677,20.1310290163741,3.5885733086977223,0.0,0.0,0.0,0.07770883054892601,1.8228739744478855,0.03378992368013848,65.2069737576492,0.8792315792315792,0.012048192771084348,0.9623983446472193,0.7667158978592968,0.8098237453218018,0.012606230973266954,0.008712481835947286,0.039279489893166104,0.32314948084603834,0.3232717112961388,0.34501581273028337,Software—Infrastructure,Technology,CHKP
2014Q2,2014,Q2,2014-07-23,2014-06-30,159656000.0,362598000.0,189921000.0,0.83,321587000.0,0.886896783766044,4772021000.0,3621912000.0,1538860000.0,816416000.0,1150109000.0,0.0,5558586000.0,12731208990.0,12413664990.0,19.06941921624994,1.8848969152980832,0.0,0.0,0.042449402924660776,19.06941921624994,0.04408058506115002,35.11108442407294,19.935375103347198,3.5150519918761143,0.0,0.0,0.0,0.07598415849385406,1.8115188825304747,0.033456684285337386,76.85885990437323,0.886896783766044,0.06410256410256401,1.3295570223452944,0.7885500963327338,0.8601948930671572,0.060195563878046206,0.042923865826175,0.029393272555800064,0.36033631673812366,0.3152652433207498,0.3721661750426724,Software—Infrastructure,Technology,CHKP
2014Q1,2014,Q1,2014-04-07,2014-03-31,153085000.0,342206000.0,184498000.0,0.78,303328000.0,0.886390069139641,4773289000.0,3633104000.0,1494633000.0,826647000.0,1140185000.0,0.0,5398930000.0,12986244970.0,12584710970.0,18.920544321134887,1.8080668048151145,0.0,0.0,0.040564342960741205,18.920544321134887,0.04213614584113199,37.94861858062103,21.207572541398566,3.5744214781630252,0.0,0.0,0.0,0.07169186697055217,1.7384457936700914,0.03207117775605039,76.45488781607843,0.886390069139641,-0.2121212121212121,1.0704406602681473,0.9205148692914806,0.9099815548139523,-0.11016454422511082,-0.21143454677511578,-0.13834298524192043,0.35938065993364465,0.3190053971957778,0.40600915076671745,Software—Infrastructure,Technology,CHKP
2013Q4,2013,Q4,2013-12-31,2013-12-31,194131000.0,387076000.0,214120000.0,0.99,340881000.0,0.8806565118994719,4886437000.0,3602097000.0,1600318000.0,986854000.0,1284340000.0,0.0,5245845000.0,12400771237.0,11992339237.0,18.735258474069372,1.621636027213752,0.0,0.0,0.05163133635079475,18.735258474069372,0.0538938845900041,32.037045016999244,15.969591715130504,3.4426533313789163,0.0,0.0,0.0,0.07921436416759287,1.567062605005401,0.039728538401293215,221.16983069075604,0.8806565118994719,0.23749999999999993,1.4859322589545039,0.970076850948248,0.9786724453916157,0.1213264560951059,0.21559038453109247,0.14815192154044968,0.5754650710490569,0.35521341781243676,0.4771425092570465,Software—Infrastructure,Technology,CHKP
2013Q3,2013,Q3,2013-10-21,2013-09-30,159701000.0,344127000.0,186491000.0,0.8,303998000.0,0.8833889813934972,4818178000.0,3489503000.0,1575598000.0,941475000.0,1328675000.0,0.0,5051716000.0,11025297360.0,10804215360.0,17.90122145784919,1.673542048381529,0.0,0.0,0.04363726379349225,17.90122145784919,0.04576611626354813,32.038454872764994,17.259280405257325,3.159560934608739,0.0,0.0,0.0,0.07142264150473478,1.6114193154358851,0.03314551683229636,57.20918726228343,0.8833889813934972,0.05263157894736847,1.1870924243119887,0.889198978636268,0.9461477843033107,0.010433458862789546,0.057566486543759274,0.017464127884772765,0.4826404188080443,0.3391775763975302,0.44175930373584527,Software—Infrastructure,Technology,CHKP
2013Q2,2013,Q2,2013-07-18,2013-06-30,151008000.0,340172000.0,183290000.0,0.76,300859000.0,0.8844319932269558,4728088000.0,3416731000.0,1559448000.0,939219000.0,1311357000.0,0.0,4892013000.0,9872374490.0,9705884490.0,17.39794894774094,1.660366751524405,0.0,0.0,0.042435230003046616,17.39794894774094,0.04419663122440719,29.021713985865972,16.34412496357809,2.8894210548035537,0.0,0.0,0.0,0.07194705343893769,1.6015753514356077,0.03193849183856138,48.72479574562594,0.8844319932269558,0.04109589041095894,1.0883783066001107,0.8659985017342666,0.9408990418323091,0.05293753259161525,0.020600162206001624,0.0355133217328422,0.5542476212306927,0.3793601012308378,0.45886303609032464,Software—Infrastructure,Technology,CHKP
2013Q1,2013,Q1,2013-04-22,2013-03-31,147960000.0,322730000.0,177004000.0,0.73,285733000.0,0.8853623772193474,4686386000.0,3399393000.0,1712065000.0,928231000.0,1286993000.0,0.0,4741005000.0,9172774980.0,8920003980.0,17.128943509742566,1.8444385072250333,0.0,0.0,0.04145460769388449,17.128943509742566,0.043525417626029114,28.422442846961857,15.498741180048661,2.6983567301574136,0.0,0.0,0.0,0.06886543276631503,1.7897042869716697,0.03157230326311149,27.892644225506295,0.8853623772193474,-0.1411764705882353,1.0679240393818747,0.8423393882562944,0.9722984083786451,-0.11850524146526566,-0.14958674835906338,-0.15901002988535237,0.5894291301649887,0.3868879041634966,0.48312168153314083,Software—Infrastructure,Technology,CHKP
2012Q4,2012,Q4,2013-01-23,2012-12-31,173986000.0,368574000.0,210471000.0,0.85,324146000.0,0.8794597557071308,4552393000.0,3346309000.0,1924919000.0,871195000.0,1206084000.0,0.0,4593045000.0,9538957200.0,8964155200.0,16.712325825300905,2.2095156652643784,0.0,0.0,0.04971539422963391,16.712325825300905,0.05199340527130041,25.880711064806526,13.706501097789477,2.850590665715569,0.0,0.0,0.0,0.08096269368659516,2.1546175081353773,0.03821858086505273,47.903405330213076,0.8794597557071308,0.1643835616438356,1.2040282620469132,0.985873272209596,1.0069676750605707,0.10225247895101947,0.1415879848038476,0.15234387832199994,0.6936597171943473,0.44420278361917276,0.5381531564189024,Software—Infrastructure,Technology,CHKP
2012Q3,2012,Q3,2012-10-17,2012-09-30,152407000.0,332356000.0,182646000.0,0.73,294076000.0,0.8848222989806112,4367865000.0,3309584000.0,1741446000.0,750914000.0,1058281000.0,0.0,4419059000.0,9527516160.0,9197125160.0,16.229178925895415,2.3191017879544127,0.0,0.0,0.043557595349610956,16.229178925895415,0.04605019845394467,28.666598948115876,15.628409718713707,2.8787654762652948,0.0,0.0,0.0,0.07609117955797627,2.252162031870494,0.034892790871512744,53.14558971841671,0.8848222989806112,0.028169014084507067,1.1610319123930413,0.9652785756238659,0.9887039854272598,0.011623786967185764,0.016175382215080577,0.011732252060622174,0.7056272671840712,0.4560595097337157,0.5222906982883034,Software—Infrastructure,Technology,CHKP
2012Q2,2012,Q2,2012-07-18,2012-06-30,149981000.0,328649000.0,180528000.0,0.71,290697000.0,0.8845211760875584,4334477000.0,3280522000.0,1672153000.0,750390000.0,1053955000.0,0.0,4266652000.0,10189852380.0,9898790380.0,15.96500910055382,2.2283785764735673,0.0,0.0,0.04337050794860035,15.96500910055382,0.04571863868006372,31.005274259164032,16.98523876357672,3.1061679757063057,0.0,0.0,0.0,0.07582206573019075,2.1602286810858353,0.03460186776859123,65.21755958628812,0.8845211760875584,0.0441176470588234,1.3463492042510699,1.0269524666290282,1.0282539105046924,0.058561986781494095,0.04424686338128194,0.0441783793163283,1.0227908941601482,0.49842380426468313,0.5573640738525393,Software—Infrastructure,Technology,CHKP
2012Q1,2012,Q1,2012-04-09,2012-03-31,143626000.0,313116000.0,172890000.0,0.68,274615000.0,0.8770391803676593,4250428000.0,3194719000.0,1692312000.0,752961000.0,1055709000.0,0.0,4116672000.0,13158317760.0,12742165760.0,15.499767119167062,2.2475427014148144,0.0,0.0,0.042392069991370566,15.499767119167062,0.04495731862489315,42.02377955773579,22.903787893556878,4.118771560190427,0.0,0.0,0.0,0.07366693424756283,2.180128851295087,0.033790949993741805,48.21397783192569,0.8770391803676593,-0.09446826643939596,2.3383414906041162,1.083810887525522,1.0210063178988178,-0.10257709049554908,-0.10127588213577288,-0.10238305383936452,0.8096722503026741,0.637088004992887,0.5646626650403451,Software—Infrastructure,Technology,CHKP
2011Q4,2011,Q4,2012-01-17,2011-12-31,159811000.0,356758000.0,192610000.0,0.75094,306004000.0,0.857735495770242,4128063000.0,3073091000.0,1770003000.0,762470000.0,1054972000.0,0.0,3973045000.0,11180512000.0,10686966000.0,14.441217105263158,2.32140674387189,0.0,0.0,0.04942642342704307,14.441217105263158,0.052003341261290345,31.33920472701383,17.490210310929786,3.6381975021240827,0.0,0.0,0.0,0.08642261515873183,2.2518367935787635,0.03871331421056316,56.01599238457877,0.857735495770242,0.19196825396825404,1.1611742851584648,1.3970115194761004,0.931364803012701,0.15197169047753498,0.19196115577964407,0.21763263035452385,0.8489499636206874,0.6405321093552341,0.525169156521159,Software—Infrastructure,Technology,CHKP
2011Q3,2011,Q3,2011-10-18,2011-09-30,134074000.0,308310000.0,158184000.0,0.63,265635000.0,0.8615841198793422,3861557000.0,2959581000.0,1460612000.0,635973000.0,901976000.0,0.0,3813233000.0,10884968360.0,10464257360.0,14.345240922684685,2.296657248027825,0.0,0.0,0.04270001197091699,14.345240922684685,0.04530168290714125,35.30527183678765,20.29656823843549,3.677874793763036,0.0,0.0,0.0,0.0798408517600543,2.213694606532038,0.03472019188115053,71.35625367107195,0.8615841198793422,0.050000000000000044,1.1103459554146489,1.4222698755994767,1.013420970969801,0.02884332346971974,0.04752677922666437,0.05423670074510484,0.7348526497444208,0.5992085076850028,0.5595560840759684,Software—Infrastructure,Technology,CHKP
2011Q2,2011,Q2,2011-07-18,2011-06-30,127991000.0,300644000.0,150046000.0,0.6,258188000.0,0.858783145514296,3781139000.0,2878536000.0,1399745000.0,636902000.0,902603000.0,0.0,3679160000.0,11775283650.0,11416265650.0,13.897310371797285,2.1977399976762517,0.0,0.0,0.0414701427859844,13.897310371797285,0.04446392193809631,39.166867291547476,23.000218081740122,4.090719605382737,0.0,0.0,0.0,0.07951149111418543,2.116028839601697,0.033849853179161095,67.71841120044166,0.858783145514296,0.052631578947368474,1.2659587900657299,1.517569367660791,0.9017915378645733,0.06920770594179132,0.04833319682201655,0.061641218673496825,0.678264767341646,0.5636411666133808,0.5503710503857953,Software—Infrastructure,Technology,CHKP
2011Q1,2011,Q1,2011-04-01,2011-03-31,122090000.0,281274000.0,141334000.0,0.57,241476000.0,0.8585080739776872,3668423000.0,2801420000.0,1322078000.0,624885000.0,867003000.0,0.0,3551169000.0,10627435850.0,10288211850.0,13.456914068316864,2.115714091392816,0.0,0.0,0.0405601361489329,13.456914068316864,0.043581469397662616,37.78321441014811,21.76147892947825,3.793588912051745,0.0,0.0,0.0,0.07667436388878818,2.0512862366675466,0.033281330969738225,50.66860482302235,0.8585080739776872,-0.11057017133227232,1.319320930164837,1.4651491386496145,0.8231272497424004,-0.11010381311428287,-0.11148469168686186,-0.12744940670955315,0.626703518157486,0.530727700995474,0.549485535026348,Software—Infrastructure,Technology,CHKP
2010Q4,2010,Q4,2011-04-01,2010-12-31,137409000.0,318506000.0,161978000.0,0.64086,271353000.0,0.8519556931423584,3605302000.0,2719331000.0,1416934000.0,663262000.0,885971000.0,0.0,3429079000.0,9918144000.0,9366367000.0,12.683446828358209,2.136311140997072,0.0,0.0,0.0482061163961924,12.683446828358209,0.050530442965567635,31.139582927794137,18.044931554701655,3.647273538969695,0.0,0.0,0.0,0.08834377813564578,2.069599946928966,0.03811303463621078,56.37359039650782,0.8519556931423584,0.18677777777777768,0.7854453464437064,1.3665077139326118,0.7756758418297979,0.17380414752524073,0.19992140767585032,0.19928625372051353,0.6256326035292107,0.6026873870690281,0.5231433409661951,Software—Infrastructure,Technology,CHKP
2010Q3,2010,Q3,2010-10-20,2010-09-30,114515000.0,273194000.0,135062000.0,0.54,231174000.0,0.8461898870399789,3336849000.0,2573128000.0,1158210000.0,558500000.0,763721000.0,515448000.0,3291670000.0,7653336270.0,7214551270.0,12.416234396035495,2.0737869292748434,0.0,0.0,0.04223903654621546,12.416234396035495,0.04450419878062809,28.014291199660313,16.708152359952845,2.974331735537447,0.0,0.08152131737828064,0.0,0.08187184976005807,1.082358102059087,0.03431830448426045,53.4693559925944,0.8461898870399789,0.1250000000000001,0.7140660303784162,1.2825762311347049,0.7799636998725398,0.036157538759429335,0.11329852908293717,0.1060411258424574,0.5978058804763141,0.5896339343189827,0.5214703676718795,Software—Infrastructure,Technology,CHKP
2010Q2,2010,Q2,2010-07-21,2010-06-30,102861000.0,261091000.0,122113000.0,0.48,223107000.0,0.8545181565048201,3226944000.0,2479518000.0,1179145000.0,551582000.0,747426000.0,0.0,3177155000.0,6129304720.0,5671627720.0,11.925690429696894,2.1377510506144146,0.0,0.0,0.0391947831967391,11.925690429696894,0.04148427234648024,23.475741101761454,14.897056999251417,2.471974278871942,0.0,0.0,0.0,0.08090967801114615,2.0801077627623816,0.03187566936395549,41.502273201251306,0.8545181565048201,0.04347826086956513,0.5565394368567467,1.1316801177802482,0.7662576618650303,0.07128555034307912,0.04916310523148479,0.05396121214213583,0.5903664145909113,0.5914507424776337,0.5150838998683707,Software—Infrastructure,Technology,CHKP
2010Q1,2010,Q1,2010-04-26,2010-03-31,98041000.0,245077000.0,115861000.0,0.46,208261000.0,0.8497778249284919,3160218000.0,2413955000.0,1261984000.0,546386000.0,746263000.0,0.0,3074378000.0,7330120980.0,6741854980.0,11.549250289454294,2.3096931473354,0.0,0.0,0.03824019511699697,11.549250289454294,0.040614261657735955,29.90946102653452,18.69146831427668,3.0365607395332557,0.0,0.0,0.0,0.07755066264415936,2.242930821799973,0.03102349268309971,33.79353083551167,0.8497778249284919,-0.10310403993136792,0.5775950254018913,1.1114571588275748,0.7202521510762777,-0.09864013295708325,-0.10494266725094946,-0.11272696640399446,1.2471783491693837,0.6083764775890168,0.5059005482165075,Software—Infrastructure,Technology,CHKP
2009Q4,2009,Q4,2010-01-28,2009-12-31,109536000.0,272123000.0,130581000.0,0.51288,231052000.0,0.849071927032996,3069594000.0,2319718000.0,1202210000.0,553266000.0,749876000.0,0.0,2978267000.0,7233380000.000001,6819295000.000001,10.86518969555035,2.172933091858166,0.0,0.0,0.04500907924425888,10.86518969555035,0.04721953271906327,26.58128860846015,16.509138548057262,3.118215231334154,0.0,0.0,0.0,0.0886511375771519,2.1104965784993115,0.03568419797536743,49.59737249900578,0.849071927032996,0.19274418604651164,0.7281953316732015,1.294350572427132,0.7155660859812065,0.1696525749345699,0.19759902911559865,0.23800449387070166,0.47643300155956264,0.8223651223479502,0.45310778191917733,Software—Infrastructure,Technology,CHKP
2009Q3,2009,Q3,2009-10-22,2009-09-30,91463000.0,233641000.0,105477000.0,0.43,197539000.0,0.845480887344259,2878067000.0,2225361000.0,1182752000.0,467955000.0,652706000.0,0.0,2868731000.0,5917722300.0,5309501300.0,10.661024825379183,2.527490891218173,0.0,0.0,0.03826177931490525,10.661024825379183,0.04110029788425339,25.328269867018204,16.17518094748696,2.6592190210936564,0.0,0.0,0.0,0.08117983354800287,2.453815003579404,0.031779315769924744,47.30809503633413,0.845480887344259,0.19444444444444448,0.6502343055954379,1.1759718110227917,0.6901826397150543,0.0462926180753076,0.20978003518378902,0.21688317681533953,0.42290333811629993,0.8142821986203013,0.4963241866160969,Software—Infrastructure,Technology,CHKP
2009Q2,2009,Q2,2009-07-28,2009-06-30,75603000.0,223641000.0,86678000.0,0.36,188799000.0,0.8442056689068641,2789406000.0,2147863000.0,1247792000.0,471457000.0,641543000.0,0.0,2777268000.0,4917457870.0,4203363870.0,10.251301778819307,2.6466719128149543,0.0,0.0,0.032180763903191634,10.251301778819307,0.03519917238669319,21.9881768995846,16.26078948586696,2.2894653290270375,0.0,0.0,0.0,0.08017513406080004,2.5634787477967236,0.027103619910475562,44.10276116591928,0.8442056689068641,-0.05263157894736847,0.4531940538470363,1.142689047895123,0.5950117159031939,0.08656917419154336,-0.06571841672742551,-0.06071672391933334,0.32319836122968154,0.8513719541447066,0.4028497927641293,Software—Infrastructure,Technology,CHKP
2009Q1,2009,Q1,2009-04-27,2009-03-31,80921000.0,195012000.0,92281000.0,0.38,173757000.0,0.891006707279552,2647589000.0,2081805000.0,1205151000.0,401013000.0,565784000.0,0.0,2702527000.0,4667498130.0,3996833130.0,9.906139812422378,3.005266662178034,0.0,0.0,0.03562295092517578,9.906139812422378,0.038870595468835936,23.93441495907944,14.419922300762472,2.2420438657799364,0.0,0.0,0.0,0.07365644743198435,2.936129252667619,0.030564033919161925,27.39254623135927,0.891006707279552,-0.06470747495631195,1.2976808863808207,1.0003403866893856,0.5118959668841468,-0.005414904151617316,-0.06421583366098481,-0.11051885837662775,0.5227869492463789,0.6930590180595317,0.34207243503964785,Software—Infrastructure,Technology,CHKP
2008Q4,2008,Q4,2009-01-27,2008-12-31,86474000.0,217567000.0,103747000.0,0.40629,174703000.0,0.8029848276622833,2593616000.0,2015865000.0,1194530000.0,402554000.0,577751000.0,0.0,2621606000.0,4042970999.9999995,3499780999.9999995,9.468600281822452,2.9673782896207714,0.0,0.0,0.045300443719416224,9.468600281822452,0.04289672175468099,18.582648103802505,11.688400559705807,2.00557626626783,0.0,0.0,0.0,0.08388558676380775,2.8315604862950066,0.033341095983368395,33.4234801011888,0.8029848276622833,0.09808108108108106,0.5921719843653092,1.26719353641551,0.6571969744962922,-0.04278622775488735,0.08010142266521778,0.14727576330601908,0.13152993990759512,0.6279177158669935,0.3255990271338017,Software—Infrastructure,Technology,CHKP
2008Q3,2008,Q3,2008-10-28,2008-09-30,80061000.0,199720000.0,90429000.0,0.37,182512000.0,0.9138393751251752,2477723000.0,1965931000.0,992436000.0,360989000.0,511792000.0,0.0,2532946000.0,4860174720.0,4336754720.0,9.198284735738882,2.7492139649684617,0.0,0.0,0.03750916876295605,9.198284735738882,0.040724216668845445,24.33494251952734,15.1764739386218,2.4722000517820817,0.0,0.0,0.0,0.08060626631790559,2.65970985265479,0.03231232869856719,57.957889263865866,0.9138393751251752,0.027777777777777804,0.5927676942851557,1.1811713213645745,0.6400422156061222,-0.0016410301293131742,0.011215944829676784,0.0817513009151265,0.16197356311741057,0.6180269731884664,0.3186456061053958,Software—Infrastructure,Technology,CHKP
2008Q2,2008,Q2,2008-07-15,2008-06-30,79173000.0,199606000.0,83595000.0,0.36,182812000.0,0.9158642525775779,2423991000.0,1927499000.0,940555000.0,360592000.0,496492000.0,0.0,2455071000.0,5089760100.0,4616790100.0,8.963860856624658,2.608363468962151,0.0,0.0,0.03562528080881761,8.963860856624658,0.04107550769157338,25.499033596184482,16.071640900306924,2.640603237667049,0.0,0.0,0.0,0.08234601531111295,2.5254470426409905,0.03266224998360143,63.20484924498311,0.9158642525775779,0.0,0.5126054307037753,1.1628790404126947,0.6715882599735424,0.08365145228215767,0.011692095376830483,0.06180695804595511,0.15843365612474053,0.5757539463833171,0.32759507814154604,Software—Infrastructure,Technology,CHKP
2008Q1,2008,Q1,2008-04-17,2008-03-31,78258000.0,191597000.0,78729000.0,0.36,168700000.0,0.8804939534543861,2393440000.0,1885158000.0,1037357000.0,377678000.0,508282000.0,0.0,2375898000.0,4862256000.0,4254896000.0,8.684762628705688,2.746670444134951,0.0,0.0,0.03501112406847623,8.684762628705688,0.04151270079218824,25.37751634942092,15.532776201794064,2.5792299637483964,0.0,0.0,0.0,0.08005088909686477,2.675821731739736,0.03269687144862624,34.63614021840562,0.8804939534543861,-0.08668848466397755,0.47775114319827644,1.0731367525710256,0.7015499498620162,-0.07852979893705928,-0.10986498629389083,-0.10755296598161353,0.2125568643839806,0.5894760826391302,0.29358886673879037,Software—Infrastructure,Technology,CHKP
2007Q4,2007,Q4,2008-03-26,2007-12-31,87917000.0,206704000.0,88217000.0,0.39417,183077000.0,0.8856964548339655,2371467000.0,1856955000.0,1065129000.0,390099000.0,514512000.0,0.0,2297640000.0,4897080000.0,4387416000.0,8.327152466367712,2.730406896710835,0.0,0.0,0.04108408886570879,8.327152466367712,0.04734471217665479,23.69126867404598,13.92529317424389,2.6371559892404504,0.0,0.0,0.0,0.08716292488995209,2.6750491541890646,0.03707283297638129,58.38963144904554,0.8856964548339655,0.15932352941176467,0.5453460752284672,1.1252161096600861,0.7734032523682883,0.12942170785574159,0.14567750006515676,0.1359387071851661,0.328011472039792,0.6685392414847846,0.31482107210200844,Software—Infrastructure,Technology,CHKP
2007Q3,2007,Q3,2007-10-22,2007-09-30,76738000.0,184012000.0,77660000.0,0.34,162098000.0,0.8809099406560442,2248863000.0,1810798000.0,876679000.0,398483000.0,437618000.0,0.0,2211581000.0,5633863270.0,5306060270.0,8.160681048974055,2.2000411560844504,0.0,0.0,0.03688347489092302,8.160681048974055,0.04237800130108383,30.61682537008456,18.35421587088535,3.1112599362270115,0.0,0.0,0.0,0.08182445973809876,2.2000411560844504,0.03412302127786353,63.17052497617313,0.8809099406560442,0.09677419354838718,0.35822114324300974,0.959827633249596,0.7815182222654098,0.03648524221187784,0.10476382430428585,0.12845103167683813,0.30247249599811776,0.6121604782398138,0.2937819452771987,Software—Infrastructure,Technology,CHKP
2007Q2,2007,Q2,2007-07-18,2007-06-30,69461000.0,176192000.0,68820000.0,0.31,156392000.0,0.8876225935343262,2207311000.0,1757592000.0,870962000.0,405386000.0,449272000.0,0.0,2136366000.0,5093267710.0,4831103710.0,7.871306949227689,2.148475773707035,0.0,0.0,0.03380108311066372,7.871306949227689,0.03952054856872357,28.907485640664728,18.331393551777253,2.8978669167815965,0.0,0.0,0.0,0.07982200967602662,2.148475773707035,0.031468605919147775,71.22255998993175,0.8876225935343262,0.4761904761904762,0.17128930020114524,0.7711850536830827,0.82447859071054,0.06382602425701828,0.47953054443213766,0.5334566278214755,0.2528006036968898,0.5839820259045547,0.22470561050387805,Software—Infrastructure,Technology,CHKP
2007Q1,2007,Q1,2007-04-26,2007-03-31,46948000.0,163969000.0,44879000.0,0.21,147009000.0,0.8965658142697706,2187573000.0,1724963000.0,851343000.0,413556000.0,462163000.0,0.0,2069344000.0,5011150760.0,4765082760.0,7.6693313533436775,2.0585918231146447,0.0,0.0,0.021078976827634835,7.6693313533436775,0.027216815665031657,30.56157420000122,26.68458059981256,2.9050772451351135,0.0,0.0,0.0,0.07495475579557802,2.0585918231146447,0.02146122666535014,44.06879449838188,0.8965658142697706,-0.395352854798307,-0.2010841961929275,0.6951355759840843,0.8941408506120724,0.007083404692584346,-0.4097635181855898,-0.43646249277982874,0.24554343881151888,0.5715117300498884,0.17050953866792093,Software—Infrastructure,Technology,CHKP
