Quarters,Year,Quarter,FillingDate,Date,NetIncome,Revenue,OperatingIncome,EPSDiluted,GrossProfit,GrossProfitRatio,TotalAssets,CommonStockEquity,CurrentAssets,CurrentLiability,TotalLiability,Inventory,RetainedEarnings,MarketCap,EnterpriseValue,bookValuePerShare,currentRatio,debtToAssets,debtToEquity,roic,shareholdersEquityPerShare,roe,priceToSalesRatio,peRatio,pbRatio,payoutRatio,inventoryTurnover,dividendYield,assetTurnover,quickRatio,returnOnAssets,priceToFreeCashFlowsRatio,grossProfitMargin,epsdilutedGrowth,fiveYNetIncomeGrowthPerShare,fiveYRevenueGrowthPerShare,fiveYShareholdersEquityGrowthPerShare,grossProfitGrowth,netIncomeGrowth,operatingIncomeGrowth,threeYNetIncomeGrowthPerShare,threeYRevenueGrowthPerShare,threeYShareholdersEquityGrowthPerShare,Industry,Sector,Symbol
2023Q3,2023,Q3,2023-05-02,2023-03-31,45869000.0,369082000.0,34310000.0,1.0,203262000.0,0.5507231455,2867117000.0,1510385000.0,533034000.0,437920000.0,1356732000.0,1804000.0,2381506000.0,1742727500.0,2332379500.0,33.47113573407202,1.2171949214468396,0.3156568078665782,0.5992015280872095,0.01296164347301132,33.47113573407202,0.030369078082740492,4.721789466839347,9.498394885434607,1.153829983745866,0.0,91.9179600886918,0.0,0.12872931240685329,0.9788477347460723,0.015998300732059417,17.657887004275842,0.5507231455340548,0.923076923076923,0.5771656642657026,0.4587400243498685,0.3108903647726095,-0.0036127628076608217,0.8998094764744864,-0.254567970973559,-0.6431254813559332,0.5953779463501959,0.3691643198940982,Education & Training Services,Consumer Defensive,ATGE
2023Q2,2023,Q2,2023-02-02,2022-12-31,24144000.0,363302000.0,46027000.0,0.52,203999000.0,0.5615135617,2843038000.0,1522722000.0,423116000.0,371462000.0,1320316000.0,2234000.0,2349146000.0,1612587500.0,2313533500.0,33.521673087506876,1.1390559465032764,0.3196306204841441,0.5967747231602354,0.014741473999045315,33.521673087506876,0.015855816097751264,4.438697006897843,16.697600853214052,1.0590163536088664,0.0,71.30841539838855,0.0,0.12778654383093016,0.827320156570524,0.008492324056168085,-29.765717291789723,0.5615135617200016,3.0,1.401038699108287,0.45218267375211246,0.350474670593349,0.04661029992714736,3.1300034211426615,-0.043892812629829664,4.18430074933322,0.6192677576508165,0.3950623383563869,Education & Training Services,Consumer Defensive,ATGE
2023Q1,2023,Q1,2022-11-03,2022-09-30,5846000.0,354559000.0,48140000.0,0.13,194914000.0,0.5497364331,2996049000.0,1510039000.0,569922000.0,490549000.0,1486010000.0,0.0,2325002000.0,1650237300.0000002,2279323300.0,33.35333745637673,1.1618044272845323,0.3192875016396594,0.6334942342548768,0.015210052629998807,33.35333745637673,0.0038714231884077166,4.65433764197214,70.57121536093057,1.0928441583296855,0.0,0.0,0.0,0.11834218999756012,0.8956760690573214,0.001951236445064817,19.223900609251775,0.5497364331465285,1.41635687732342,-0.3543755798029775,0.18905652231722525,0.28592397217368376,-0.02519604705129231,1.3725649350649352,1.1933661381447056,-0.5033658340758894,0.6989101244651813,0.3880865506132476,Education & Training Services,Consumer Defensive,ATGE
2022Q4,2022,Q4,2022-08-11,2022-06-30,2464000.0,361231000.0,21948000.0,0.0538,199952000.0,0.553529459,3029175000.0,1505067000.0,556039000.0,417527000.0,1524108000.0,0.0,2322810000.0,1624477140.0,2344238140.0,33.32595987777335,1.331743815370024,0.35215330906930103,0.7087618026307134,0.0007394278546732037,33.32595987777335,0.0016371364198404456,4.497059056393278,164.82113839285714,1.079338753690035,0.0,0.0,0.0,0.11925062104368352,1.0265396010317895,0.0008134227966360478,-32.57880873593646,0.5535294589888464,-0.5516666666666666,-0.9197659669275218,0.11664990112371,0.2584886470266219,0.0017836028778131826,-0.5793068123612771,-0.3401875901875902,-0.9380009745710178,0.36212241434062437,0.3470852178666279,Education & Training Services,Consumer Defensive,ATGE
2022Q3,2022,Q3,2022-05-05,2022-03-31,5857000.0,365623000.0,33264000.0,0.12,199596000.0,0.5459065759,3518460000.0,1491307000.0,1010996000.0,521206000.0,2027153000.0,0.0,2314796000.0,1453561750.0,2130482750.0,30.48149207971385,1.9397244083913079,0.4165600859466926,0.9827956282643345,-0.026773259644102765,30.48149207971385,0.00392742741769468,3.97557525100992,62.04378308007513,0.9746898190647533,0.0,0.0,0.0,0.10391563354422105,1.6975879019044293,0.0016646487383684908,33.8738726666822,0.5459065758992186,1.1518987341772151,-0.808783415807456,0.05241322815625812,0.17306807780523162,4.3682257066781425,1.1475240542038185,0.06301930205803401,-0.8166282624238028,0.40597823494395197,0.26000447935248283,Education & Training Services,Consumer Defensive,ATGE
2022Q2,2022,Q2,2022-02-08,2021-12-31,-39702000.0,371198000.0,31292000.0,-0.79,37181000.0,0.1001648716,3659773000.0,1287890000.0,610507000.0,497475000.0,2370093000.0,0.0,1964954000.0,1471378560.0,3271685560.0,25.87371423979428,1.2272114176591788,0.5671737017569123,1.6117269332008168,1.105841033803433,25.87371423979428,-0.0308271669164292,3.963864460476619,-9.265141302705153,1.142472229771176,0.0,0.0,0.0,0.10142650923978072,0.7400653299160762,-0.010848213809982203,-43.609323058684055,0.10016487157797187,0.32478632478632474,-4.517899143271828,0.038802434093959726,0.024831963171513007,-0.7992570876323447,0.3155299634507965,7.6142464595223,-3.7295023770673015,0.3941021783261893,0.07112859138110617,Education & Training Services,Consumer Defensive,ATGE
2022Q1,2022,Q1,2021-11-03,2021-09-30,-58004000.0,348327000.0,-4731000.0,-1.17,185217000.0,0.5317331128508557,3768190000.0,1265181000.0,709257000.0,635695000.0,2503009000.0,0.0,1947101000.0,1877758030.0,3345980030.0,25.47532368161408,1.1157190161948733,0.4851976678458358,1.4451031117286774,-0.0011314803390015144,25.47532368161408,-0.04584640458558894,5.390790923471336,-8.093226458520101,1.484181338480423,0.0,0.0,0.0,0.0924388101449237,0.8232029511007637,-0.015393066697804516,55.98562999403697,0.5317331128508557,-7.499999999999999,-3.9449088606572165,-0.01129823822679281,0.008704341674346014,0.19696391989091308,-7.436307146027519,-1.11756958250497,-6.393516058993123,0.4888958679568487,0.06724859261366163,Education & Training Services,Consumer Defensive,ATGE
2021Q4,2021,Q4,2021-08-19,2021-06-30,9012000.0,280374000.0,40240000.0,0.18,154739000.0,0.551902102192072,3053836000.0,1301070000.0,1514953000.0,408807000.0,1752766000.0,0.0,2005105000.0,1777865760.0,2577147760.0,26.081910031272553,3.7057902628868877,0.4236949855853425,0.9944853082462896,0.01116017160048451,26.081910031272553,0.006926606562291038,6.341050739369557,49.31940079893475,1.3664643408886532,0.0,0.0,0.0,0.09181043120848664,1.3762215421947275,0.0029510425576226096,51.96007014262334,0.551902102192072,-0.625,2.151405199273871,-0.2429413258524416,0.04743938591678779,-0.01801024261154864,-0.6344312834658445,-0.08988103315691863,-0.8246027872879583,0.513142537648527,0.046800126718726534,Education & Training Services,Consumer Defensive,ATGE
2021Q3,2021,Q3,2021-04-29,2021-03-31,24652000.0,280654000.0,44214000.0,0.48,157577000.0,0.5614635814918013,3031000000.0,1306224000.0,1497278000.0,382205000.0,1724776000.0,0.0,1995465000.0,2003017320.0,2795132320.0,25.78514745943385,3.9174736070956686,0.42555625206202574,0.9874730520951996,0.012592631812519394,25.78514745943385,0.01887272014600865,7.136963378394749,20.31292917410352,1.5334409105942013,0.0,0.0,0.0,0.09259452325965029,1.533718815818736,0.008133289343451006,28.573305944280396,0.5614635814918013,0.09090909090909087,-0.4009294519938505,-0.25321984323472274,0.05932329814672891,0.008247594185094185,0.05734505683036672,0.09649579644371699,-0.2449436298466751,-0.011912408519865485,0.009870164770191809,Education & Training Services,Consumer Defensive,ATGE
2021Q2,2021,Q2,2021-02-02,2020-12-31,23315000.0,283111000.0,40323000.0,0.44,156288000.0,0.5520378932644793,2244664000.0,1313779000.0,680447000.0,340743000.0,930885000.0,0.0,1970813000.0,1773921450.0000002,1859546450.0000002,25.143614476277968,1.9969507810872122,0.2383078269175253,0.4071620873830378,0.015654072363023117,25.143614476277968,0.01774651596653623,6.265816058012582,19.021246515119024,1.3502434199359252,0.0,0.0,0.0,0.1261262264641835,1.616725802144138,0.010386855226439236,-67.53679471560193,0.5520378932644793,0.15789473684210525,1.5667460984180153,-0.23688383892485165,0.10136812565391522,0.011291355803886297,0.16984445559458103,0.0985397482700376,1.3366765045762405,-0.016191579687786194,0.012951065680327672,Education & Training Services,Consumer Defensive,ATGE
2021Q1,2021,Q1,2020-11-05,2020-09-30,19930000.0,268241000.0,36706000.0,0.38,154543000.0,0.5761348936217804,2329897000.0,1330971000.0,768473000.0,409937000.0,998926000.0,0.0,1947498000.0,1287466560.0,1256421560.0,25.36922461116194,1.8746124404481663,0.22753151748768294,0.39829943702755355,0.013873544245307236,25.36922461116194,0.014974030238074308,4.7996635861035415,16.149856497742096,0.967313758151004,0.0,0.0,0.0,0.11512998214084141,1.634738996479947,0.008554026208025506,19.66078064870808,0.5761348936217804,1.0775510204081633,3.7484942055504726,-0.2087407135343394,0.1228909977134437,0.07561299842008923,1.077835752112852,0.6898853643939045,0.899397682220189,-0.2237053157277712,-0.021900158398851267,Education & Training Services,Consumer Defensive,ATGE
2020Q4,2020,Q4,2020-08-18,2020-06-30,-256052000.0,259729000.0,21721000.0,-4.9,143679000.0,0.5531881307054661,2228687000.0,1310421000.0,692766000.0,345983000.0,918266000.0,0.0,1927568000.0,1628335100.0,1644610100.0,25.068313119332746,2.002312252336097,0.2318813723057567,0.39437020621617025,0.01611725014790119,25.068313119332746,-0.19539674654176023,6.269361911838878,-1.5898480582069268,1.2426045522774742,0.0,0.0,0.0,0.11653902050848773,1.7241482963035757,-0.1148891701705982,-162.15246962756424,0.5531881307054661,-2.7314487632508833,-11.648406183585346,-0.3168895779462219,0.029055384526069,-0.05953853706431026,-2.6975973268271987,-0.6013544515205462,-8.20333354572528,-0.30635079200958554,-0.053344972613084324,Education & Training Services,Consumer Defensive,ATGE
2020Q3,2020,Q3,2020-05-05,2020-03-31,150832000.0,271487000.0,54487000.0,2.83,152775000.0,0.5627341272326115,2444020000.0,1294559000.0,544266000.0,344686000.0,1149461000.0,0.0,2183620000.0,1418664450.0,1752429450.0,24.446397884996696,1.5790197455075055,0.20520945000450078,0.38741841816402345,0.025715103347482636,24.446397884996696,0.11651226402195651,5.225533635128017,2.351398327278031,1.0958669709144195,0.0,0.0,0.0,0.11108215153722147,0.7956720029244008,0.061714715918855,13.186819821159673,0.5627341272326115,27.299999999999997,2.9017878845141767,-0.3244163880250941,0.008318974666782785,0.0997811595663504,26.299909502262445,0.35166579841730544,3.549542051224855,-0.2780191292086426,-0.059190117687829176,Education & Training Services,Consumer Defensive,ATGE
2020Q2,2020,Q2,2020-02-04,2019-12-31,5525000.0,266172000.0,40311000.0,0.1,138914000.0,0.5218956163683633,2390610000.0,1294912000.0,389929000.0,304188000.0,1095698000.0,0.0,2032788000.0,1884533300.0,2285385300.0,24.02879940619781,1.2818684497744817,0.195821986856911,0.36151800276775564,0.002965652188189426,24.02879940619781,0.004266699204270251,7.08013352268458,85.273,1.4553369649829486,0.0,0.0,0.0,0.11134062017644032,0.5585526056254685,0.0023111256122914235,-26.536368756776547,0.5218956163683633,-0.6153846153846154,-0.8437452700540226,-0.34154214992262283,-0.001689967114303739,0.09744902392971978,-0.6152774876401365,0.5660230760265724,-0.5478161036270928,-0.31197929320615714,-0.048243269602409294,Education & Training Services,Consumer Defensive,ATGE
2020Q1,2020,Q1,2019-10-29,2019-09-30,14361000.0,254613000.0,25741000.0,0.26,126579000.0,0.4971427224847121,2460324000.0,1327193000.0,456113000.0,412475000.0,1133131000.0,0.0,2027263000.0,2103886485.3500001,2367464485.3500004,24.028283713030316,1.1057955027577429,0.15634404249196449,0.2898274779930274,0.010839257075549887,24.028283713030316,0.010820581482874006,8.263075669152792,36.62499974496902,1.5852151762027078,0.0,0.0,0.0,0.10348758943943968,0.5965306988302321,0.005837036097684695,56.8126616264312,0.4971427224847121,-0.6976744186046512,-0.18749999434231596,-0.36273976260314506,-0.0034829754814163848,-0.2553212768711245,-0.7098670653359732,-0.6419490346631058,-0.3444282715164801,-0.3501990200347638,-0.04859171144470391,Education & Training Services,Consumer Defensive,ATGE
2019Q4,2019,Q4,2019-08-28,2019-06-30,49498000.0,330294000.0,71892000.0,0.86,169978000.0,0.5146263631794704,2242696000.0,1391530000.0,504700000.0,311631000.0,851166000.0,0.0,2012902000.0,2532272669.54,2633921669.54,24.739310799172383,1.6195436269177328,0.1788445692149092,0.2882395636457712,0.030978112839516653,24.739310799172383,0.03557091834168146,7.666723190672553,12.789772665259203,1.8197758363384189,0.0,0.0,0.0,0.14727542208128075,1.4952106818641278,0.02207075769520256,40.56504076155387,0.5146263631794704,0.34374999999999994,0.5172413818097191,-0.21764017658808055,0.04268242795828718,0.11629342615091613,0.3058435562590687,0.5525417872413942,6.608554546203019,-0.20905045559081797,-0.006478878256242146,Education & Training Services,Consumer Defensive,ATGE
2019Q3,2019,Q3,2019-05-02,2019-03-31,37905000.0,308609000.0,46306000.0,0.64,152270000.0,0.493407515658973,2148703000.0,1404587000.0,540091000.0,309205000.0,744116000.0,0.0,1964169000.0,2724802730.0,2695180730.0,24.19157437867071,1.74670849436458,0.13570465531997675,0.2075976781787102,0.022594522624538475,24.19157437867071,0.026986580396942305,8.829304168057316,17.971261904761906,1.9399316169094545,0.0,0.0,0.0,0.14362571281372996,1.5682928801280704,0.017640874518255897,30.270204519196586,0.493407515658973,1.2068965517241381,-0.24087457911585966,-0.30828040332056317,0.04592767598918912,-0.03846882459175812,1.1916738941890719,-0.34129930724476876,-0.19631504385377502,-0.28353719577989145,-0.006144975571994315,Education & Training Services,Consumer Defensive,ATGE
2019Q2,2019,Q2,2019-02-07,2018-12-31,17295000.0,316594000.0,70299000.0,0.29,158362000.0,0.5002053102711991,2122223000.0,1429647000.0,506549000.0,244310000.0,692576000.0,0.0,1926134000.0,2800634200.0,2797917200.0,24.155563064965786,2.0733862715402562,0.1376311537477447,0.20430497878147544,0.03266048847236131,24.155563064965786,0.012097391873658324,8.846137955867768,40.483292859207864,1.9589690322156448,0.0,0.0,0.0,0.14918036417473565,1.804175023535672,0.008149473453072556,-37.24346658155802,0.5002053102711991,2.8124999999999996,-0.6104389788378284,-0.3009960398530676,0.08821075116863455,0.16840419959125552,2.8147953830010493,29.029904306220097,1.3711561321200036,-0.24661053695519747,0.05808841612952344,Education & Training Services,Consumer Defensive,ATGE
2019Q1,2019,Q1,2018-11-01,2018-09-30,-9530000.0,284190000.0,-2508000.0,-0.16,135537000.0,0.4769238889475351,2349865000.0,1440035000.0,739386000.0,459086000.0,909830000.0,0.0,1908465000.0,2888504640.0,2772318640.0,23.870093488927196,1.610560984216465,0.12450885476399708,0.20317492283173672,-0.0010437577373221519,23.870093488927196,-0.006617894703948168,10.163991132692917,-75.77399370409233,2.005857246525258,0.0,0.0,0.0,0.12093886244528941,1.2720078590939388,-0.004055552127462642,45.948470348689234,0.4769238889475351,-1.156862745098039,-0.4360887833554211,-0.32264590664516163,0.11410260999543866,-1.4755900515718723e-05,-1.151737095181989,-1.0345644983461963,-2.9746220660389873,-0.27097079900520904,0.056536551830663286,Education & Training Services,Consumer Defensive,ATGE
2018Q4,2018,Q4,2018-08-24,2018-06-30,62806000.0,226496000.0,72560000.0,1.02,135539000.0,0.5984167490816615,2344961000.0,1519286000.0,688000000.0,365781000.0,825675000.0,0.0,1917373000.0,2932979221.9,2795362221.9,24.91584531330566,1.8809068814399874,0.12497990371694881,0.19290179729162252,0.06228286182209382,24.91584531330566,0.041339155366402376,12.94936432387327,11.674757275976818,1.930498419586569,0.0,0.0,0.0,0.09658838675781815,1.5902165503402308,0.026783387868710824,69.75312076436454,0.5984167490816615,0.6190476190476191,3.0196078384762943,-0.496790340111781,0.12978942802305538,-0.16569307570618685,0.5967356485483297,0.3489496188882692,1.2391304448308238,-0.4893153218528568,0.022796574209947264,Education & Training Services,Consumer Defensive,ATGE
2018Q3,2018,Q3,2018-05-03,2018-03-31,39334000.0,342193000.0,53790000.0,0.63,162457000.0,0.47475255192245314,2287305000.0,1558287000.0,539340000.0,378626000.0,729018000.0,0.0,1852122000.0,2901976500.0,2756651500.0,25.53313124692774,1.4244663599435854,0.05246348869083922,0.07700763723242253,0.02735599720822373,25.53313124692774,0.025241820024167562,8.480525609816683,18.44445327197844,1.8622862797417932,0.0,0.0,0.0,0.14960532154653622,1.159106875914491,0.017196657201378914,25.54736689203465,0.47475255192245314,1.4736842105263157,-0.27583966143835714,-0.296376256315854,0.12490978016719793,0.026428851232672454,1.4846714968702253,-0.028780875343059367,-0.11711958693600828,-0.2611355159458711,0.053142505495060714,Education & Training Services,Consumer Defensive,ATGE
2018Q2,2018,Q2,2018-02-06,2017-12-31,-81156000.0,337244000.0,55384000.0,-1.33,158274000.0,0.46931598486555726,2210722000.0,1519959000.0,469809000.0,296819000.0,690763000.0,0.0,1812746000.0,2574889700.0,2527650700.0,24.822141294052322,1.5828130948490495,0.07463625005767346,0.10855555972233462,-0.03353590269307531,24.822141294052322,-0.05339354548379265,7.635094175137289,-7.931914152989304,1.6940520764046925,0.0,0.0,0.0,0.15254925766333352,1.230194158729731,-0.03671017884654877,-43.33153324470323,0.46931598486555726,-7.6499999999999995,-2.6991565832477002,-0.29724664599271494,0.14602728025398795,-0.08463989728701224,-7.347751271020727,2.8365198115821557,-3.01993352598388,-0.26578137470301777,0.031270529694761,Education & Training Services,Consumer Defensive,ATGE
2018Q1,2018,Q1,2017-11-02,2017-09-30,12785000.0,421025000.0,14436000.0,0.2,172909000.0,0.4106858262573481,2383596000.0,1658039000.0,541626000.0,450518000.0,725557000.0,0.0,1894372000.0,2291711250.0,2152960250.0,25.937254595228783,1.2022294336741262,0.0566371146788298,0.08142148646684427,0.007128208530664506,25.937254595228783,0.00771091632947114,5.443171426874889,44.8125,1.382181752057702,0.0,0.0,0.0,0.1766343793159579,1.0380783897646708,0.0053637445271765855,29.979739541089977,0.4106858262573481,-0.7014925373134329,-0.5918367376285598,-0.10929879244994312,0.23799532484353106,-0.21038547075290326,-0.7016962598287407,-0.7294957558041486,-0.375,-0.0894899873029206,0.07568713946064336,Education & Training Services,Consumer Defensive,ATGE
2017Q4,2017,Q4,2017-08-24,2017-06-30,42859000.0,451469000.0,53367000.0,0.67,218979000.0,0.4850366248845436,2314035000.0,1669039000.0,471207000.0,377327000.0,644996000.0,0.0,1881397000.0,2391910360.9500003,2274931360.9500003,26.480938033498507,1.2488027625905382,0.054018197650424475,0.07489339673908159,0.02528685618931271,26.480938033498507,0.025678848726722384,5.298061131439812,13.952205843288459,1.4331063330155858,0.0,0.0,0.0,0.1951003334003159,1.1113808447314928,0.01852132746479634,56.88794084930791,0.4850366248845436,0.08064516129032265,4.666666682532647,-0.04601823358622512,0.31536597432083613,0.028819093706687966,0.07526531021852029,0.1284333833759753,0.17241379263273912,-0.04565446119097792,0.11608641758544325,Education & Training Services,Consumer Defensive,ATGE
2017Q3,2017,Q3,2017-05-04,2017-03-31,39859000.0,452089000.0,47293000.0,0.62,212845000.0,0.47080331527641683,2317809000.0,1654324000.0,428592000.0,402165000.0,663485000.0,0.0,1837738000.0,2256959763.666,2167080763.666,25.984418685012407,1.0657118346947148,0.051773032204120356,0.07253718135020709,0.022702608746632772,25.984418685012407,0.024093829261982537,4.9922908181044,14.155898063586644,1.3642791639763432,5.017687347901352e-05,0.0,8.861478313425411e-07,0.19505015296773806,0.9436922656123731,0.01719684408853361,18.437556785468626,0.47080331527641683,1.6956521739130435,-0.3801345042384355,-0.1272782168451849,0.23850951176927165,-0.017168214330241086,1.7654894886560744,8.75918283120099,-0.2720184389152231,-0.07589274669293906,0.12344166699242626,Education & Training Services,Consumer Defensive,ATGE
2017Q2,2017,Q2,2017-02-02,2016-12-31,14413000.0,456350000.0,4846000.0,0.23,216563000.0,0.47455461816588146,2301433000.0,1604913000.0,427433000.0,325556000.0,696520000.0,0.0,1797634000.0,1983352863.569,2008407863.569,25.24678695590618,1.3129323372937374,0.09776517500183582,0.1401945152167127,0.011041081573740997,25.24678695590618,0.008980549101415465,4.346122194738688,34.40215193868383,1.2358008587188216,0.0,0.0,0.0,0.19828950049816788,1.087450392559191,0.006262619854673154,-27.570691904986308,0.47455461816588146,-0.41025641025641024,0.7440770071809648,-0.06585096771302539,0.2714823369988137,0.08705996917964652,-0.426964058524173,-0.853626121364062,-0.6977435423899101,-0.06191696176625512,0.13737050649537666,Education & Training Services,Consumer Defensive,ATGE
2017Q1,2017,Q1,2016-11-02,2016-09-30,25152000.0,449892000.0,33107000.0,0.39,199219000.0,0.4428151645283757,2324356000.0,1601678000.0,423658000.0,444840000.0,722678000.0,0.0,1796099000.0,1462442076.581,1403425076.581,25.25549125656349,0.9523828792374787,0.05592947035652026,0.08116487833384738,0.015001869260843135,25.25549125656349,0.01570353092194561,3.250651437636144,14.536041632683286,0.9130687170461229,0.0,0.0,0.0,0.19355554828950472,0.8476058807661182,0.010821061833901519,16.916623210884907,0.4428151645283757,3.4375,-0.5278566833755206,-0.06468603522520444,0.2356474899364686,-0.11018455656399628,3.5230213662353296,2.3318448789122215,4.605458092006499,0.020034301274981247,0.17876407726289759,Education & Training Services,Consumer Defensive,ATGE
2016Q4,2016,Q4,2016-08-25,2016-06-30,-9969000.0,471701000.0,-24858000.0,-0.16,223888000.0,0.47463965520531015,2096996000.0,1582087000.0,518105000.0,361836000.0,514909000.0,0.0,1771068000.0,1133482240.0,825318240.0,24.900639007806596,1.4318779778684265,0.0,0.0,-0.0060763886011790755,24.900639007806596,-0.006301170542454365,2.402967642638027,-28.42517403952252,0.7164474772879115,-1.1449493429631858,0.0,0.010069853410318982,0.22494129697910725,1.3104334560408584,-0.004753943259786857,-174.06054054054053,0.47463965520531015,-1.1975308641975309,-1.1427922640427495,-0.07076442498486107,0.22635055741281032,0.011447726266523307,-1.191988444872412,-1.4085328775453185,0.6923467204564219,0.005771372463135995,0.12909991004860577,Education & Training Services,Consumer Defensive,ATGE
2016Q3,2016,Q3,2016-05-05,2016-03-31,51925000.0,474221000.0,60847000.0,0.81,221354000.0,0.4667739302983208,2115897000.0,1555935000.0,594606000.0,401554000.0,559962000.0,0.0,1794012000.0,1103932940.0,773718940.0,24.341150151747442,1.4807622387026402,0.0,0.0,0.03415051965559157,24.341150151747442,0.033372216705710715,2.3278870821832016,5.315035820895522,0.7094981088541616,0.0,0.0,0.0,0.22412291335542325,1.254568501372169,0.02454041950057115,8.286913837884907,0.4667739302983208,2.0253164556962027,-0.39379243635668865,-0.08601036044351658,0.260687229127039,0.028682696508072238,2.0264494830687725,2.079287652766199,-0.087282994526808,-0.06901397431797732,0.07239482699614626,Education & Training Services,Consumer Defensive,ATGE
2016Q2,2016,Q2,2016-02-08,2015-12-31,-50587000.0,456203000.0,-56377000.0,-0.79,215182000.0,0.47168037036143995,1908912000.0,1466837000.0,400288000.0,291809000.0,442075000.0,0.0,1743105000.0,1626218055.7480001,1448025055.7480001,22.829437215962148,1.3717465876652193,0.0,0.0,-0.033453783254824315,22.829437215962148,-0.03448713115363193,3.564680757794228,-8.036738963310732,1.1086562827008046,0.0,0.0,0.0,0.2389858725808209,1.0400741580965631,-0.026500435850369215,-27.86671788728002,0.47168037036143995,-10.875,-1.6248585651252003,-0.09356314294153728,0.2660257960929692,0.09598850949392877,-10.256541628545289,-7.836061598156905,-2.0093869208317057,-0.0940112366367071,0.0540250146995689,Education & Training Services,Consumer Defensive,ATGE
2016Q1,2016,Q1,2015-11-04,2015-09-30,5465000.0,441413000.0,8247000.0,0.08,196336000.0,0.4447898000285447,2136742000.0,1543369000.0,718114000.0,439400000.0,593373000.0,0.0,1804482000.0,1858783056.6875,1521430056.6875,22.592775846294604,1.6343058716431498,0.0,0.0,0.004758617400871133,22.592775846294604,0.0035409548850598915,4.210983946298591,85.031246875,1.2043672360190596,0.0,0.0,0.0,0.20658226402626054,1.4242307692307692,0.002557632133406841,19.810536904628684,0.4447898000285447,-0.8260869565217391,-0.9230769234113667,-0.12299722931199397,0.30637862174567143,-0.12138190280139623,-0.8173828777651541,-0.7563447277454427,-0.836734695051424,-0.1261440787829894,0.0783620436873712,Education & Training Services,Consumer Defensive,ATGE
2015Q4,2015,Q4,2015-08-27,2015-06-30,29926000.0,473189000.0,33847000.0,0.46,223460000.0,0.47224259228342164,2074193000.0,1584810000.0,601057000.0,321909000.0,489383000.0,0.0,1796361000.0,1950394529.56,1597372529.56,24.36050915848222,1.867164322836578,0.0,0.0,0.020105210180155944,24.36050915848222,0.018883020677557563,4.121808684394607,16.29347832620464,1.2306803525722327,0.38732206108400724,0.0,0.005942900179593345,0.22813161552468839,1.5400749901369641,0.014427779864265283,-63.60120425096198,0.47224259228342164,-0.36111111111111105,-0.5451787164767401,0.015934136652403924,0.46178199442211226,-0.055712378086915364,-0.3648981324278438,-0.315530839231547,2.8333333179620843,-0.03130054037132413,0.21003964525969945,Education & Training Services,Consumer Defensive,ATGE
2015Q3,2015,Q3,2015-05-08,2015-03-31,47120000.0,489830000.0,49450000.0,0.72,236644000.0,0.4831145499458996,2148677000.0,1564946000.0,667921000.0,399558000.0,583731000.0,0.0,1778239000.0,2153319509.747945,1751204509.7479448,24.244706783461503,1.671649672888542,0.0,0.0,0.027429544147646916,24.244706783461503,0.030109665125825427,4.396054773590725,11.42465784034351,1.3759704869995162,0.0,0.0,0.0,0.22796818693549564,1.38973065237087,0.021929773530409643,22.473016653947536,0.4831145499458996,0.10769230769230762,-0.35964911997947324,0.07101406502300865,0.5305726011769653,0.010992391197542625,0.11098012401857921,0.009801919542577088,-0.2772277164877916,-0.06734204058208593,0.15558867509680124,Education & Training Services,Consumer Defensive,ATGE
2015Q2,2015,Q2,2015-02-05,2014-12-31,42413000.0,484880000.0,48970000.0,0.65,234071000.0,0.48274005939613923,1967866000.0,1555875000.0,572779000.0,264980000.0,411991000.0,0.0,1731976000.0,3068508334.6410003,2688543334.6410003,24.069476029145587,2.1615933277983244,0.0,0.0,0.027539165210088055,24.069476029145587,0.027259901984413915,6.328387095035886,18.087074332403983,1.9722074939445653,0.2744205785961851,0.0,0.00379304819498289,0.2463988909813981,1.784296928070043,0.02155278865532511,-43.424540914495566,0.48274005939613923,1.0967741935483872,-0.35673377030223075,0.12646120396020966,0.6358518568013819,0.08510381849958046,1.075,0.9871768859310961,4.04716584870198,-0.02391037274543609,0.21219043378965663,Education & Training Services,Consumer Defensive,ATGE
2015Q1,2015,Q1,2014-11-05,2014-09-30,20440000.0,462044000.0,24643000.0,0.31,215713000.0,0.46686679190726427,2134627000.0,1540171000.0,735872000.0,451265000.0,594456000.0,0.0,1702289000.0,2734488813.875,2261380813.875,24.11226614481409,1.630687068573898,0.0,0.0,0.01326715231455082,24.11226614481409,0.01327125364651068,5.9182433142189925,33.44531328125,1.7754449433699244,0.0,0.0,0.0,0.2164518672348846,1.4333085880801746,0.009575443391281005,22.80431998628149,0.46686679190726427,-0.46551724137931033,-0.584415584263709,0.1925462794247461,0.7518050362835142,-0.05802183406113537,-0.4547006722868424,-0.4255443144202527,-0.6190476209032078,-0.0462798473532501,0.1797141792194035,Education & Training Services,Consumer Defensive,ATGE
2014Q4,2014,Q4,2014-08-27,2014-06-30,37484000.0,485073000.0,42898000.0,0.58,229000000.0,0.47209389102258836,1997636000.0,1533393000.0,577091000.0,316812000.0,464243000.0,0.0,1682071000.0,2736331991.2400002,2378143991.2400002,23.72660182603757,1.8215566329558224,0.0,0.0,0.02496588924108239,23.72660182603757,0.024445135721892563,5.641072562768903,18.249999941575073,1.7844949019853358,0.29244477643794686,0.0,0.004006092840742049,0.24282351739756391,1.5600955771877327,0.018764179259885185,-93.09151497720624,0.47209389102258836,-0.32558139534883723,0.11317064193048454,0.34630316061196753,0.8192563451385757,-0.09659705072469485,-0.324916704187303,-0.383091016293484,-0.4721616406847906,-0.06056211897264606,0.1685295050360249,Education & Training Services,Consumer Defensive,ATGE
2014Q3,2014,Q3,2014-05-05,2014-03-31,55525000.0,496117000.0,69537000.0,0.86,253486000.0,0.5109399597272417,2048865000.0,1493319000.0,638496000.0,405688000.0,555546000.0,0.0,1655283000.0,2736865903.106047,2340050903.106047,23.129299409532745,1.5738597148547653,0.0,0.0,0.03785625830186215,23.129299409532745,0.037182276526314874,5.5165735161384255,12.322674034696295,1.8327402940068716,0.0,0.0,0.0,0.24214235686587451,1.3836988030210409,0.02710037020496714,20.138081035326493,0.5109399597272417,0.16216216216216217,0.2108210601355377,0.4048129613789105,0.8698642033766201,0.021001160018044727,0.15304745093967398,0.1874082169324818,-0.3582089523036243,-0.05331642571890841,0.19792253868333315,Education & Training Services,Consumer Defensive,ATGE
2014Q2,2014,Q2,2014-02-04,2013-12-31,48155000.0,491269000.0,58562000.0,0.74,248272000.0,0.505368749096727,1889113000.0,1424991000.0,475745000.0,307152000.0,464122000.0,0.0,1599985000.0,2278958000.0,2016924000.0,22.197504517415414,1.5488911027764756,0.0,0.0,0.035060588284621136,22.197504517415414,0.033793195886851216,4.638920835631803,11.831367459246184,1.5992788726384939,0.22691309313674593,0.0,0.004794735137725224,0.26005273374329646,1.2699835911861228,0.02549079912106899,-57.92242978777481,0.505368749096727,7.727272727272727,0.2529259839135625,0.4823700411770166,0.8916131527506863,0.18690480743488735,7.751962983735278,4.701684354006426,-0.4046630038548496,-0.023038471942639097,0.23098143252909545,Education & Training Services,Consumer Defensive,ATGE
2014Q1,2014,Q1,2013-11-05,2013-09-30,-7132000.0,450913000.0,10271000.0,-0.11,209176000.0,0.4638943654319126,2026807000.0,1389145000.0,592476000.0,479747000.0,637662000.0,0.0,1562662000.0,1981399219.0036361,1672855219.0036361,21.425399487238366,1.234975935232529,0.0,0.0,0.006115943776695809,21.425399487238366,-0.005134093273200422,4.394194044091956,-69.45454357135571,1.426344419771612,-0.001962983735277622,0.0,7.065713898403585e-06,0.22247456220547887,1.033363418635239,-0.0035188352911747394,16.644818708027856,0.4638943654319126,0.7843137254901961,-1.2255742163633427,0.6355177138395209,0.9182744011943551,-0.09987692890277383,0.7792633859486228,1.5591181273816004,-1.1057692297161614,-0.05609099368067181,0.23887759710940537,Education & Training Services,Consumer Defensive,ATGE
2013Q4,2013,Q4,2013-08-29,2013-06-30,-32310000.0,467643000.0,-18370000.0,-0.51,232386000.0,0.4969303507162515,1857018000.0,1397156000.0,442164000.0,316217000.0,459862000.0,0.0,1575009000.0,2003220057.7729409,1806644057.7729409,22.053530237846417,1.3982929444021037,0.0,0.0,-0.01026362292155767,22.053530237846417,-0.0231255493302108,4.283652396749103,-15.500000447020588,1.4337840998234563,-0.334942742185082,0.0,0.005402302137505176,0.2518246995990346,1.0735760569482349,-0.01739886204657144,-37.53879127825764,0.4969303507162515,-1.5795454545454546,-2.4828116136720375,0.9046885700911732,1.0835930115890315,-0.1320200797812738,-1.5686277960613153,-1.2495822181161094,-1.5042583829850373,0.031025512726202055,0.32334891711007435,Education & Training Services,Consumer Defensive,ATGE
2013Q3,2013,Q3,2013-05-03,2013-03-31,56821000.0,508752000.0,73603000.0,0.88,267732000.0,0.5262524766487404,2017986000.0,1449123000.0,548025000.0,409455000.0,568863000.0,0.0,1616850000.0,1974050914.4,1696056914.4,22.6979369342248,1.3384254680001466,0.0,0.0,0.03962814253642475,22.6979369342248,0.03921061221166181,3.8801831037519263,8.685393227855899,1.3622383430530054,0.0,0.0,0.0,0.2521087856902873,1.1625233542147488,0.028157281566869145,27.774585845738248,0.5262524766487404,0.12820512820512817,0.6481481479276097,0.9433169781084658,1.1871745616580778,0.022490576414110747,0.12995664797359105,0.11680449131325392,-0.21929824190407718,0.12465541657895995,0.43292474869053005,Education & Training Services,Consumer Defensive,ATGE
2013Q2,2013,Q2,2013-02-07,2012-12-31,50286000.0,505244000.0,65905000.0,0.78,261843000.0,0.5182505878347887,1914066000.0,1396358000.0,450771000.0,337528000.0,517708000.0,0.0,1560130000.0,1529854851.63,1313595851.63,21.659293562847058,1.335506980161646,0.0,0.0,0.03698083650934075,21.659293562847058,0.03601225473696573,3.027952537051405,7.605769257994273,1.0956035999578906,0.21701865330310624,0.0,0.0071333564673620046,0.2639637295683639,1.1332274655732266,0.02627182134785321,-260.8448169872123,0.5182505878347887,0.5918367346938777,0.5599999944159408,1.0506232161052789,1.2062653299474282,0.0901449263294628,0.5719778673919159,0.439288054160297,-0.23529412397282642,0.17689768665760774,0.47204681767421564,Education & Training Services,Consumer Defensive,ATGE
2013Q1,2013,Q1,2012-11-05,2012-09-30,31989000.0,482736000.0,45790000.0,0.49,240191000.0,0.49756181432501406,2020320000.0,1367759000.0,546053000.0,474249000.0,643924000.0,0.0,1520415000.0,1570072270.366327,1322506270.366327,20.9510117483739,1.1514056961638295,0.0,0.0,0.023748121627216828,20.9510117483739,0.023387892165213316,3.2524449603226753,12.270407564837342,1.147915875798534,0.3061677451623996,0.0,0.006237929415640771,0.23894036588263246,1.0030469226081657,0.015833630315989545,11.386824312770258,0.49756181432501406,3.0833333333333335,0.28947369252076677,1.08608033547118,1.2215926219903035,-0.05399369830641985,2.956586270871985,2.020050125313283,-0.3636363588283678,0.21906798690385476,0.5221334932025924,Education & Training Services,Consumer Defensive,ATGE
2012Q4,2012,Q4,2012-08-28,2012-06-30,8085000.0,505887000.0,15162000.0,0.12,253900000.0,0.5018907384455422,1838616000.0,1356393000.0,401114000.0,315209000.0,473981000.0,0.0,1488988000.0,2086603682.625,1912527682.625,20.131992578849722,1.2725334619252622,0.0,0.0,0.006540709286737766,20.131992578849722,0.005960661843580732,4.124643809042335,64.52083125,1.5383474277919453,0.007544836116264688,0.0,2.923410924074497e-05,0.27514554425720217,1.0497701525019907,0.004397329295513582,-18.20850545508094,0.5018907384455422,-0.88,-0.4686015852511444,1.3306959197546433,1.2145869524275201,-0.14399956845980608,-0.8795638378692407,-0.8411590923376705,-0.769688833441348,0.3468165330292473,0.5436367798427217,Education & Training Services,Consumer Defensive,ATGE
2012Q3,2012,Q3,2012-05-03,2012-03-31,67131000.0,540807000.0,95454000.0,1.0,296612000.0,0.548461835738073,2112202000.0,1394490000.0,665368000.0,554436000.0,709544000.0,0.0,1490371000.0,2251214767.723663,1921774767.7236629,20.980394932851496,1.2000808028338708,0.0,0.0,0.04853883265257231,20.980394932851496,0.04814018028096293,4.162695319630965,8.383663165019376,1.6143642247156045,0.15112243225931388,0.0,0.00450645586793934,0.2560394318346446,1.0583115093536495,0.03178247156285242,21.099929402338137,0.548461835738073,6.692307692307692,2.1562499826039754,1.352409795933352,1.4008930240765305,0.04870296319081308,6.57258883248731,5.939081128234952,0.42201076133273124,0.4875277232764242,0.6961382514454538,Education & Training Services,Consumer Defensive,ATGE
2012Q2,2012,Q2,2012-02-06,2011-12-31,8865000.0,524049000.0,13756000.0,0.13,282837000.0,0.5397147976620507,1924332000.0,1354039000.0,528780000.0,427090000.0,562661000.0,0.0,1423651000.0,2622676097.4876924,2336927097.4876924,19.856183779554726,1.2380996979559344,0.0,0.0,0.0054825365234613555,19.856183779554726,0.0065470787769037675,5.004639065216597,73.96153687218535,1.9369280334522803,0.0,0.0,0.0,0.2723277480185332,1.0155611229483248,0.004606793422340843,759.5355046300875,0.5397147976620507,-0.8433734939759036,-0.4347826140036469,1.3064477821957168,1.3422604897530042,0.0072901456604579935,-0.8457831744485422,-0.8277593438928191,-0.7828622429020673,0.48861278441791833,0.6920919363423069,Education & Training Services,Consumer Defensive,ATGE
2012Q1,2012,Q1,2011-11-04,2011-09-30,57484000.0,519038000.0,79865000.0,0.83,280790000.0,0.5409815851633214,2011927000.0,1398714000.0,545231000.0,462696000.0,606037000.0,0.0,1424866000.0,2529295919.2466674,2206377919.2466674,20.439074624642352,1.178378460155264,0.0,0.0,0.04114892922125203,20.439074624642352,0.04109775122004927,4.873045748570755,10.999999648800827,1.8083009959481833,0.14412706144318418,0.0,0.003275615137380852,0.25798053309091235,1.030229351453222,0.02857161318477261,16.55125064945207,0.5409815851633214,-0.23853211009174322,1.8000000002542564,1.3969669676505878,1.426466862808649,-0.10048757360054844,-0.23554444385339646,-0.2711717466691002,0.722566761189797,0.7836622046596291,0.8299660484699902,Education & Training Services,Consumer Defensive,ATGE
2011Q4,2011,Q4,2011-08-26,2011-06-30,75196000.0,546750000.0,109580000.0,1.09,312158000.0,0.57093369913123,1850503000.0,1389516000.0,624650000.0,316431000.0,454232000.0,0.0,1367972000.0,4046463048.723333,3599318048.723333,20.304666440841043,1.9740480547101895,0.0,0.0,0.054540944893059155,20.304666440841043,0.054116685234283014,7.400938360719402,13.453052850960601,2.9121385063024343,0.0,0.0,0.0,0.2954602073057974,1.783671637734609,0.040635438040359836,-33.25823592664737,0.57093369913123,-0.17424242424242423,5.487551233200908,1.574055921547489,1.507783407526108,-0.05353894292575254,-0.19057050592034447,-0.20146909864676776,2.194793912329399,1.0615668284377051,0.9183623049238435,Education & Training Services,Consumer Defensive,ATGE
2011Q3,2011,Q3,2011-05-05,2011-03-31,92900000.0,562730000.0,137227000.0,1.32,329816000.0,0.5860999058162885,2070427000.0,1338581000.0,887722000.0,599376000.0,725380000.0,0.0,1300862000.0,3817912675.06,3221397675.06,19.307842254103292,1.4810769867328688,0.0,0.0,0.06936459901387919,19.307842254103292,0.06940185166232002,6.784626152968564,10.274253700376748,2.852208925018359,0.0903659849300323,0.0,0.002198845472511513,0.27179417579079096,1.3731347267825205,0.044869971266796656,21.984732843454527,0.5860999058162885,0.05600000000000005,5.090909093731001,1.6274760972085802,1.5010641713470303,0.02571949270088883,0.047279778143530314,0.012349413144674038,1.4814814798942224,0.9794545493617628,0.8605048353538367,Education & Training Services,Consumer Defensive,ATGE
2011Q2,2011,Q2,2011-02-04,2010-12-31,88706000.0,551463000.0,135553000.0,1.25,321546000.0,0.5830781031546994,1834583000.0,1269507000.0,675752000.0,456841000.0,559041000.0,0.0,1208419000.0,3377868144.2599998,2918586144.2599998,18.03236338976279,1.4791842238327997,0.0,0.0,0.06993187009380059,18.03236338976279,0.06987436855409226,6.125285185515619,9.51984122906004,2.6607715784631356,0.00019164430816404754,0.0,5.032760094229269e-06,0.3005931048091038,1.3452820565579708,0.04835213233743036,71.41219306695419,0.5830781031546994,0.2135922330097087,7.4000000747723655,1.6942793765955408,1.4476715579620498,0.09612847583237599,0.20522818983437724,0.21229709788489917,1.5200000107952114,1.0496094981312685,0.8368179021355577,Education & Training Services,Consumer Defensive,ATGE
2011Q1,2011,Q1,2010-11-04,2010-09-30,73601000.0,521428000.0,111815000.0,1.03,293347000.0,0.5625839042015388,1822905000.0,1223914000.0,680775000.0,492413000.0,593358000.0,0.0,1128326000.0,3482601077.549808,3031607077.549808,17.294202056142506,1.3825284872657708,0.0,0.0,0.05984921136209325,17.294202056142506,0.06013576117276214,6.678968290060771,11.829326631261152,2.8454622445284623,0.09669705574652518,0.0,0.0020435874915099897,0.28604233352807745,1.248234713543306,0.040375664118536075,20.134249938138094,0.5625839042015388,0.030000000000000027,13.857142921738252,1.531102392614413,1.2512985085456885,0.00691305138793065,0.028291606124958086,0.11183477845835653,1.7368421151225542,1.0785950902478594,0.8338337142175352,Education & Training Services,Consumer Defensive,ATGE
2010Q4,2010,Q4,2010-08-25,2010-06-30,71576000.0,506674000.0,100568000.0,1.0,291333000.0,0.5749910198668177,1627826000.0,1179381000.0,499647000.0,343854000.0,443438000.0,0.0,1055591000.0,3714727519.6203837,3407025519.6203837,16.664939950989535,1.4530789230312866,0.0,0.0,0.060846084745596336,16.664939950989535,0.06068946337103955,7.33159293672141,12.97476640082005,3.149726440921453,0.0,0.0,0.0,0.3112580828663506,1.287110227014954,0.04397030149414004,-31.16643610722698,0.5749910198668177,-0.10714285714285723,9.614766551927332,1.4635401456215738,1.2179498127414585,0.004302187289932261,-0.11800078864353312,-0.17580724471398132,3.4787421393063442,1.2223329215657186,0.8331994924944597,Education & Training Services,Consumer Defensive,ATGE
2010Q3,2010,Q3,2010-05-06,2010-03-31,81152000.0,504385000.0,122020000.0,1.12,290085000.0,0.5751261437195793,1880227000.0,1127606000.0,768583000.0,648763000.0,748103000.0,0.0,991295000.0,4641324704.442104,4246184704.4421043,15.84028537085927,1.184689940702537,0.023804040682321868,0.03969205555841313,0.0688982033752312,15.84028537085927,0.07196840031003737,9.201948322099398,14.298244973759441,4.116087272009997,0.08777356072555205,0.0,0.0015346911611641265,0.2682575029504416,1.0135904791117867,0.04316074601630548,26.659877448057397,0.5751261437195793,0.1200000000000001,5.705882383968999,1.465908089795255,1.2259045601814713,0.062399513636846406,0.1200485825489276,0.12017919929495359,2.5624999956100893,1.048519988337201,0.8126842115220697,Education & Training Services,Consumer Defensive,ATGE
2010Q2,2010,Q2,2010-02-04,2009-12-31,72454000.0,473012000.0,108929000.0,1.0,273047000.0,0.5772517399135751,1665818000.0,1045165000.0,578635000.0,525505000.0,616549000.0,0.0,910802000.0,4029720981.0899997,3801902981.0899997,14.713726019304204,1.1011027487845024,0.026852873483177633,0.042798983892495444,0.06636380220386016,14.713726019304204,0.06932302555098956,8.519278540692413,13.904411699457587,3.8555835500519056,0.0,0.0,0.0,0.2839517882505772,0.8931237571478863,0.04349454742354807,73.3864067507421,0.5772517399135751,0.3157894736842105,11.750000059831066,1.5058341325894153,1.2066655014640173,0.16374927011810236,0.32391689659583023,0.37216098759211436,3.4347826078694137,0.9985595137150026,0.7356496844853349,Education & Training Services,Consumer Defensive,ATGE
2010Q1,2010,Q1,2009-11-05,2009-09-30,54727000.0,431110000.0,79385000.0,0.76,234627000.0,0.5442392892765188,1628478000.0,978280000.0,561201000.0,556184000.0,646459000.0,0.0,845686000.0,3931815118.32,3757413118.32,13.764240680554666,1.0090203961279,0.0643797459959545,0.1071687042564501,0.049812723971101924,13.764240680554666,0.05594206157746248,9.120213213147457,17.96103896760283,4.019110191683363,0.10444570321779012,0.0,0.0014537814795428003,0.2647318539151281,0.8944324180487033,0.03360622618174762,26.086191438125315,0.5442392892765188,0.49019607843137253,11.83333338833331,1.3073990503996473,1.0445693764779036,0.10941570876696913,0.4778299848779434,0.47847059261742464,1.5666666534597162,0.9169366771909775,0.6340501963245353,Education & Training Services,Consumer Defensive,ATGE
2009Q4,2009,Q4,2009-08-26,2009-06-30,37032000.0,396239000.0,53694000.0,0.51,211487000.0,0.5337359522914201,1434299000.0,926942000.0,385446000.0,392017000.0,507357000.0,0.0,791677000.0,3556544332.1140256,3516153332.1140256,13.041923360300428,0.9832379718226506,0.08701881546316353,0.1346481225362536,0.03482400495520961,13.041923360300428,0.03995071967825387,8.975755370152926,24.0099395935544,3.8368574647756017,0.0,0.0,0.0,0.27625969201679706,0.841261986087338,0.025818884346987623,-57.60332240798849,0.5337359522914201,-0.27142857142857135,1.379000142946193,0.9972855059011316,0.9543282764333232,-0.010267641952255933,-0.27225563023228394,-0.2520372769442935,2.076238511795011,0.7961523907329303,0.6107784434913289,Education & Training Services,Consumer Defensive,ATGE
2009Q3,2009,Q3,2009-05-07,2009-03-31,50886000.0,391882000.0,71787000.0,0.7,213681000.0,0.5452687288520524,1590869000.0,886201000.0,549805000.0,586439000.0,704668000.0,0.0,749913000.0,3451807920.0,3291891920.0,12.369507565183406,0.9375314397575878,0.08489888230897705,0.1524067339125097,0.048965683358478715,12.369507565183406,0.05742038205779502,8.80828392220107,16.958534370946822,3.89506209088006,0.11266360099044924,0.0,0.0016608687774260626,0.24633203613873927,0.81283134307234,0.03198629176883829,27.91392393598525,0.5452687288520524,0.18644067796610167,2.0880949973385334,0.9691414985059937,0.904522549911218,0.055173128962806406,0.18712236090050158,0.14785737128237927,2.2284629474907076,0.770618958841344,0.602298785194993,Education & Training Services,Consumer Defensive,ATGE
2009Q2,2009,Q2,2009-02-06,2008-12-31,42865000.0,369615000.0,62540000.0,0.59,202508000.0,0.5478890196555876,1454887000.0,840169000.0,424952000.0,497758000.0,614718000.0,0.0,699027000.0,4110383769.9999995,4062181769.9999995,11.734695587803959,0.8537321348928596,0.10662271365405011,0.18463428191232956,0.04389880685827397,11.734695587803959,0.051019497267811596,11.120716881078959,23.972843636999883,4.89232972175836,0.0,0.0,0.0,0.25405065822981443,0.6886659782464571,0.02946276927348997,150.0961756436005,0.5478890196555876,0.22916666666666666,1.721355773860049,0.8387144726344026,0.8786967008619041,0.2340223273046361,0.23069193224231985,0.33598222677945827,2.991321814967658,0.7756749149370386,0.5928406061246942,Education & Training Services,Consumer Defensive,ATGE
2009Q1,2009,Q1,2008-11-06,2008-09-30,34830000.0,303717000.0,46812000.0,0.48,164104000.0,0.5403187836044739,1398756000.0,797753000.0,392327000.0,507698000.0,601003000.0,0.0,661894000.0,3538394571.4249997,3521211571.4249997,11.16910045502275,0.7727566387892014,0.11858823125691687,0.20792902063671337,0.03481413460345413,11.16910045502275,0.04366013039123638,11.650301337840817,25.397606742929945,4.4354512880866634,0.12293999425782372,0.0,0.0012101533374994785,0.2171336530459923,0.6693920401498529,0.024900697476900904,41.05818718293107,0.5403187836044739,0.4117647058823528,2.250962563619984,0.5717451097847436,0.8315481065791689,0.09817777867003942,0.417813237808353,0.5125529096255129,5.96634831741587,0.4607792530087932,0.45395428563636836,Education & Training Services,Consumer Defensive,ATGE
2008Q4,2008,Q4,2008-08-27,2008-06-30,24566000.0,276805000.0,30949000.0,0.34,149433000.0,0.5398493524322177,1018356000.0,755989000.0,325588000.0,210692000.0,262367000.0,0.0,627064000.0,3829808428.575,3612609428.575,10.584375218760938,1.545326827786532,0.0,0.0,0.030304748441572053,10.584375218760938,0.032495181808200914,13.835763185545781,38.97468481412318,5.06595787580904,0.0,0.0,0.0,0.2718155536963498,1.3038985818161106,0.024123194639202792,-119.34585318089746,0.5398493524322177,-0.3584905660377358,0.9802074556199618,0.5543781301860184,0.7810934445835811,-0.06678448981121235,-0.3588913826400125,-0.38776680975648353,2.609753907971753,0.33353703153659536,0.4086827257389676,Education & Training Services,Consumer Defensive,ATGE
2008Q3,2008,Q3,2008-05-12,2008-03-31,38318000.0,290973000.0,50551000.0,0.53,160127000.0,0.5503156650273393,1115892000.0,736397000.0,434573000.0,333414000.0,379495000.0,63000.0,606781000.0,2968935396.5600004,2719355396.5600004,10.377743657103297,1.303403576334527,0.0,0.0,0.04937386387638453,10.377743657103297,0.052034432513983625,10.203473850013577,19.370370299598104,4.0317049045012405,0.11177514484054492,2076.9206349206347,0.0014426046470942275,0.26075372885548065,1.1200729423479518,0.03433844852369226,46.56642245651459,0.5503156650273393,0.08163265306122457,1.5714285911839425,0.7169140701813473,0.827331326392067,0.06858191524858191,0.06994666741127524,0.07708861568619095,2.1764706184525724,0.42709445819462133,0.45829866002518194,Education & Training Services,Consumer Defensive,ATGE
2008Q2,2008,Q2,2008-02-07,2007-12-31,35813000.0,273737000.0,46933000.0,0.49,149850000.0,0.5474232566295386,996332000.0,703165000.0,368257000.0,246933000.0,293167000.0,142000.0,568463000.0,3721686888.374,3622774888.374,9.81717532739508,1.4913235574022103,0.0,0.0,0.04806948988414518,9.81717532739508,0.05093114702808018,13.59584889282048,25.9799995,5.292764697295798,0.0,872.443661971831,0.0,0.2747447637935949,1.287385647118854,0.03594484569400561,87.97482243697996,0.5474232566295386,0.32432432432432434,0.515151518452355,0.5404249678151245,0.7612408451641288,0.15902235285018176,0.3345630706167319,0.3843726033862309,5.25,0.43815322611696655,0.4723138169328827,Education & Training Services,Consumer Defensive,ATGE
2008Q1,2008,Q1,2007-11-08,2007-09-30,26835000.0,250318000.0,33902000.0,0.37,129290000.0,0.5165030081736032,952540000.0,665976000.0,353729000.0,246925000.0,286564000.0,113000.0,536933000.0,2699036121.2384214,2549025121.2384214,9.430627173043135,1.4325361952009719,0.0,0.0,0.037853455123200826,9.430627173043135,0.04029424483765181,10.782429234966807,25.144737481259746,4.052752833793442,0.13255077324389788,1071.0442477876106,0.0013178778794438334,0.2627900140676507,1.20905538118862,0.02817204526844017,43.625016102384414,0.5165030081736032,0.6818181818181818,1.3750000017700765,0.5137664223743997,0.8035439445084113,0.20291028181725143,0.6827616479588637,0.014058387173965063,5.333333367510902,0.34840268014856857,0.4008452748304729,Education & Training Services,Consumer Defensive,ATGE
2007Q4,2007,Q4,2007-08-24,2007-06-30,15947000.0,227503000.0,33432000.0,0.22,107481000.0,0.4724377260959196,844113000.0,641966000.0,218985000.0,165875000.0,202147000.0,141000.0,510979000.0,2402438682.42,2273283682.42,9.090630899266355,1.320180859080633,0.0,0.0,0.04165731746023022,9.090630899266355,0.02484087942352087,10.560030779462249,37.66286264532514,3.742314518868601,0.0,851.2198581560284,0.0,0.2695172328823274,1.0383662396382818,0.0188920203811575,-239.81220627071272,0.4724377260959196,-0.3125,-0.02753083036846445,0.3912100298380076,0.7928197163914923,-0.11876260597215617,-0.3043535159658,0.09304910743477408,0.031072511618397934,0.15415190704521725,0.3622282945730693,Education & Training Services,Consumer Defensive,ATGE
2007Q3,2007,Q3,2007-05-09,2007-03-31,22924000.0,247781000.0,30586000.0,0.32,121966000.0,0.4922330606462965,947161000.0,626010000.0,320175000.0,289341000.0,321151000.0,125000.0,498589000.0,2102560625.0,1966739625.0,8.738579654510557,1.1065663006625401,0.0,0.0,0.03640142887084656,8.738579654510557,0.036619223335090496,8.485560333520326,22.9296875,3.358669390265331,0.0,1006.52,0.0,0.26160388782899635,0.7994407982276968,0.02420285463611783,113.51693256667747,0.4922330606462965,0.3913043478260869,0.23076923613001582,0.4825124869947619,0.8363405929721072,0.04283662231950477,0.3980606208452766,0.2895691036343705,0.39130434611844134,0.24517104764034706,0.3454716704370252,Education & Training Services,Consumer Defensive,ATGE
2007Q2,2007,Q2,2007-02-08,2006-12-31,16397000.0,237536000.0,23718000.0,0.23,116956000.0,0.49237168260810993,919801000.0,604362000.0,292504000.0,282993000.0,315439000.0,118000.0,475665000.0,,,,,,,,,,,,,,,,,,,,,,,,,,,,,,,Education & Training Services,Consumer Defensive,ATGE
2007Q1,2007,Q1,2006-11-09,2006-09-30,20920000.0,220653000.0,14551000.0,0.29,100349000.0,0.45478194268829336,940122000.0,587391000.0,313724000.0,311942000.0,352731000.0,129000.0,462813000.0,,,,,,,,,,,,,,,,,,,,,,,,,,,,,,,Education & Training Services,Consumer Defensive,ATGE
