Quarters,Year,Quarter,FillingDate,Date,NetIncome,Revenue,OperatingIncome,EPSDiluted,GrossProfit,GrossProfitRatio,TotalAssets,CommonStockEquity,CurrentAssets,CurrentLiability,TotalLiability,Inventory,RetainedEarnings,MarketCap,EnterpriseValue,bookValuePerShare,currentRatio,debtToAssets,debtToEquity,roic,shareholdersEquityPerShare,roe,priceToSalesRatio,peRatio,pbRatio,payoutRatio,inventoryTurnover,dividendYield,assetTurnover,quickRatio,returnOnAssets,priceToFreeCashFlowsRatio,grossProfitMargin,epsdilutedGrowth,fiveYNetIncomeGrowthPerShare,fiveYRevenueGrowthPerShare,fiveYShareholdersEquityGrowthPerShare,grossProfitGrowth,netIncomeGrowth,operatingIncomeGrowth,threeYNetIncomeGrowthPerShare,threeYRevenueGrowthPerShare,threeYShareholdersEquityGrowthPerShare,Industry,Sector,Symbol
2023Q1,2023,Q1,2023-03-13,2023-03-31,27165000.0,57983000.0,32489000.0,0.18,35606000.0,0.6140765397,362256000.0,305341000.0,113033000.0,41569000.0,56915000.0,42913000.0,-98768000.0,1421162507.52,1400547507.52,2.074327445652174,2.7191657244581298,0.06942604125259486,0.08236692746797843,0.08241606706471878,2.074327445652174,0.08896610674622799,24.509985815152717,13.078984976256212,4.6543454941196885,0.0,0.5214503763428332,0.0,0.16006084095225476,1.5216387211624047,0.07498840598913475,74.62912920863309,0.6140765396754221,4.232558139534884,13.113713988325813,0.0,5.432591995372759,0.34585727245237374,4.1930797170713054,0.7089579717005944,2.7225689013263747,0.0,1.6609525529566125,Other Precious Metals & Mining,Basic Materials,SILV
2022Q4,2022,Q4,2022-12-31,2022-12-31,5231000.0,40791000.0,19011000.0,0.0344,26456000.0,0.6485744404,355349000.0,276994000.0,111791000.0,36925000.0,78355000.0,40203000.0,-125969000.0,1188739288.8,1187945288.8,1.892733658589917,3.0275152335815845,0.14061387537322464,0.18039018895716152,0.02676222400922413,1.892733658589917,0.018884885593189744,29.14219530778848,56.81223899827949,4.291570535101843,0.0,0.35656543044051436,0.0,0.1147913741138993,1.8124576844955993,0.014720739329504235,324.3490556070941,0.6485744404402932,-0.7976470588235294,2.8360454577259855,0.0,3.5024556658814627,12.851308900523561,-0.7925194351895922,48.056930693069305,1.0796875464140239,0.0,0.7924734839131462,Other Precious Metals & Mining,Basic Materials,SILV
2022Q3,2022,Q3,2022-09-30,2022-09-30,25212000.0,2719000.0,-404000.0,0.17,1910000.0,0.7024641412,367244000.0,264626000.0,140949000.0,11875000.0,102618000.0,31297000.0,-131339000.0,1106668232.4810002,1106111232.4810002,1.808221611796701,11.86938947368421,0.23967716286719457,0.33262037743834694,-0.0011416352637150997,1.808221611796701,0.09527408493496482,407.012957881942,10.973625976529034,4.182008693329454,0.0,0.02584912291912963,0.0,0.007403796930651011,9.139621052631579,0.06865190445589309,-44.46236369951789,0.7024641412283928,1.8333333333333337,10.874124311707675,0.0,5.613655427840946,128.33333333333334,1.6248828735033836,0.8283772302463891,9.45091255932076,0.0,0.970332032592481,Other Precious Metals & Mining,Basic Materials,SILV
2022Q2,2022,Q2,2022-06-30,2022-06-30,9605000.0,0.0,-2354000.0,0.06,-15000.0,0.0,365862000.0,264694000.0,157491000.0,10779000.0,101168000.0,19422000.0,-156572000.0,1140118151.5828001,1109442151.5828001,1.813606122686692,14.610910102978012,0.2402681885519677,0.332100463176347,-0.006623464560244958,1.813606122686692,0.036287184446946286,0.0,29.675121071910468,4.307306367287509,0.0,0.0007723200494284832,0.0,0.0,12.692272010390575,0.02625306809671406,-43.26988316758891,0.0,2.0,4.9549333997407174,0.0,5.762576973206384,-0.07142857142857142,2.0982163274639833,0.31609529343404996,4.923267671758141,0.0,1.5730461916368574,Other Precious Metals & Mining,Basic Materials,SILV
2022Q1,2022,Q1,2022-03-31,2022-03-31,-8746000.0,0.0,-3442000.0,-0.06,-14000.0,0.0,367972000.0,266809000.0,171487000.0,10863000.0,101163000.0,0.0,-166176000.0,1622802419.8155003,1558560419.8155003,1.8311588483579837,15.78633894872503,0.2385263009142,0.32896566457653226,-0.009633346644167918,1.8311588483579837,-0.032780003673039515,0.0,-46.386988903941806,6.0822626666098225,0.0,0.0,0.0,0.0,15.4690232900672,-0.023768112791190635,-62.48276681870862,0.0,0.18699186991869926,-1.5358936148537778,0.0,5.7987552366934825,-0.07692307692307693,-0.10081812460667086,0.5610813567967355,-1.2534774811214382,0.0,1.6159462721858668,Other Precious Metals & Mining,Basic Materials,SILV
2021Q4,2021,Q4,2021-12-31,2021-12-31,-7945000.0,0.0,-7842000.0,-0.0738,-13000.0,0.0,368977000.0,268270000.0,190117000.0,10563000.0,100707000.0,0.0,-157442000.0,1060663599.2064,971757599.2064,2.5497072688564475,17.99839060872858,0.23743756385899392,0.32657024639355875,-0.02228032622636561,2.5497072688564475,-0.029615685689790137,0.0,-33.37519191964758,3.953716774914825,0.0,0.0,0.0,0.0,17.685695351699326,-0.021532507446263588,-19.313587516049385,0.0,-2.476,-6.807522584607881,0.0,8.357358424131174,0.0,-2.1486193436460894,-0.8919179734620024,-5.72825615149262,0.0,2.193677029093627,Other Precious Metals & Mining,Basic Materials,SILV
2021Q3,2021,Q3,2021-09-30,2021-09-30,6917000.0,0.0,-4145000.0,0.05,-13000.0,0.0,361317000.0,272303000.0,206957000.0,30617000.0,89014000.0,0.0,-149514000.0,1274622005.1708002,1134185005.1708002,1.8792736959792407,6.759545350622203,0.16210142340382544,0.215091276996581,-0.012508000357314537,1.8792736959792407,0.02540185014487538,0.0,46.06845471919908,4.680895932732287,0.0,0.0,0.0,0.0,6.62497958650423,0.01914385428861637,-48.681281945185816,0.0,1.8333333333333335,8.132164715745974,0.0,13.185549352972988,0.2777777777777778,1.7617002532760708,0.031089294062646097,3.381307602270069,0.0,3.118061117728266,Other Precious Metals & Mining,Basic Materials,SILV
2021Q2,2021,Q2,2021-06-30,2021-06-30,-9081000.0,0.0,-4278000.0,-0.06,-18000.0,0.0,321453000.0,275537000.0,209882000.0,16551000.0,45916000.0,0.0,-156433000.0,1569556244.9520001,1398696244.9520001,1.906197249356615,12.680925623829376,0.09187657293601242,0.10718705654775947,-0.01405113735032787,1.906197249356615,-0.03295746124839858,0.0,-43.20989552229931,5.696353828894124,0.0,0.0,0.0,0.0,12.42305600870038,-0.028249853011171153,-53.09191370808105,0.0,0.3333333333333333,-8.504316283983302,0.0,12.481608799546212,-0.2,0.28219113113587857,-0.032335907335907334,-3.5635192853654534,0.0,2.946990753615994,Other Precious Metals & Mining,Basic Materials,SILV
2021Q1,2021,Q1,2021-03-31,2021-03-31,-12651000.0,0.0,-4144000.0,-0.09,-15000.0,0.0,319108000.0,277220000.0,235408000.0,12723000.0,41888000.0,0.0,-147352000.0,1374143808.2399998,1177475808.2399998,2.045073955221128,18.502554428986873,0.0918341125888414,0.10571026621455884,-0.013783512553388786,2.045073955221128,-0.04563523555299041,0.0,-27.154845629594497,4.956871106846547,0.0,0.0,0.0,0.0,18.120726243810424,-0.039644885117264377,-32.27962904016913,0.0,0.3186511361017076,-11.392264121489257,0.0,12.869074163722896,0.9488749556948334,0.2574895444901595,0.681172549024662,-5.126109151345988,0.0,5.341875474807078,Other Precious Metals & Mining,Basic Materials,SILV
2020Q4,2020,Q4,2020-12-31,2020-12-31,-17038143.91585,0.0,-12997626.105666,-0.13209092253426674,-293398.278747,0.0,191689000.0,149000000.0,140409000.0,13550000.0,42689000.0,0.0,-134786000.0,1838760392.0087998,1732901392.0087998,1.155146215151797,10.362287822878228,0.1527317686460882,0.19648993288590605,-0.0727803597443599,1.155146215151797,-0.11434995916677851,0.0,-26.98005723349749,12.34067377187114,0.0,0.0,0.0,0.0,10.023837638376383,-0.08888430695475483,-44.28346702816871,0.0,0.017714169132340824,-12.406067074918042,0.0,4.76273322615282,-9.070030769278278,0.03790010883780516,0.15825137161929784,-5.7850419851345,0.0,1.7478745346592857,Other Precious Metals & Mining,Basic Materials,SILV
2020Q3,2020,Q3,2020-09-30,2020-09-30,-17709329.42864,0.0,-15441220.415969,-0.134473,-29135.787712,0.0,162766704.518288,157752360.745876,143222567.535262,4824587.616543,5014343.772412,0.0,-116499820.702845,1456362386.6256,1316016044.2875652,1.2230002848782524,29.685970888821043,0.0019736268376552794,0.0020363608810361204,-0.09748562642379478,1.2230002848782524,-0.11226031322071965,0.0,-20.55925370429797,9.231953041714924,0.0,0.0,0.0,0.0,29.341127283989774,-0.10880191671294931,-61.203251038430174,0.0,-0.3118805119800204,-235.7029295540827,0.0,11.543526497676677,-0.0755042934351567,-0.4182000664694537,-1.0158305146367224,-6.869098045870926,0.0,3.473180952803185,Other Precious Metals & Mining,Basic Materials,SILV
2020Q2,2020,Q2,2020-08-12,2020-06-30,-12487186.996632,0.0,-7659979.499195,-0.102504,-27090.349978,0.0,176569043.783863,170352906.721335,163236198.564944,6004539.46405,6216137.062527,0.0,-96819446.478255,1547301093.9440002,1386962098.4834642,1.3718445032238802,27.18546518717405,0.001928196452118496,0.0019985558822012213,-0.044786342348823886,1.3718445032238802,-0.07330187219557496,0.0,-30.977775346067386,9.082915717282658,0.0,0.0,0.0,0.0,27.10401170589122,-0.07072126987286335,-113.23748698310251,0.0,0.0308599954617654,-14.21315346057359,0.0,8.702390942235667,0.3454042401160538,-0.06339328864848481,0.5468390425614112,-5.043143170974489,0.0,4.115335646627742,Other Precious Metals & Mining,Basic Materials,SILV
2020Q1,2020,Q1,2020-04-03,2020-03-31,-11742773.938796,0.0,-16903440.981526,-0.105768,-41384.85404,0.0,94140474.545198,85444789.874489,83045177.69003,8467840.925116,8695684.670709,0.0,-81215722.042025,811010950.9668539,730501995.2483379,0.7795431915339366,9.807125384667327,0.003735659662583873,0.004115836365114628,-0.19621364210802736,0.7795431915339366,-0.1374311289903705,0.0,-17.266170565700417,9.49163725673805,0.0,0.0,0.0,0.0,9.735606322276851,-0.12473671920102922,-76.31049423872435,0.0,0.7644365256124721,-13.225470644308,0.0,4.286626583653494,-0.3004056671216089,0.7052975541373605,0.575790743672631,-3.5260704479620824,0.0,1.894300164304473,Other Precious Metals & Mining,Basic Materials,SILV
2019Q4,2019,Q4,2020-01-03,2019-12-31,-39846204.548534,0.0,-39846940.464876,-0.449,-31824.572198,0.0,98007751.077495,93801615.286273,86645975.181241,3933046.766748,4206135.791222,0.0,-75463312.33206,781981676.9329404,697886164.5197334,1.0559339792619375,22.03024279136232,0.0041581700889735,0.0043446255991887875,-0.4211407545501416,1.0559339792619375,-0.42479230690140496,0.0,-4.906249452068018,8.33654809191091,0.0,0.0,0.0,0.0,21.910609015340363,-0.40656176792616633,-43.57332999656072,0.0,-18.812902656429262,-44.52414762697097,0.0,4.267788395183285,-0.054446830759297175,-21.003439557058126,-20.91047452930769,-45.37826985289031,0.0,2.875249851958337,Other Precious Metals & Mining,Basic Materials,SILV
2019Q3,2019,Q3,2019-10-16,2019-09-30,-1810907.992144,0.0,-1818625.169965,-0.022662,-30181.296268,0.0,87290259.857985,81524058.014806,33081000.15108,5478573.802689,5766201.843179,0.0,-15318792.869013,611499738.0022125,579545446.5684605,0.9177243134079884,6.0382503444314555,0.004793005392430709,0.005132014970722082,-0.02208119218787754,0.9177243134079884,-0.02221317285033961,0.0,-84.41894075444381,7.500850091284157,0.0,0.0,0.0,0.0,5.956018418936743,-0.020745819695006263,-61.81012499316297,0.0,-0.4874958976042009,-34.1458182578019,0.0,8.412507409138655,-0.012444250419168138,-0.2600892646727391,-0.17997699994088068,-2.045711854300739,0.0,5.927369636538603,Other Precious Metals & Mining,Basic Materials,SILV
2019Q2,2019,Q2,2019-07-01,2019-06-30,-1437126.75198,0.0,-1541237.81231,-0.015235,-29810.329068,0.0,64368455.971968,60386819.774528,20166132.69348,3667858.013406,3981636.197441,0.0,-13621067.946374,441042300.13494,421915676.88692105,0.7048478680955806,5.4980679785784785,0.006923087109345421,0.00737956443892699,-0.02515153701075595,0.7048478680955806,-0.023798682516250013,0.0,-76.72292988897716,7.303618600577105,0.0,0.0,0.0,0.0,5.427763415743031,-0.022326568662853406,-46.06807536610359,0.0,0.4914547032512183,-1.5377427606993643,0.0,3.985047179176275,-0.07968944449444816,0.3671114470509465,0.1330870059582049,-1.5377427606993643,0.0,3.985047179176275,Other Precious Metals & Mining,Basic Materials,SILV
2019Q1,2019,Q1,2019-04-18,2019-03-31,-2270742.210905,0.0,-1777846.015578,-0.029958,-27610.095866,0.0,61960647.094068,59673737.267825,28473988.915518,1955632.86399,2286909.826243,0.0,-11979537.147993,362148242.49911886,334788079.22769886,0.6999986459308585,14.559986917699701,0.007438838041737095,0.007723920769790921,-0.029339538895433982,0.6999986459308585,-0.03805262272603367,0.0,-39.871131205464465,6.068804453686909,0.0,0.0,0.0,0.0,14.380289840422627,-0.03664813583140252,-66.00864653219904,0.0,-1.7234545454545456,-2.5369029395452887,0.0,3.7471794895901196,-28.123833467544934,-1.750874902019761,-0.32173409214597976,-2.5369029395452887,0.0,3.7471794895901196,Other Precious Metals & Mining,Basic Materials,SILV
2018Q4,2018,Q4,2019-01-09,2018-12-31,-825461.822796,0.0,-1345085.994333,-0.011,-948.024095,0.0,59793884.128837,58720091.334258,32726100.012481,1073792.794579,1073792.794579,0.0,-9517545.869034,293559332.30555403,261244521.32488504,0.798361025748449,30.47710897083442,0.0,0.0,-0.022906742203043215,0.798361025748449,-0.014057570484642892,0.0,-88.90760426424427,4.999299654261403,0.0,0.0,0.0,0.0,30.235682765156962,-0.01380512128995316,-60.985076301188606,0.0,0.5262704565030147,-0.1390374723921075,0.0,2.9828218706853953,-0.4225976894650545,0.4401525414959093,-0.2933147647611731,-0.1390374723921075,0.0,2.9828218706853953,Other Precious Metals & Mining,Basic Materials,SILV
2018Q3,2018,Q3,2018-10-31,2018-09-30,-1474440.600305,0.0,-1040029.87593,-0.02322,-666.403511,0.0,34497724.475817,33564844.699344,11185409.555654,932879.776472,932879.776472,0.0,-8978236.236562,235417719.89925,224534382.308984,0.45634915127630366,11.990194061184823,0.0,0.0,-0.030985690094681908,0.45634915127630366,-0.043928122221695155,0.0,-39.91644693088212,7.013818237742392,0.0,0.0,0.0,0.0,11.767012088380797,-0.042740227731211285,-62.4786014334278,0.0,-0.526928388242257,-33.561351057606956,0.0,3.680479425886981,-0.0740856592596988,-0.5579030781694592,-0.05891843004266244,-33.561351057606956,0.0,3.680479425886981,Other Precious Metals & Mining,Basic Materials,SILV
2018Q2,2018,Q2,2018-08-21,2018-06-30,-946426.399027,0.0,-982162.408759,-0.015207,-620.437956,0.0,34056957.116788,33202201.186131,13608430.656934,854755.930657,854755.930657,0.0,-7371486.465937,190457341.6771872,177080080.4241462,0.4829495097271947,15.920837947826826,0.0,0.0,-0.029581243823354166,0.4829495097271947,-0.02850492934854978,0.0,-50.309601959801675,5.736286597671233,0.0,0.0,0.0,0.0,15.77797762803689,-0.027789517301311382,-40.6405928690485,0.0,0.018079679731387664,-1.0826725361854548,0.0,2.415667692455367,0.0737112358598574,0.028906173999739035,0.24291389953446027,-1.0826725361854548,0.0,2.415667692455367,Other Precious Metals & Mining,Basic Materials,SILV
2018Q1,2018,Q1,2018-03-31,2018-03-31,-974598.307277,0.0,-1297292.881424,-0.015487,-669.810517,0.0,21232169.489163,20629674.54178,5325896.500724,602494.947383,602494.947383,0.0,-6543420.757157,148388851.79894432,143341801.67543632,0.32247147761653894,8.839736372657711,0.0,0.0,-0.06288479630624677,0.32247147761653894,-0.047242544001516194,0.0,-38.06410566563022,7.192980747147591,0.0,0.0,0.0,0.0,8.494379668615963,-0.045901965306674834,-43.66351944267033,0.0,0.1848947368421052,-1.0228604837650521,0.0,1.1869042081979382,-1.0361051527236746,-0.018378744333747053,-0.5440324481624522,-1.0228604837650521,0.0,1.1869042081979382,Other Precious Metals & Mining,Basic Materials,SILV
2017Q4,2017,Q4,2017-12-31,2017-12-31,-957009.671205,0.0,-840197.939472,-0.019,18551.659984,0.0,21385734.393638,20665025.84493,8200918.489066,720708.548708,720708.548708,0.0,-5718992.445328,87501501.32689439,79456710.86963838,0.4203780778859417,11.378966579163832,0.0,0.0,-0.040657967029745376,0.4203780778859417,-0.04631059638571876,0.0,-22.85805043556106,4.234279791542685,0.0,0.0,0.0,0.0,11.259584393970881,-0.04474990914923637,-29.014331248127863,0.0,-0.17851383203076532,-0.9758266941147443,0.0,1.0971602427500764,3.0746318182109835,-0.1158159949583539,0.12654981186572828,-0.9758266941147443,0.0,1.0971602427500764,Other Precious Metals & Mining,Basic Materials,SILV
2017Q3,2017,Q3,2017-09-30,2017-09-30,-857676.960654,0.0,-961930.0,-0.016122,-8942.145696,0.0,14067958.050188,13440207.814402,3349299.896012,627750.235786,627750.235786,0.0,-4787181.285418,71527483.2557961,71065364.6452021,0.2734072906466798,5.335402051770436,0.0,0.0,-0.07157106595994993,0.2734072906466798,-0.06381426332820145,0.0,-20.849191052437334,5.321903072000871,0.0,0.0,0.0,0.0,5.112147396513284,-0.06096669876283419,-26.13342729389631,0.0,-0.04838080374561072,-29.080058498989665,0.0,1.8041625478656502,-0.15927003656079375,-0.07037610634903663,-0.2446415109439276,-29.080058498989665,0.0,1.8041625478656502,Other Precious Metals & Mining,Basic Materials,SILV
2017Q2,2017,Q2,2017-06-30,2017-06-30,-801285.600049,0.0,-772857.076951,-0.015378,-7713.600295,0.0,13207333.763917,12914007.04312,5303704.558037,293326.720797,293326.720797,0.0,-3748130.036292,89091510.95688608,87053205.15015708,0.2681826957197347,18.081218593472386,0.0,0.0,-0.05984641903712941,0.2681826957197347,-0.06204779023067738,0.0,-27.79642831202694,6.898827812266837,0.0,0.0,0.0,0.0,17.672247430473497,-0.06066974715503492,-25.54196158664557,0.0,0.31641180654338547,-1.5174239679845924,0.0,0.8967261608007905,-0.4699489970842578,0.2952147702420557,0.3287780065746542,-1.5174239679845924,0.0,0.8967261608007905,Other Precious Metals & Mining,Basic Materials,SILV
2017Q1,2017,Q1,2017-03-31,2017-03-31,-1136921.669491,0.0,-1151417.987672,-0.022496,-5247.529207,0.0,13132078.315512,12936689.962357,8517248.309063,195388.353155,195388.353155,0.0,-2873879.332324,99444699.29181412,94101133.10155912,0.2693373690635394,43.5913818379253,0.0,0.0,-0.0890040644880862,0.2693373690635394,-0.08788350596630196,0.0,-21.8670955881102,7.687028102333512,0.0,0.0,0.0,0.0,43.04654482926004,-0.0865759129800524,-70.44254620076845,0.0,-1.3263702171664942,-2.1430068992216396,0.0,0.8265647249907538,-0.04423931710076291,-1.4474009394586647,-1.1369665899129737,-2.1430068992216396,0.0,0.8265647249907538,Other Precious Metals & Mining,Basic Materials,SILV
2016Q4,2016,Q4,2016-12-31,2016-12-31,-464542.466729,0.0,-538809.541107,-0.00967,-5025.217037,0.0,13298472.583885,13087708.503832,9780176.326166,210764.080054,210764.080054,0.0,-1723362.845026,114462191.04595025,107819294.68407226,0.27248152237934464,46.40343043112572,0.0,0.0,-0.04116912757869263,0.27248152237934464,-0.035494560915150644,0.0,-61.59942268137351,8.745777842808497,0.0,0.0,0.0,0.0,46.06381844615342,-0.03493201672588546,-106.88709668595214,0.0,-0.27136471206941887,0.01841643141558712,0.0,0.3593416157467206,0.047310151496270825,-0.7015010590055077,-1.098378064099568,0.01841643141558712,0.0,0.3593416157467206,Other Precious Metals & Mining,Basic Materials,SILV
2016Q3,2016,Q3,2016-09-30,2016-09-30,-273019.205172,0.0,-256774.29169,-0.007606,-5274.767066,0.0,5603166.381441,5403847.119224,3053576.725613,199319.262217,199319.262217,0.0,-1268667.046967,103652842.02184296,102490192.84899595,0.13247803445732506,15.320028238357382,0.0,0.0,-0.04751694228664137,0.13247803445732506,-0.05052311790996891,0.0,-94.91350796782086,19.181305417227946,0.0,0.0,0.0,0.0,15.078762091939254,-0.04872587865252468,-91.22818433953356,0.0,0.015914089791693602,-10.53944297395493,0.0,0.3587419039244166,-0.14792062818783885,-0.02701910037388059,0.057513736579792876,-10.53944297395493,0.0,0.3587419039244166,Other Precious Metals & Mining,Basic Materials,SILV
2016Q2,2016,Q2,2016-06-30,2016-06-30,-265836.540988,0.0,-272443.537541,-0.007729,-4595.06253,0.0,5824937.006292,5686435.097157,4060510.287684,138501.909134,138501.909134,0.0,-1011785.62043,49043241.12155728,46790395.97014028,0.14139241671370684,29.317359688922945,0.0,0.0,-0.047911131119251035,0.14139241671370684,-0.046749243848911264,0.0,-46.1216138113337,8.624602283085412,0.0,0.0,0.0,0.0,29.036932658545897,-0.045637667961189586,-42.34037869970282,0.0,-0.0032450674974039266,0.0,0.0,0.0,-0.26717122706790486,0.11554756626718957,-0.28281972123157095,0.0,0.0,0.0,Other Precious Metals & Mining,Basic Materials,SILV
2016Q1,2016,Q1,2016-03-31,2016-03-31,-300566.238329,0.0,-212378.663215,-0.007704,-3626.23648,0.0,5985132.199316,5884954.238698,5049090.166713,100177.960618,100177.960618,0.0,-743500.970694,19886313.20395411,16536952.629550112,0.1474556939475018,50.40120736702019,0.0,0.0,-0.03608841370735741,0.1474556939475018,-0.05107367468595608,0.0,-16.540707727614553,3.379178902222663,0.0,0.0,0.0,0.0,49.87477217648863,-0.05021881360671527,-28.550762778778175,0.0,0.21786802030456848,0.0,0.0,0.0,0.0,0.23565915540764054,0.5543809136209659,0.0,0.0,0.0,Other Precious Metals & Mining,Basic Materials,SILV
2015Q4,2015,Q4,2015-12-31,2015-12-31,-393235.871739,0.0,-476592.385081,-0.00985,0.0,0.0,8100000.0,8000000.0,7400000.0,100000.0,100000.0,0.0,-300000.0,5984754.18194256,784754.1819425598,0.20045110016709353,74.0,0.0,0.0,-0.059574048135125,0.20045110016709353,-0.049154483967375005,0.0,-3.804811953876618,0.74809427274282,0.0,0.0,0.0,0.0,73.0,-0.0485476384862963,-21.702161621660213,0.0,-15.982758620689653,0.0,0.0,0.0,0.0,-15.99675330979987,-19.599654763763287,0.0,0.0,0.0,Other Precious Metals & Mining,Basic Materials,SILV
2015Q3,2015,Q3,2015-09-30,2015-09-30,-23135.94041,0.0,-23135.94041,-0.00058,0.0,0.0,3889692.364991,3889062.197393,3833846.554935,630.167598,630.167598,0.0,-23135.94041,5807300.523301201,1974765.700210201,0.09750051431746708,6083.8522435979,0.0,0.0,-0.005948976703306258,0.09750051431746708,-0.005948976703306258,0.0,-62.75193941102048,1.4932393025737865,0.0,0.0,0.0,0.0,6083.8522435979,-0.005948012911826648,-72.89805281601372,0.0,0.0,0.0,0.0,0.0,0.0,0.0,0.0,0.0,0.0,0.0,Other Precious Metals & Mining,Basic Materials,SILV
