Quarters,Year,Quarter,FillingDate,Date,NetIncome,Revenue,OperatingIncome,EPSDiluted,GrossProfit,GrossProfitRatio,TotalAssets,CommonStockEquity,CurrentAssets,CurrentLiability,TotalLiability,Inventory,RetainedEarnings,MarketCap,EnterpriseValue,bookValuePerShare,currentRatio,debtToAssets,debtToEquity,roic,shareholdersEquityPerShare,roe,priceToSalesRatio,peRatio,pbRatio,payoutRatio,inventoryTurnover,dividendYield,assetTurnover,quickRatio,returnOnAssets,priceToFreeCashFlowsRatio,grossProfitMargin,epsdilutedGrowth,fiveYNetIncomeGrowthPerShare,fiveYRevenueGrowthPerShare,fiveYShareholdersEquityGrowthPerShare,grossProfitGrowth,netIncomeGrowth,operatingIncomeGrowth,threeYNetIncomeGrowthPerShare,threeYRevenueGrowthPerShare,threeYShareholdersEquityGrowthPerShare,Industry,Sector,Symbol
2023Q1,2023,Q1,2023-04-28,2023-03-31,110083000.0,610472000.0,159149000.0,1.13,217007000.0,0.3554741249,11861315000.0,1635374000.0,7522552000.0,2066924000.0,10225941000.0,0.0,987852000.0,1848343587.3,5251775587.3,16.722306833195567,3.639491340755635,0.35176656213918944,2.5513515562800926,0.021505410276979872,16.722306833195567,0.06731365424667385,3.02772868747461,4.19761358997302,1.130226839426333,0.47240718367050316,0.0,0.0281354615869692,0.05146748062925569,3.6200426334011313,0.00928084280705807,-10.110459137926318,0.3554741249393912,1.8249999999999995,-0.4157701779625003,-0.30535480821460165,0.5167852985159167,0.5915905123729336,1.777278805156798,1.271091386494663,-0.39022026119354425,-0.25549052798030775,0.8013396527663298,Capital Markets,Financial Services,VIRT
2022Q4,2022,Q4,2023-02-17,2022-12-31,39637000.0,497768000.0,70076000.0,0.4,136346000.0,0.2739147555,10583241000.0,1634584000.0,6864809000.0,1655754000.0,8948657000.0,0.0,972317000.0,2031570069.75,4777069069.75,16.421712416793692,4.146031958853791,0.3521680173398678,2.280139166907299,0.012492413426227896,16.421712416793692,0.024248983227536793,4.08135932753813,12.813596322564777,1.2428667292412015,1.4932512551403991,0.0,0.029134116947924678,0.04703360719084069,4.111810691684876,0.0037452610216473386,5.064617629571461,0.273914755468411,-0.48717948717948717,2.242088232102989,-0.03796743575453711,0.7668499864364346,-0.21651486855336877,-0.503755915567018,-0.4419989807618805,3.647552827270814,0.4608785902478229,1.077142057672975,Capital Markets,Financial Services,VIRT
2022Q3,2022,Q3,2022-11-03,2022-09-30,79874000.0,561044000.0,125584000.0,0.78,174025000.0,0.3101806632,10972260000.0,1348065000.0,2652982000.0,2069568000.0,9299352000.0,0.0,970334000.0,2124546102.44,5744880102.440001,13.178960916801634,1.281901343662059,0.4061726572283194,3.305947413514927,0.016308768283064635,13.178960916801634,0.05925085214733711,3.786772699538717,6.64967981583494,1.5759967823806715,1.0931967849362747,0.0,0.041099602357283264,0.0511329479979512,1.2557369460679717,0.007279630632157823,9.475824137694184,0.3101806631921917,-0.4468085106382978,5.574923173937265,0.6012544647294414,0.2376017750848944,-0.2889189443189108,-0.46355845690952074,-0.3628670576536721,22.287031562019003,0.6730703521845988,0.5987082049063724,Capital Markets,Financial Services,VIRT
2022Q2,2022,Q2,2022-08-02,2022-06-30,148896000.0,604738000.0,197108000.0,1.41,244733000.0,0.4046926107,11415614000.0,1740408000.0,7677052000.0,2104239000.0,9675206000.0,5180721000.0,956487000.0,2457132936.66,5404455936.66,16.58150060671207,3.6483745430058088,0.32919578394994786,2.1592477166273656,0.0293395000299923,16.58150060671207,0.08555235324130893,4.06313632789737,4.125585873126209,1.4118143197801896,0.6915766709649689,0.06948936258099983,0.041907785477806506,0.05297463631829177,3.6297830236964526,0.013043188040520641,8.097617434344299,0.40469261068429635,-0.22527472527472533,63.26025393101772,0.6230019410293895,3.7701882261140334,-0.2988175767629624,-0.25524071526822556,-0.25386773061592216,6.354675537163536,0.7176807094126605,0.8803289864610864,Capital Markets,Financial Services,VIRT
2022Q1,2022,Q1,2022-05-03,2022-03-31,199925000.0,701262000.0,264173000.0,1.82,349029000.0,0.4977155471,12519088000.0,1698742000.0,8415326000.0,2382773000.0,10820346000.0,5970312000.0,897387000.0,4069242798.96,7527345798.96,15.537823709157717,3.5317363424883528,0.32134952641917686,2.368224839322275,0.03646786697851514,15.537823709157717,0.11769003180000259,5.802742482781043,5.088461671826935,2.3954448638816253,0.6292609728648243,0.05899741923035178,0.030916071174753378,0.056015422209668944,3.5116807182220042,0.0159696137610024,-14.186850835889999,0.4977155471136323,0.10303030303030312,15.129776607964853,0.7593109894819767,3.322338211670236,0.05874805103408946,0.07510835780122394,0.5981427707199032,30.409568208006128,0.8963876444784521,0.6040087989780124,Capital Markets,Financial Services,VIRT
2021Q4,2021,Q4,2022-02-18,2021-12-31,185958000.0,705604000.0,165300000.0,1.65,329662000.0,0.4672054013,10319971000.0,1549388000.0,2294236000.0,1919584000.0,8456353000.0,0.0,830538000.0,3228136384.56,5758433384.559999,13.837350941443708,1.1951735375998134,0.34900873267957827,2.3246339845151764,0.024936647625487078,13.837350941443708,0.12002029188298864,4.574997285389538,4.339872961313844,2.0834912782079114,0.6312554447778531,0.0,0.03636370525156731,0.06837267275266568,3.387036462066781,0.018019236681963546,4.120074924710981,0.46720540132992444,1.7966101694915255,8.042514617104365,0.4532986599169933,2.738295436117545,0.5072536656958535,1.6374402541591615,-0.009705248023005032,1.1832413959164911,0.5211166673950609,0.3984629903336659,Capital Markets,Financial Services,VIRT
2021Q3,2021,Q3,2021-11-03,2021-09-30,70507000.0,544344000.0,166920000.0,0.59,218717000.0,0.4017992298987405,10429477000.0,1485328000.0,2620983000.0,2842650000.0,8628764000.0,0.0,690568000.0,2828272264.5099998,6309867264.51,12.829939852444394,0.9220210015302622,0.39939020911595086,2.804384620770631,0.023832920897502448,12.829939852444394,0.04746897654928743,5.195744353772614,10.028338549753926,1.9041398697863368,1.5416767129504871,0.0,0.03843300426341103,0.052192837665781325,0.8972282905035794,0.006760358165610797,272.39451647019166,0.4017992298987405,0.17999999999999994,2.3243619401694686,0.09416956950989844,2.4999465754523986,0.008158674699350532,0.12075981560960102,0.038266321656050956,6.545055907576513,0.6998266363806296,0.3723876495401676,Capital Markets,Financial Services,VIRT
2021Q2,2021,Q2,2021-08-04,2021-06-30,62910000.0,548965000.0,160768000.0,0.5,216947000.0,0.395192771852486,10341411000.0,1578081000.0,2732567000.0,2263310000.0,8418589000.0,0.0,648893000.0,3306809377.35,6485840377.35,13.185633961441688,1.2073321816277929,0.38941900674869223,2.5519235070950095,0.022013294516206476,13.185633961441688,0.03986487385628494,6.0237162248048595,13.141032337267525,2.0954623858661243,2.1068987442378,0.0,0.04008244349005036,0.05308414876848043,1.1776658964083577,0.006083309134507854,15.951421226453775,0.395192771852486,-0.7354497354497355,1.398629230191698,0.006763980889664927,2.650090911404695,-0.6212193431351495,-0.7372235333430798,-0.6861477312436919,1.075606532322418,0.3915056494906214,0.2734397385877051,Capital Markets,Financial Services,VIRT
2021Q1,2021,Q1,2021-05-07,2021-03-31,239405000.0,1012572000.0,512241000.0,1.89,572751000.0,0.5656397767269883,10890631000.0,1639205000.0,3193699000.0,2735093000.0,8846552000.0,0.0,615580000.0,3790042332.75,7005652332.75,13.429220779460172,1.1676747372027203,0.37781566559366486,2.510150347272001,0.07071055069901515,13.429220779460172,0.14604945690136378,3.7429855188075516,3.957772741536309,2.312122237761598,0.7910695265345336,0.0,0.04996936270698176,0.09297643084225331,2.5508997317458677,0.02198265646866559,34.34440376198416,0.5656397767269883,1.1477272727272725,6.2422540159844875,0.6454356789024639,2.7768716248127956,0.6564508199091882,1.1322141075881724,0.7626891762616912,0.017970344479010206,-0.07687259700293893,0.21808820110718932,Capital Markets,Financial Services,VIRT
2020Q4,2020,Q4,2021-02-25,2020-12-31,112280000.0,676696000.0,290602000.0,0.88,345770000.0,0.5109679974464161,9965798000.0,1468540000.0,2905489000.0,2284176000.0,8110760000.0,0.0,422381000.0,3090251406.4500003,5629489406.450001,11.961211868668737,1.2720074985465217,0.3440564418423893,2.3348339166791505,0.042458570633409104,11.961211868668737,0.07645688915521538,4.566676035398466,6.8806809014294625,2.104301827972,0.27027075169219805,0.0,0.009819913013116525,0.06790183786586884,2.584640588115802,0.011266533798898994,5.458776179149878,0.5109679974464161,-0.04347826086956525,3.079982056752603,0.12686522971476188,2.309783854090887,0.0026823645405907003,-0.03794908704555775,0.018541105877074922,6.445685038977909,0.060314285289695097,0.28693442507909833,Capital Markets,Financial Services,VIRT
2020Q3,2020,Q3,2020-11-06,2020-09-30,116709000.0,656112000.0,285312000.0,0.92,344845000.0,0.5255886190162655,9442725000.0,1396760000.0,2724782000.0,2172539000.0,7635918000.0,0.0,343817000.0,2823026282.3100004,5519581282.31,11.384749692695467,1.2541924448767088,0.3456875001654713,2.337002777857327,0.0452050524038704,11.384749692695467,0.08355694607520261,4.302659122695516,6.047147782754544,2.02112480476961,0.26002279172985804,0.0,0.010749811360299464,0.06948333240669405,1.208952750675592,0.012359673717067901,-85.85324135727755,0.5255886190162655,-0.4177215189873418,1.6518393844383268,-0.1498759651700422,1.9499405578417603,-0.3060952223807406,-0.4139408060579888,-0.35091307424031815,6.573321287570568,0.5612511551383561,0.0691120883903894,Capital Markets,Financial Services,VIRT
2020Q2,2020,Q2,2020-08-07,2020-06-30,199142000.0,905903000.0,439559000.0,1.58,496963000.0,0.5485830160624261,10288875000.0,1294280000.0,3464804000.0,2557789000.0,8587868000.0,0.0,259873000.0,2868053082.8,5812357082.8,10.650084610770092,1.3546090001950903,0.35135755852802175,2.793115863646197,0.06940683911414816,10.650084610770092,0.1538631517136941,3.165960464641358,3.60051255234958,2.2159448363568934,0.15165560253487462,0.0,0.010530139829391025,0.08804684671550582,2.357173324304702,0.01935508012294833,4.069187798905256,0.5485830160624261,-0.1222222222222222,117.59528486734393,0.4052167681715716,2.1452183295328706,-0.20579318721183887,-0.09918622692462534,-0.11473828368880028,73.22912284914831,1.099836765637816,2.06383055565243,Capital Markets,Financial Services,VIRT
2020Q1,2020,Q1,2020-05-11,2020-03-31,221069000.0,1004098000.0,496530000.0,1.8,625735000.0,0.6231812034283506,10987353000.0,1111737000.0,3909222000.0,3360814000.0,9458696000.0,0.0,91292000.0,2493344029.56,5887587029.559999,9.283261381336388,1.1631771350631126,0.37359098228663445,3.692218573277673,0.0742696117029221,9.283261381336388,0.19885008774557292,2.483168007067039,2.8196445787966655,2.2427462876201836,0.13390389425925842,0.0,0.011872408961239039,0.09138670615206411,2.0555657052130822,0.020120314692719892,-10.497318267613105,0.6231812034283506,12.25,-0.2396460238602605,0.20732231093141054,0.44203115694062933,3.585684553036188,13.4763812856256,12.04563726649326,15.28264102806481,1.2997157805130077,1.5824334313835529,Capital Markets,Financial Services,VIRT
2019Q4,2019,Q4,2020-02-28,2019-12-31,-17719000.0,403270000.0,38061000.0,-0.16,136454000.0,0.33836883477570856,9609370000.0,931374000.0,2195395000.0,1999147000.0,8380434000.0,0.0,-90374000.0,1883737271.91,5449130271.91,7.905916861165941,1.0981658677425923,0.4472256766052301,4.614211906280398,0.007311840005302515,7.905916861165941,-0.019024580888021354,4.671156475587076,-26.57792866287601,2.0225358147317833,-1.6263897511146228,0.0,0.01529831172835489,0.041966330779229025,2.4610341310568957,-0.0018439294147275004,3.7680774362097935,0.33836883477570856,-3.0,-1.0696265582640545,-0.48866470416427155,0.18809477222026563,0.08175771557225645,-3.109230055658627,0.03415389631561787,-1.8189340452401361,-0.21054910847573366,1.1358606170711043,Capital Markets,Financial Services,VIRT
2019Q3,2019,Q3,2019-11-08,2019-09-30,-4312000.0,385364000.0,36804000.0,-0.04,126141000.0,0.3273294858886663,9186745000.0,969014000.0,2225658000.0,2172166000.0,7890028000.0,0.0,-40120000.0,1923097860.84,5330127860.84,8.243506148499096,1.0246261105274643,0.41143408247426044,3.9006041192387313,0.0063887978381978894,8.243506148499096,-0.004449884109001521,4.99034123799836,-111.49686113404454,1.9845924422557364,-6.653988868274583,0.0,0.014919677559969554,0.041947828093628375,2.245861964509158,-0.00046937190484769086,135.74489029716946,0.3273294858886663,0.8518518518518519,-1.0281866101187684,-0.3977300043621653,0.0,-0.01186783229930438,0.8557425311966813,0.0890046159308794,-1.200232458441998,-0.23710987144016657,1.2487892730583046,Capital Markets,Financial Services,VIRT
2019Q2,2019,Q2,2019-08-09,2019-06-30,-29891000.0,378456000.0,33796000.0,-0.27,127656000.0,0.3373073752298814,9081397000.0,994965000.0,2039302000.0,1849030000.0,7729528000.0,0.0,-5949000.0,2434833419.2,5517651419.2,8.818403974040542,1.1029036846346463,0.3899049892874411,3.5588005608237476,0.005719958795425066,8.818403974040542,-0.03004226279316358,6.433597087111844,-20.36426866949918,2.4471548438387276,-0.9565421029741393,0.0,0.011742897799305844,0.04167376451001977,2.76080269114076,-0.0032914539470083734,-13.359707543401443,0.3373073752298814,-2.857142857142857,-1.2733703465961932,-0.34499406965119045,0.0,0.22843010835466426,-3.479394575153604,0.09347397029799075,-2.2089110384036927,-0.26377786633759914,1.4411398263342252,Capital Markets,Financial Services,VIRT
2019Q1,2019,Q1,2019-05-10,2019-03-31,-6673000.0,362991000.0,30907000.0,-0.07,103918000.0,0.28628258000887075,9076973000.0,1039593000.0,2097597000.0,2087459000.0,7640327000.0,0.0,54723000.0,2646506563.92,5517602563.92,9.686869373196442,1.0048566223336601,0.40124598806231987,3.5033893071615525,0.005117044705150493,9.686869373196442,-0.006418858149294965,7.29083245568072,-99.1498038333583,2.5457141053469963,-3.943054098606324,0.0,0.009942163136382598,0.03999031395157835,2.410932142858854,-0.0007351569735857979,-11.98186567992901,0.28628258000887075,-1.0945945945945947,-1.0404763528227672,-0.37884322423901073,0.0,-0.5374020655270655,-1.0825171885047238,-0.8155917924117397,-1.2295959456591417,-0.32910677444143027,1.7243622448185294,Capital Markets,Financial Services,VIRT
2018Q4,2018,Q4,2019-03-01,2018-12-31,80868000.0,440415000.0,167601000.0,0.74,224640000.0,0.5100643711045264,7380978000.0,1051896000.0,1837496000.0,1373808000.0,5886279000.0,0.0,96513000.0,2738524837.44,4336542837.440001,9.894685120084722,1.3375202357243516,0.3162270636763854,2.218912325933362,0.049218995404563363,9.894685120084722,0.07687832257181318,6.218055328360751,8.466033651877135,2.6034178639713432,0.3215363308107039,0.0,0.00949489288704313,0.05966892192335487,3.2591286409745757,0.010956271648553891,7.016802861118015,0.5100643711045264,8.25,-0.10003648707629996,-0.1921282393595787,-0.3053155711009448,1.050083959991239,8.390153274500697,2.2443089430894307,2.3936912078111976,-0.15300617704063524,1.7379557699795765,Capital Markets,Financial Services,VIRT
2018Q3,2018,Q3,2018-11-08,2018-09-30,8612000.0,295123000.0,51660000.0,0.08,109576000.0,0.3712892590546992,7238530000.0,997424000.0,1531697000.0,1751653000.0,5853919000.0,0.0,49647000.0,2147710644.42,3751754644.42,9.34862672127893,0.8744294674801459,0.27905900783722665,2.0251938994850733,0.00908255012736902,9.34862672127893,0.00863424180689456,7.277340784757542,62.34645391372503,2.1532574355740386,3.020901068276823,0.0,0.012113363626330469,0.04077112341870518,0.8744294674801459,0.0011897443265414386,-288.36072024973146,0.3712892590546992,-0.6666666666666666,-0.9379767944685204,-0.49182975259954914,0.0,-0.15569185249110046,-0.6583759768336706,-0.3046919163369135,-0.774984104917475,-0.5602825720917571,1.4223539269307006,Capital Markets,Financial Services,VIRT
2018Q2,2018,Q2,2018-08-06,2018-06-30,25209000.0,328126000.0,74298000.0,0.24,129782000.0,0.3955248898289072,7171163000.0,1030699000.0,1711989000.0,1518582000.0,5729537000.0,0.0,89521000.0,2642857596.4500003,4111147596.4500003,10.354344663427165,1.1273602610856708,0.29679383943720145,2.0649646502034056,0.022097158677298116,10.354344663427165,0.024458158977548248,8.054398604347112,26.209464838450554,2.564141030941138,1.0286405648776231,0.0,0.009811728045745496,0.045756315956003234,2.953460530942682,0.003515329382416771,14.988388598739842,0.3955248898289072,-0.8709677419354839,-0.7386784934632741,-0.3563065978398376,0.0,-0.7760251549316678,-0.8557433147735921,-0.8574164626048775,17.328466119094486,-0.3786043415933863,2.057879426871251,Capital Markets,Financial Services,VIRT
2018Q1,2018,Q1,2018-05-07,2018-03-31,174751000.0,815053000.0,521084000.0,1.86,579449000.0,0.7109341355715518,7757931000.0,999945000.0,2071347000.0,1395478000.0,6299456000.0,0.0,90242000.0,2993077593.0,4699639593.0,11.024834463755246,1.4843279507093627,0.3021256569567324,2.3439989199405966,0.13637340706375756,11.024834463755246,0.17476061183365085,3.672249035338806,4.281917690027525,2.993242221322173,0.12806793666416788,0.0,0.007477253530727294,0.10506061474380218,1.4843279507093627,0.02252546458585414,27.846208743464267,0.7109341355715518,5.642857142857142,0.25422595858004815,0.65031591327112,0.0,1.5241833254196089,14.921191690962099,2.319661844058381,-0.20639373157301705,0.2939885093839839,0.7125613665053622,Capital Markets,Financial Services,VIRT
2017Q4,2017,Q4,2018-03-13,2017-12-31,10976000.0,464521000.0,156969000.0,0.28,229559000.0,0.4941843318170761,7320006000.0,830569000.0,1559975000.0,1640595000.0,6168428000.0,0.0,-62129000.0,1635339935.4,3664212935.4,9.294344479077534,0.9508592919032425,0.34996692625661785,3.0843433838729837,0.011835377168901541,9.294344479077534,0.013215036920472592,3.5204865558284775,37.24808526330175,1.9689392878857748,1.9862427113702623,0.0,0.01333117324910648,0.06345910098980793,2.6425144535976277,0.0014994523228532874,25.723407924623274,0.4941843318170761,2.647058823529412,-0.8546864304969106,0.013676901706547359,-0.34746418829103887,3.0188196985346893,1.8119544311288651,134.59063829787235,-0.943141587153672,-0.2235202695967623,0.39674654827799216,Capital Markets,Financial Services,VIRT
2017Q3,2017,Q3,2017-11-09,2017-09-30,-13518000.0,271286000.0,-1175000.0,-0.17,57121000.0,0.21055638698642762,7739345000.0,843375000.0,1541508000.0,2020383000.0,6573818000.0,0.0,-51304000.0,1283026100.3999999,3378467100.3999996,10.648789604311622,0.7629781086061406,0.34284955639010795,3.14620542463317,-0.00028900907502408385,10.648789604311622,-0.016028457092040906,4.729422456005838,-23.728105126498004,1.5212996595820365,-1.6078561917443408,0.0,0.016940419211443816,0.035052837158700126,2.1980525474625354,-0.0017466594395262132,10.54365791251325,0.21055638698642762,-18.0,-1.1311517672346327,-0.37071833621256045,0.0,0.4032919788723744,-16.00332963374029,-1.0433835474819082,-1.1311517672346327,-0.37071833621256045,0.0,Capital Markets,Financial Services,VIRT
2017Q2,2017,Q2,2017-08-09,2017-06-30,901000.0,144888000.0,27084000.0,0.01,40705000.0,0.28094114074319476,4373845000.0,141873000.0,1669662000.0,773847000.0,3856364000.0,0.0,-16051000.0,720370877.0999999,2541943877.1,3.4760684108727413,2.1576125513182838,0.45417864601969204,14.00200883889112,0.010815905384667876,3.4760684108727413,0.006350750318947228,4.9719153905085305,199.88093149278578,5.077575557717113,11.28079911209767,0.0,0.014109398815395283,0.03312600240749272,2.508104315194089,0.00020599724041432652,15.661938843352535,0.28094114074319476,-0.9,-0.9772206081059697,-0.3067839152444553,0.0,-0.0463416348429117,-0.8032751091703056,-0.12335329341317365,-0.9772206081059697,-0.3067839152444553,0.0,Capital Markets,Financial Services,VIRT
2017Q1,2017,Q1,2017-05-10,2017-03-31,4580000.0,147287000.0,30895000.0,0.1,42683000.0,0.28979475445898145,4107353000.0,145223000.0,827280000.0,914567000.0,3577358000.0,0.0,-6788000.0,686772477.0,1532794477.0,3.594772770720688,0.9045592067065616,0.24614124960771572,6.961631422019928,0.02357908829763981,3.594772770720688,0.03153770408268663,4.662818015167666,37.48758062227074,4.729088897764128,2.208296943231441,0.0,0.014726856912176463,0.03585934785736702,2.9820122527928516,0.0011150733818106212,26.184706306237608,0.28979475445898145,-0.5454545454545454,-0.926199098221566,-0.33044581550413826,0.0,-0.3433889700792247,-0.3663530713890426,-0.3971589689554918,-0.926199098221566,-0.33044581550413826,0.0,Capital Markets,Financial Services,VIRT
2016Q4,2016,Q4,2017-03-14,2016-12-31,7228000.0,170647000.0,51249000.0,0.22,65005000.0,0.3809325684014369,3692390000.0,145673000.0,630143000.0,1021663000.0,3157978000.0,0.0,-1254000.0,627711978.85,1258456978.85,3.7015134779755843,0.6167816589227564,0.21995509683429973,5.57522670639034,0.048063292048038005,3.7015134779755843,0.04961797999629307,3.6784237569368345,21.711122677434975,4.309048202824133,1.3339789706696181,0.0,0.01536054802979008,0.046215865604662565,2.5353458038511723,0.001957539696510932,13.307158611222997,0.3809325684014369,0.22222222222222227,-0.782711150666778,-0.1544290006445571,-0.740124749266644,0.11397676251842205,0.02875035582123541,0.12388157894736843,-0.782711150666778,-0.1544290006445571,-0.740124749266644,Capital Markets,Financial Services,VIRT
2016Q3,2016,Q3,2016-11-10,2016-09-30,7026000.0,164806000.0,45600000.0,0.18,58354000.0,0.35407691467543656,3513421000.0,140587000.0,659291000.0,643761000.0,2970344000.0,0.0,1160000.0,574121431.0500001,1453746431.0500002,3.6657530553265696,1.0241238596311364,0.2919160556050641,7.295297573744372,0.034092830467596806,3.6657530553265696,0.049976171338743984,3.4836197168185628,20.428459687233133,4.08374480606315,1.3347566182749786,0.0,0.0163345234872155,0.04690755818901293,3.260929133638105,0.00199976034753592,5.949383229707465,0.35407691467543656,-0.14285714285714285,-0.8592305646242999,-0.210541632286177,0.0,-0.11247319350864651,-0.1613750298400573,-0.12316123449668301,-0.8592305646242999,-0.210541632286177,0.0,Capital Markets,Financial Services,VIRT
2016Q2,2016,Q2,2016-08-12,2016-06-30,8378000.0,174181000.0,52005000.0,0.21,65749000.0,0.37747515515469543,4705275000.0,138105000.0,1498719000.0,1279016000.0,4158702000.0,0.0,3512000.0,688152312.0,2054376312.0,3.6124124799859714,1.171775020797238,0.32210210880341744,10.974106657977625,0.027817013438955374,3.6124124799859714,0.060663987545707974,3.950788616439221,20.53450441632848,4.982819680677745,1.1173311052757222,0.0,0.013603093147785574,0.0370182401666215,2.481783652432808,0.0017805548028542433,25.036466273739357,0.37747515515469543,-0.19230769230769237,-0.7738705844251654,-0.11031480799086309,0.0,-0.16875482003110107,-0.19037495168148436,-0.21676857736678815,-0.7738705844251654,-0.11031480799086309,0.0,Capital Markets,Financial Services,VIRT
2016Q1,2016,Q1,2016-05-13,2016-03-31,10348000.0,192638000.0,66398000.0,0.26,79097000.0,0.41059915489155824,3935369000.0,135862000.0,778425000.0,1268503000.0,3370784000.0,0.0,4495000.0,844827720.99,1911767720.99,3.5556466074289204,0.6136564123222412,0.3088538838416423,8.94623956661907,0.042986924154984715,3.5556466074289204,0.0761655208962035,4.385571491554106,20.410410731300736,6.218278260219929,0.9062620796289138,0.0,0.01110048802495557,0.04895042879079446,1.8148155739481893,0.002629486586899475,17.53554985657354,0.41059915489155824,0.18181818181818185,-0.8237061516632416,-0.07413467285523871,0.0,0.09206257162186417,0.2764277784630566,0.311435907564685,-0.8237061516632416,-0.07413467285523871,0.0,Capital Markets,Financial Services,VIRT
2015Q4,2015,Q4,2016-03-25,2015-12-31,8107000.0,176904000.0,50630000.0,0.22,72429000.0,0.40942545109211775,3391930000.0,130708000.0,639771000.0,1330367000.0,2834060000.0,0.0,3525000.0,818847527.28,1718804527.28,3.613895165354892,0.48089812811051386,0.31344750628698115,8.134100437616672,0.038517948350340094,3.613895165354892,0.06202374759004805,4.628767734364401,25.251249761934133,6.264708566269854,2.14160601948933,0.0,0.021202970542845843,0.052154378185870584,1.4871324980249812,0.002390084701040411,56.10081716086599,0.40942545109211775,-0.3714285714285714,-0.7348127870761281,-0.04618931243471465,-0.7462762413783488,-0.27798434929970595,-0.3412156671542337,-0.41957376560547527,-0.7348127870761281,-0.04618931243471465,-0.7462762413783488,Capital Markets,Financial Services,VIRT
2015Q3,2015,Q3,2015-11-13,2015-09-30,12306000.0,215802000.0,87229000.0,0.35,100315000.0,0.4648474064188469,3641946000.0,132394000.0,722254000.0,1172509000.0,3113118000.0,0.0,12780000.0,786271791.84,1897959791.8400002,3.8593149487136764,0.6159901544465757,0.3496004608525223,9.616946387298517,0.05468281199122962,3.8593149487136764,0.0929498315633639,3.643487047571385,15.973342106289616,5.938877833134432,0.0,0.0,0.0,0.05925458532334087,1.856541826118179,0.003378962785280177,13.98015347676114,0.4648474064188469,33.99999999999999,-0.7243607812295548,0.1556745654086113,0.0,0.32127286856420323,24.962025316455698,0.42963205769073176,-0.7243607812295548,0.1556745654086113,0.0,Capital Markets,Financial Services,VIRT
2015Q2,2015,Q2,2015-08-14,2015-06-30,474000.0,181979000.0,61015000.0,0.01,75923000.0,0.4172074799839542,4536720000.0,116161000.0,818141000.0,1369646000.0,4032056000.0,0.0,474000.0,805482620.96,2050844620.96,3.3861193389241913,0.5973375602162895,0.30249607646052656,11.814120057506392,0.03243005445034811,3.3861193389241913,0.004080543383751862,4.426239406524929,424.8326059915612,6.934191518323706,105.48523206751055,0.0,0.06207458571906666,0.040112460103334566,2.0994716883048614,0.00010448077024810876,9.029466862767078,0.4172074799839542,-0.9958810225114477,-0.985742314450172,0.035883327235862475,0.0,-0.28361687472282765,-0.9938794483756004,-0.32582345336618673,-0.985742314450172,0.035883327235862475,0.0,Capital Markets,Financial Services,VIRT
2015Q1,2015,Q1,2015-05-29,2015-03-31,77444000.0,221528000.0,90503000.0,2.427787,105981000.0,0.4784090498717995,4099505000.0,205354000.0,527752000.0,1350541000.0,3894151000.0,0.0,-93939000.0,707520086.16,2104919086.1599998,6.437628851953158,0.3907708096236989,0.35710896803394554,7.129006496099419,0.052370581560147414,6.437628851953158,0.37712438033834256,3.1938178747607524,2.2839732134187285,3.4453679312796437,1.033004493569547,0.0,0.11307099482389625,0.054037743581237245,1.9287522555775796,0.01889106123788116,9.317198284894056,0.4784090498717995,0.12397546296296286,0.5804133718173187,0.275371381819124,0.0,0.1168120890237734,0.12387531201021652,0.11031639901363006,0.5804133718173187,0.275371381819124,0.0,Capital Markets,Financial Services,VIRT
2014Q4,2014,Q4,2014-12-31,2014-12-31,68908000.0,213548000.0,81511000.0,2.16,94896000.0,0.44437784479367637,3324561000.0,212265000.0,463516000.0,1282367000.0,3112296000.0,0.0,-91383000.0,707520086.16,1632351086.1599998,6.654281330092606,0.36145346846885484,0.3010006433932179,4.71436647586743,0.06469157026070567,6.654281330092606,0.3246319459166608,3.313166530054133,2.56690110785395,3.333192406473041,0.2176815464097057,0.0,0.02120081152948055,0.06423344315234403,0.36145346846885484,0.020726947106700703,6.444831857607418,0.44437784479367637,0.6597242552563699,1.5557092122115757,0.3054776087717442,-0.5328173085421594,0.4915829678879615,0.663721087449901,0.6101256321112516,1.5557092122115757,0.3054776087717442,-0.5328173085421594,Capital Markets,Financial Services,VIRT
2014Q3,2014,Q3,2014-09-30,2014-09-30,41418000.0,173234000.0,50624000.0,1.301421,63621000.0,0.3672546959603773,,,,,,,,705883202.16,,,0.0,0.0,0.0,0.0,,0.0,4.074738227830564,4.260727233087064,0.0,0.8450432179245738,0.0,0.0495832736816801,0.0,0.0,0.0,19.700348920208757,0.3672546959603773,0.34290882524718647,0.0,0.0,0.0,0.0239651065473508,0.34290902016730435,0.04931080941030159,0.0,0.0,0.0,Capital Markets,Financial Services,VIRT
2014Q2,2014,Q2,2014-06-30,2014-06-30,30842000.0,162976000.0,48245000.0,0.969106,62132000.0,0.38123404673080696,,,,,,,,705883202.16,,,0.0,0.0,0.0,0.0,,0.0,4.331209516493225,5.721769033785098,0.0,1.4801893521820895,0.0,0.06467358886045886,0.0,0.0,0.0,150.09211187752499,0.38123404673080696,-0.36914225750762286,0.0,0.0,0.0,-0.12463016709402913,-0.3691423428583117,-0.17771679847286612,0.0,0.0,0.0,Capital Markets,Financial Services,VIRT
2014Q1,2014,Q1,2014-03-31,2014-03-31,48889000.0,173295000.0,58672000.0,1.536172,70978000.0,0.4095790415187974,,,,,,,,705883202.16,,,0.0,0.0,0.0,0.0,,0.0,4.073303916212239,3.6096218073595288,0.0,0.9204524535171511,0.0,0.06374992330501728,0.0,0.0,0.0,8.186525974601333,0.4095790415187974,6.795057593748415,0.0,0.0,0.0,-0.21223085460599334,0.8174349442379182,1.0805673758865249,0.0,0.0,0.0,Capital Markets,Financial Services,VIRT
2013Q4,2013,Q4,2013-12-31,2013-12-31,26900000.0,163200000.0,28200000.0,0.19707,90100000.0,0.5520833333333334,3963600000.0,453300000.0,3924400000.0,3002600000.0,3510300000.0,0.0,-74000000.0,705883202.16,1231283202.1599998,14.243424364305884,1.3070005994804503,0.14920779089716418,1.3046547540260314,0.02565329759739638,14.243424364305884,0.059342598720494154,4.325264719117647,6.560252808178439,1.557209799602912,0.0,0.0,0.0,0.041174689676052076,0.16442416572304003,0.006786759511555152,-51.52432132554731,0.5520833333333334,0.0,0.0,0.0,0.0,0.0,0.0,0.0,0.0,0.0,0.0,Capital Markets,Financial Services,VIRT
