Quarters,Year,Quarter,FillingDate,Date,NetIncome,Revenue,OperatingIncome,EPSDiluted,GrossProfit,GrossProfitRatio,TotalAssets,CommonStockEquity,CurrentAssets,CurrentLiability,TotalLiability,Inventory,RetainedEarnings,MarketCap,EnterpriseValue,bookValuePerShare,currentRatio,debtToAssets,debtToEquity,roic,shareholdersEquityPerShare,roe,priceToSalesRatio,peRatio,pbRatio,payoutRatio,inventoryTurnover,dividendYield,assetTurnover,quickRatio,returnOnAssets,priceToFreeCashFlowsRatio,grossProfitMargin,epsdilutedGrowth,fiveYNetIncomeGrowthPerShare,fiveYRevenueGrowthPerShare,fiveYShareholdersEquityGrowthPerShare,grossProfitGrowth,netIncomeGrowth,operatingIncomeGrowth,threeYNetIncomeGrowthPerShare,threeYRevenueGrowthPerShare,threeYShareholdersEquityGrowthPerShare,Industry,Sector,Symbol
2023Q1,2023,Q1,2023-04-28,2023-03-31,23600000.0,206500000.0,30200000.0,0.86,206500000.0,1.0,3744000000.0,974100000.0,145300000.0,52700000.0,2769900000.0,0.0,1312100000.0,1133001750.87,1228801750.87,35.84304169769954,2.757115749525617,0.04874465811965812,0.18735242788214762,0.021016377393653096,35.84304169769954,0.024227492043937995,5.486691287506052,12.00213719141949,1.163126733261472,0.3220338983050847,0.0,0.00670784488564486,0.05515491452991453,17.683111954459203,0.006303418803418804,298.1583554921052,1.0,-0.5,0.11365481064048587,0.3269078594865363,0.2649084160362598,-0.06898106402164111,-0.5,-0.47750865051903113,1.7638196759619702,0.8366254609991072,0.0406617129887116,Insurance—Specialty,Financial Services,EIG
2022Q4,2022,Q4,2023-02-24,2022-12-31,47200000.0,221800000.0,57800000.0,1.72,221800000.0,1.0,3716700000.0,944200000.0,979400000.0,28700000.0,2772500000.0,0.0,1295600000.0,1175648149.98,1268948149.98,34.63905931438142,34.12543554006969,0.04910269863050556,0.1932853209065876,0.04279952063583054,34.63905931438142,0.04998940902351197,5.30048760135257,6.2269499469279666,1.2451261914636729,0.8686440677966102,0.0,0.03487437972040996,0.05967659482874593,34.12543554006969,0.012699437673204724,36.85417398056426,1.0,1.4571428571428573,0.8057974589055499,0.3214077842628336,0.19306606203303112,0.08512720156555773,1.4712041884816753,1.321285140562249,0.7316002519156424,0.22597244828595225,-0.058099886959810096,Insurance—Specialty,Financial Services,EIG
2022Q3,2022,Q3,2022-10-28,2022-09-30,19100000.0,204400000.0,24900000.0,0.7,204400000.0,1.0,3708700000.0,919000000.0,926100000.0,21400000.0,2789700000.0,0.0,1290400000.0,942004986.4100001,976404986.4100001,33.647709361704415,43.27570093457944,0.04920861757489147,0.1985854189336235,0.017908920155264112,33.647709361704415,0.020783460282916215,4.608634962866928,12.329908199083771,1.0250326293906422,0.3769633507853403,0.0,0.007643271642796016,0.05511365168387845,52.93457943925234,0.005150052579070833,32.59532824948097,1.0,2.25,0.039834742545848595,0.15552509890112787,0.19474133476466066,0.5107169253510717,2.2243589743589745,2.1800947867298577,-0.3188738213702986,0.18946832901218502,-0.07364843375588075,Insurance—Specialty,Financial Services,EIG
2022Q2,2022,Q2,2022-07-29,2022-06-30,-15600000.0,135300000.0,-21100000.0,-0.56,135300000.0,1.0,3685500000.0,977500000.0,897700000.0,21800000.0,2708000000.0,0.0,1278400000.0,1158270103.53,1170170103.53,35.35226789952231,41.178899082568805,0.03825803825803826,0.1442455242966752,-0.013569747164724266,35.35226789952231,-0.015959079283887467,8.560754645454546,-18.56202088990385,1.1849310522046035,-2.2243589743589745,0.0,0.029958469871791217,0.03671143671143671,41.178899082568805,-0.004232804232804233,56.77794625147059,1.0,-5.837606837606838,-1.7386593112436497,-0.16860316141388174,0.2765320614883142,-0.10986842105263157,-5.782608695652174,-7.791666666666667,-1.4446659726755475,-0.23169592279071627,0.011163061342818649,Insurance—Specialty,Financial Services,EIG
2022Q1,2022,Q1,2022-04-29,2022-03-31,-2300000.0,152000000.0,-2400000.0,-0.0819,152000000.0,1.0,3753300000.0,1109300000.0,884400000.0,21700000.0,2644000000.0,0.0,1329200000.0,1140477911.44,1069977911.44,39.898612277852884,40.755760368663594,0.015985932379506036,0.054088163706842156,-0.0018632911392405063,39.898612277852884,-0.0020733796087622825,7.503144154210527,-123.96499037391305,1.028105932966736,-3.217391304347826,0.0,0.006488507954228196,0.04049769536141529,40.755760368663594,-0.0006127940745477313,71.279869465,1.0,-1.042216494845361,-1.1152721953857903,-0.09965698064530627,0.4868400226146122,-0.23923923923923923,-1.0419708029197081,-1.0350364963503649,-1.0518105635152295,-0.19490091990465405,0.20780277168967726,Insurance—Specialty,Financial Services,EIG
2021Q4,2021,Q4,2022-02-24,2021-12-31,54800000.0,199800000.0,68500000.0,1.94,199800000.0,1.0,3783200000.0,1213100000.0,828000000.0,24100000.0,2570100000.0,0.0,1338500000.0,1155808159.7,1097308159.7,43.43115038487819,34.356846473029044,0.004387819835060267,0.01368395021020526,0.04403443549632057,43.43115038487819,0.0451735223806776,5.7848256241241245,5.272847443886862,0.9527723680652873,0.13686131386861314,0.0,0.006488966129073435,0.05281243391837598,34.356846473029044,0.01448509198562064,62.14022363978495,1.0,2.6603773584905657,0.7821720718043808,0.19394903810782785,0.6661137374255456,0.18716577540106952,2.6533333333333333,0.0,1.523464944588676,0.31289419473851665,0.40449498509573556,Insurance—Specialty,Financial Services,EIG
2021Q3,2021,Q3,2021-10-29,2021-09-30,15000000.0,168300000.0,0.0,0.53,168300000.0,1.0,3801500000.0,1189900000.0,0.0,0.0,2611600000.0,0.0,1290800000.0,1115055357.02,1036955357.02,42.14064414306669,0.0,0.0046034460081546755,0.014707118245230692,0.0,42.14064414306669,0.012606101353054878,6.625403190849673,18.584255950333336,0.9371000563240609,0.48,0.0,0.006457078524999954,0.04427199789556754,0.0,0.003945810864132579,72.87943509934641,1.0,-0.42391304347826086,-0.23724844734341818,0.0031765389534998832,0.6085728297562724,-0.01808634772462077,-0.4318181818181818,0.0,-0.6327571032028003,-0.1431448301517081,0.39900178705890665,Insurance—Specialty,Financial Services,EIG
2021Q2,2021,Q2,2021-07-29,2021-06-30,26400000.0,171400000.0,0.0,0.92,171400000.0,1.0,3836700000.0,1203600000.0,0.0,0.0,2633100000.0,0.0,1283000000.0,1218892126.3999999,1129692126.3999999,42.263034508350565,0.0,0.0047957880470195745,0.015287470920571618,0.0,42.263034508350565,0.02193419740777667,7.111389302217035,11.542539075757576,1.012705322698571,0.2727272727272727,0.0,0.005907003453427182,0.04467380822060625,0.0,0.006880913284854171,-85.83747369014084,1.0,0.15,0.15010483012763706,-0.0268519770275918,0.6314003798250177,0.04767726161369193,0.14285714285714285,0.0,-0.2828242325480986,-0.030431666369097284,0.4528066353208158,Insurance—Specialty,Financial Services,EIG
2021Q1,2021,Q1,2021-04-26,2021-03-31,23100000.0,163600000.0,0.0,0.8,163600000.0,1.0,3864000000.0,1186600000.0,0.0,0.0,2677400000.0,0.0,1263800000.0,1227930436.8600001,1176630436.8600001,41.610660071801355,0.0,0.008825051759834368,0.028737569526377887,0.0,41.610660071801355,0.019467385808191472,7.505687266870416,13.289290442207792,1.0348309766222823,0.30735930735930733,0.0,0.005782086498446729,0.042339544513457554,0.0,0.005978260869565218,-98.23443494880001,1.0,-0.634703196347032,0.25032563515081735,-0.03147124095324946,0.6781888296966979,-0.14390371533228677,-0.6390625,0.0,0.03884205170093832,0.0018505865459615743,0.46844887120792544,Insurance—Specialty,Financial Services,EIG
2020Q4,2020,Q4,2021-02-23,2020-12-31,64000000.0,191100000.0,0.0,2.19,191100000.0,1.0,3922600000.0,1212800000.0,0.0,0.0,2709800000.0,0.0,1247900000.0,931319888.9699999,810819888.9699999,41.91903605019819,0.0,0.010171824810074951,0.0328990765171504,0.0,41.91903605019819,0.052770448548812667,4.873468806750392,3.637968316289062,0.7679088794277703,0.1171875,0.0,0.008053086902605162,0.04871768724825371,0.0,0.016315708968541273,-60.87058097843137,1.0,1.0857142857142856,1.6743456023008627,0.15561490267715544,0.7785558263251263,0.05057724024189115,1.0578778135048232,0.0,1.3068907015305267,0.0726449975789597,0.4438088174024575,Insurance—Specialty,Financial Services,EIG
2020Q3,2020,Q3,2020-10-27,2020-09-30,31100000.0,181900000.0,0.0,1.05,181900000.0,1.0,3985100000.0,1167400000.0,0.0,0.0,2817700000.0,0.0,1191400000.0,887457136.5,706057136.5,39.792175359896945,0.0,0.01402725151188176,0.04788418708240535,0.0,39.792175359896945,0.026640397464450915,4.878818782297966,7.133899811093247,0.7601997057563817,0.24115755627009647,0.0,0.008451112387893903,0.04564502772828787,0.0,0.007804070161351033,47.20516683510638,1.0,-0.46700507614213194,0.3925610594689889,0.0002527201567459343,0.7640179918236911,-0.13954588457899716,-0.47818791946308725,0.0,0.5762654113900008,-0.042653418366651,0.41291510193502584,Insurance—Specialty,Financial Services,EIG
2020Q2,2020,Q2,2020-07-28,2020-06-30,59600000.0,211400000.0,0.0,1.97,211400000.0,1.0,4004000000.0,1144000000.0,0.0,0.0,2860000000.0,0.0,1167800000.0,905823585.0,831223585.0,38.07761309284081,0.0,0.014285714285714285,0.05,0.0,38.07761309284081,0.0520979020979021,4.284879777672659,3.7995955746644294,0.7918038330419581,0.13087248322147652,0.0,0.008610948234473273,0.0527972027972028,0.0,0.014885114885114886,84.65640981308411,1.0,2.7280701754385968,1.178538177033817,0.18195467093777867,0.7089350532868823,0.6645669291338583,2.707736389684814,0.0,1.5972216640187493,0.19552519696848497,0.374941321335011,Insurance—Specialty,Financial Services,EIG
2020Q1,2020,Q1,2020-04-24,2020-03-31,-34900000.0,127000000.0,0.0,-1.14,127000000.0,1.0,3912200000.0,1057300000.0,0.0,0.0,2854900000.0,0.0,1115900000.0,1243555562.96,1086255562.96,34.442548669116206,0.0,0.004294258984714483,0.01588952993473943,0.0,34.442548669116206,-0.03300860682871465,9.791776086299214,-8.907991138681949,1.176161508521706,-0.22922636103151864,0.0,0.006433166509229251,0.032462553039210675,0.0,-0.008920811819436634,91.43790904117647,1.0,-2.1515151515151514,-3.5775909090900626,-0.25893448609019454,0.5408573435238477,-0.39638783269961975,-2.1009463722397475,0.0,-2.5842015223831845,-0.3186717357722719,0.28351731848377665,Insurance—Specialty,Financial Services,EIG
2019Q4,2019,Q4,2020-02-20,2019-12-31,31700000.0,210400000.0,0.0,0.99,210400000.0,1.0,4004100000.0,1165800000.0,0.0,0.0,2838300000.0,0.0,1158800000.0,1323485813.25,1186385813.25,36.77572476616043,0.0,0.004445443420493993,0.015268485160404872,0.0,36.77572476616043,0.027191628066563733,6.290331812024715,10.437585277996845,1.1352597471693258,0.22397476340694006,0.0,0.00536462116096657,0.052546140206288554,0.0,0.007916885192677506,122.54498270833334,1.0,-0.01980198019801982,0.08947153386983327,0.0935483050464224,0.6995059257588203,0.046766169154228855,-0.03353658536585366,0.0,-0.09163415405853342,0.10781821301310845,0.4107970821333473,Insurance—Specialty,Financial Services,EIG
2019Q3,2019,Q3,2019-10-25,2019-09-30,32800000.0,201000000.0,0.0,1.01,201000000.0,1.0,4024900000.0,1160400000.0,0.0,0.0,2864500000.0,0.0,1134300000.0,1392243766.58,1269043766.58,36.32282881339385,0.0,0.00424855275907476,0.014736297828335057,0.0,36.32282881339385,0.028266115132712856,6.926585903383084,10.611614074542683,1.1997964206997587,0.21646341463414634,0.0,0.005099681658076956,0.0499391289224577,0.0,0.008149270789336381,21.030872606948638,1.0,-0.192,1.1338891520004173,0.0349271441522637,0.7583564098552893,-0.016152716593245228,-0.1941031941031941,0.0,0.47416780961703714,0.058938033215001275,0.38649792183413106,Insurance—Specialty,Financial Services,EIG
2019Q2,2019,Q2,2019-07-29,2019-06-30,40700000.0,204300000.0,0.0,1.25,204300000.0,1.0,3954300000.0,1121500000.0,0.0,0.0,2832800000.0,0.0,1108700000.0,1392492870.1799998,1304792870.1799998,34.96198511501667,0.0,0.004501428824317831,0.01587160053499777,0.0,34.96198511501667,0.03629068212215782,6.815922027312775,8.553396008476659,1.2416343024342398,0.18181818181818182,0.0,0.005314210333474413,0.051665275775737804,0.0,0.010292592873580659,74.46485936791443,1.0,-0.20382165605095545,-0.12295856055883361,0.0022785163399739756,0.7077798811534946,-0.07262823422605538,-0.21428571428571427,0.0,0.574150378161873,0.029804444933896796,0.34957171106123774,Insurance—Specialty,Financial Services,EIG
2019Q1,2019,Q1,2019-04-25,2019-03-31,51800000.0,220300000.0,0.0,1.57,220300000.0,1.0,3973100000.0,1071700000.0,0.0,0.0,2901400000.0,0.0,1075100000.0,1319427812.29,1266127812.29,33.034045965994935,0.0,0.009816012685308701,0.03639078100214612,0.0,33.034045965994935,0.048334421946440234,5.989232012210621,6.36789484695946,1.231154065774004,0.14092664092664092,0.0,0.005532701320984066,0.05544788704034633,0.0,0.013037678387153608,86.23711191437908,1.0,1.038961038961039,3.6638783481350385,0.1316028165566847,0.7650039494178656,0.22798216276477146,1.0234375,0.0,1.464502098757711,0.14638896190102127,0.3322876119763519,Insurance—Specialty,Financial Services,EIG
2018Q4,2018,Q4,2019-02-28,2018-12-31,25600000.0,179400000.0,0.0,0.77,179400000.0,1.0,3919200000.0,1018200000.0,0.0,0.0,2901000000.0,0.0,1030700000.0,1381945518.48,1300545518.48,30.92296579607777,0.0,0.005103082261686058,0.019642506383814574,0.0,30.92296579607777,0.025142408171282656,7.703152276923077,13.49556170390625,1.3572436834413673,0.265625,0.0,0.004920599190827227,0.045774647887323945,0.0,0.006531945294958155,31.054955471460673,1.0,-0.4615384615384615,0.7215348236557357,-0.11188662793516536,0.7049723609162969,-0.2162516382699869,-0.46218487394957986,0.0,-0.060052775984812,-0.04676312582819489,0.312010632067163,Insurance—Specialty,Financial Services,EIG
2018Q3,2018,Q3,2018-10-25,2018-09-30,47600000.0,228900000.0,0.0,1.43,228900000.0,1.0,3898500000.0,991200000.0,0.0,0.0,2907300000.0,0.0,1011900000.0,1449520312.5,1266520312.5,30.12193732193732,0.0,0.005130178273695011,0.020177562550443905,0.0,30.12193732193732,0.0480225988700565,6.332548328964613,7.613026851365546,1.4623893386803875,0.13865546218487396,0.0,0.004553230432912612,0.0587148903424394,0.0,0.012209824291394125,29.34251644736842,1.0,0.11718749999999993,0.636847418038452,0.18435459589667247,0.6894592727648254,0.12150906418422341,0.12,0.0,0.9002223624474291,0.12219014129054825,0.33532884050450107,Insurance—Specialty,Financial Services,EIG
2018Q2,2018,Q2,2018-07-26,2018-06-30,42500000.0,204100000.0,0.0,1.28,204100000.0,1.0,3868500000.0,956500000.0,0.0,0.0,2912000000.0,0.0,970800000.0,1321776924.6000001,1195476924.6000001,29.090612254133763,0.0,0.005169962517771746,0.020909566126502875,0.0,29.090612254133763,0.04443282801881861,6.476124079372857,7.7751583800000015,1.3818891004704654,0.15764705882352942,0.0,0.005068934004902207,0.05275946749386067,0.0,0.010986170350264961,40.2980769695122,1.0,0.6623376623376623,1.753835933131121,0.062314027204383206,0.7322448554484431,0.08563829787234042,0.66015625,0.0,0.4194890294003596,0.0427087983604489,0.30559567590157394,Insurance—Specialty,Financial Services,EIG
2018Q1,2018,Q1,2018-04-27,2018-03-31,25600000.0,188000000.0,0.0,0.77,188000000.0,1.0,3847900000.0,930300000.0,0.0,0.0,2917600000.0,0.0,935000000.0,1327992956.45,1291692956.45,28.336471829334453,0.0,0.005197640271316822,0.02149844136300118,0.0,28.336471829334453,0.027518004944641513,7.063792321542554,12.968681215332031,1.4274889352359454,0.2578125,0.0,0.004969905877846796,0.04885781855037813,0.0,0.006652979547285533,30.66958328983834,1.0,-0.18085106382978716,2.218420750777645,0.06465853750091566,0.5983112684859405,-0.06467661691542288,-0.18210862619808307,0.0,0.7678859141383191,0.0257379827728325,0.26768959890989996,Insurance—Specialty,Financial Services,EIG
2017Q4,2017,Q4,2018-03-01,2017-12-31,31300000.0,201000000.0,0.0,0.94,201000000.0,1.0,3840100000.0,947700000.0,0.0,0.0,2892400000.0,0.0,842200000.0,1449279847.2,1395979847.2,29.03364735340398,0.0,0.005208197703184813,0.02110372480742851,0.0,29.03364735340398,0.03302732932362562,7.2103474985074625,11.57571762939297,1.5292601532130419,0.1597444089456869,0.0,0.0034499893237734383,0.05234238691700737,0.0,0.008150829405484231,38.03884113385827,1.0,0.4242424242424241,-0.662084954198129,0.18996533605385793,0.6600111314718736,-0.04694167852062589,0.4292237442922374,0.0,0.04470696489256569,0.014569543802575994,0.3417235428329423,Insurance—Specialty,Financial Services,EIG
2017Q3,2017,Q3,2017-10-26,2017-09-30,21900000.0,210900000.0,0.0,0.66,210900000.0,1.0,3835400000.0,917100000.0,0.0,0.0,2918300000.0,0.0,832400000.0,1480024710.0,1430624710.0,28.16317505942181,0.0,0.005214579965583772,0.02180787264202377,0.0,28.16317505942181,0.02387962054301603,7.017661024182077,16.895259246575346,1.6138095191364084,0.2237442922374429,0.0,0.0033107555346153644,0.05498774573708088,0.0,0.00570996506231423,24.958258178752107,1.0,-0.11999999999999995,1.5491330570432438,0.32374142758654456,0.8384984668693316,0.10361067503924647,-0.11693548387096774,0.0,0.39776803395019517,0.0653278427052817,0.3633547002085474,Insurance—Specialty,Financial Services,EIG
2017Q2,2017,Q2,2017-07-27,2017-06-30,24800000.0,191100000.0,0.0,0.75,191100000.0,1.0,3824800000.0,899200000.0,0.0,0.0,2925600000.0,0.0,815400000.0,1373444495.1,1350844495.1,27.69399137402389,0.0,0.005229031583350764,0.02224199288256228,0.0,27.69399137402389,0.027580071174377226,7.187046023547881,13.845206603830643,1.527407134230427,0.1935483870967742,0.0,0.003494862746273932,0.04996339677891654,0.0,0.006483999163354947,144.5731047473684,1.0,0.0714285714285715,3.8119010982279398,0.3420225787198671,0.921029369003241,-0.026490066225165563,0.06896551724137931,0.0,-0.47202928493616647,-0.07378205585573751,0.3527618967231483,Insurance—Specialty,Financial Services,EIG
2017Q1,2017,Q1,2017-04-27,2017-03-31,23200000.0,196300000.0,0.0,0.7,196300000.0,1.0,3833600000.0,867500000.0,0.0,0.0,2966100000.0,0.0,795400000.0,1226839402.8000002,1200239402.8000002,26.834502482446677,0.0,0.008347245409015025,0.03688760806916427,0.0,26.834502482446677,0.026743515850144093,6.24981865919511,13.220252185344828,1.414224095446686,0.21551724137931033,0.0,0.004075513052962403,0.05120513355592654,0.0,0.006051752921535893,45.104389808823534,1.0,-0.3518518518518519,2.765777473599753,0.5233258923990309,0.881227288118205,0.016045548654244308,-0.3464788732394366,0.0,1.0962398137265024,0.011894763504771118,0.4337633031974684,Insurance—Specialty,Financial Services,EIG
2016Q4,2016,Q4,2017-02-24,2016-12-31,35500000.0,193200000.0,0.0,1.08,193200000.0,1.0,3773400000.0,840600000.0,0.0,0.0,2932800000.0,0.0,777200000.0,1276991139.6000001,1241791139.6000001,26.067338267066546,0.0,0.008480415540361478,0.038068046633357125,0.0,26.067338267066546,0.04223173923388056,6.609684987577641,8.992895349295773,1.5191424453961457,0.07605633802816901,0.0,0.002114345132297267,0.05120050882493242,0.0,0.009407960990088515,51.700046137651825,1.0,0.565217391304348,0.8030750833237382,0.41307830241137855,0.7948186384368168,0.002074688796680498,0.5707964601769911,0.0,1.4376056875279886,-0.02340983305162973,0.43725189754086957,Insurance—Specialty,Financial Services,EIG
2016Q3,2016,Q3,2016-10-27,2016-09-30,22600000.0,192800000.0,0.0,0.69,192800000.0,1.0,3824300000.0,850100000.0,0.0,0.0,2974200000.0,0.0,744500000.0,967972075.1099999,915872075.1099999,26.197535705891383,0.0,0.008367544387208117,0.03764263027879073,0.0,26.197535705891383,0.026585107634395953,5.020602049325726,10.707655698119469,1.1386567169862367,0.12831858407079647,0.0,0.0029959541959621565,0.050414454932928905,0.0,0.005909578223465732,17.89227495582255,1.0,-0.13750000000000012,1.223858762408998,0.9797660712222266,0.9475640600965756,-0.044598612487611496,-0.14068441064638784,0.0,-0.21190512779447065,0.011606949546781877,0.46935003379321827,Insurance—Specialty,Financial Services,EIG
2016Q2,2016,Q2,2016-07-28,2016-06-30,26300000.0,201800000.0,0.0,0.8,201800000.0,1.0,3832400000.0,845300000.0,0.0,0.0,2987100000.0,0.0,723500000.0,946908815.5,850708815.5,25.905985453358575,0.0,0.008349859096127753,0.03785638234946173,0.0,25.905985453358575,0.03111321424346386,4.692313258176412,9.001034367870723,1.1202044428013724,0.11406844106463879,0.0,0.0031682036864509474,0.052656298924955644,0.0,0.006862540444629997,51.462435625,1.0,0.25000000000000006,2.7578487212952525,1.171913483639839,0.9982522528912499,0.051041666666666666,0.2523809523809524,0.0,0.7172212019670885,0.05840634398379764,0.542611397617656,Insurance—Specialty,Financial Services,EIG
2016Q1,2016,Q1,2016-04-28,2016-03-31,21000000.0,192000000.0,0.0,0.64,192000000.0,1.0,3796800000.0,803700000.0,0.0,0.0,2993100000.0,0.0,700100000.0,912124838.52,873324838.52,24.794980955344414,0.0,0.008428150021070375,0.03981585168595247,0.0,24.794980955344414,0.026129152668906308,4.7506502006249995,10.858629030000001,1.134907102799552,0.1380952380952381,0.0,0.0031793893527836564,0.05056890012642225,0.0,0.0055309734513274336,44.277904782524274,1.0,-0.21951219512195116,2.0025056529751812,1.2182020908885722,0.9740806273569101,0.04065040650406504,-0.21348314606741572,0.0,1.6740480415499361,0.10128766988422715,0.3985544037206298,Insurance—Specialty,Financial Services,EIG
2015Q4,2015,Q4,2016-02-19,2015-12-31,26700000.0,184500000.0,0.0,0.82,184500000.0,1.0,3755800000.0,760800000.0,0.0,0.0,2995000000.0,0.0,682000000.0,881230186.2,856630186.2,23.569142688544,0.0,0.008520155492837744,0.04206098843322818,0.0,23.569142688544,0.03509463722397476,4.776315372357724,8.251218971910113,1.1582941458990537,0.07116104868913857,0.0,0.0021560768454756325,0.04912402151339262,0.0,0.0071090047393364926,47.12460888770054,1.0,0.09333333333333327,0.587640304358356,0.9511709046076591,0.8597988486518781,-0.07518796992481203,0.08979591836734693,0.0,-0.708514458117556,0.10452916629366767,0.3475757539517283,Insurance—Specialty,Financial Services,EIG
2015Q3,2015,Q3,2015-10-29,2015-09-30,24500000.0,199500000.0,0.0,0.75,199500000.0,1.0,3806300000.0,726000000.0,0.0,0.0,3080300000.0,0.0,657300000.0,717384547.47,753184547.47,22.55769246364584,0.0,0.024170454246906444,0.12672176308539945,0.0,22.55769246364584,0.0337465564738292,3.5959125186466165,7.3202504843877545,0.9881329854958677,0.08163265306122448,0.0,0.0027879050462592202,0.052413104589759084,0.0,0.006436697054882695,24.400834947959186,1.0,-0.16666666666666669,2.086585601893373,1.482619953209286,0.7391249753992252,0.045049764274489264,-0.16095890410958905,0.0,1.8854104741233422,0.2669591445528257,0.4725712893883555,Insurance—Specialty,Financial Services,EIG
2015Q2,2015,Q2,2015-07-30,2015-06-30,29200000.0,190900000.0,0.0,0.9,190900000.0,1.0,3811400000.0,714500000.0,0.0,0.0,3096900000.0,0.0,634700000.0,730485827.1800001,757585827.1800001,22.28148636755047,0.0,0.024138111979849924,0.12876137158852344,0.0,22.28148636755047,0.04086773967809657,3.826536548873756,6.254159479280822,1.0223734460181946,0.06506849315068493,0.0,0.0026010087113323534,0.050086582358188594,0.0,0.007661226845778454,22.203216631610946,1.0,1.0930232558139537,1.3441068439226613,1.542659771777646,0.8155052448726584,0.077313769751693,1.0857142857142856,0.0,4.736678801034029,0.35743091271618177,0.5455839903690464,Insurance—Specialty,Financial Services,EIG
2015Q1,2015,Q1,2015-04-30,2015-03-31,14000000.0,177200000.0,0.0,0.43,177200000.0,1.0,3800700000.0,709500000.0,0.0,0.0,3091200000.0,0.0,607500000.0,856687511.77,903087511.77,22.352847143102927,0.0,0.02420606730339148,0.12966878083157152,0.0,22.352847143102927,0.019732205778717406,4.834579637528217,15.297991281607143,1.2074524478787878,0.1357142857142857,0.0,0.0022178448662971808,0.04662299050174968,0.0,0.0036835319809508773,35.84466576443515,1.0,-0.5315234128509645,0.17063016420348812,1.3594421023853276,0.8755173832516693,-0.08018769984635189,-0.5194617972128784,0.0,1.3144675074676813,0.4005306773021781,0.5670417605188349,Insurance—Specialty,Financial Services,EIG
2014Q4,2014,Q4,2015-02-19,2014-12-31,29134000.0,192648000.0,0.0,0.9178687084808467,192648000.0,1.0,3769655000.0,686844000.0,0.0,0.0,3082811000.0,0.0,595318000.0,746229099.73,734656099.73,21.639068277882153,0.0,0.024405416410785603,0.1339459906470756,0.0,21.639068277882153,0.04241720099469457,3.873536708037457,6.403421258066177,1.0864608262283721,0.06483833321891948,0.0,0.0025313941799957633,0.05110494196418505,0.0,0.007728558714258997,23.16618340152738,1.0,0.9529121457039292,2.4813211861128344,1.324260664334825,0.8548874613041819,0.0030824342899987505,0.9167105263157894,0.0,0.5033452205416074,0.4315178146232102,0.48991825193820854,Insurance—Specialty,Financial Services,EIG
2014Q3,2014,Q3,2014-10-30,2014-09-30,15200000.0,192056000.0,0.0,0.47,192056000.0,1.0,3779182000.0,652593000.0,0.0,0.0,3126589000.0,0.0,568080000.0,608135547.25,651129547.25,20.65726186671289,0.0,0.02698996767025245,0.15629956190152208,0.0,20.65726186671289,0.023291699420618976,3.1664490942745864,10.00222939555921,0.9318756824697783,0.12427631578947368,0.0,0.0031062153964557613,0.050819463047823574,0.0,0.004022034397919973,11.644975341324704,1.0,-0.6690140845070423,-0.2896468788751167,1.2060980151778944,0.7764401362333159,-0.04107208835541886,-0.6666447353992587,0.0,0.5363220707152677,1.0256977522829516,0.5356918010637991,Insurance—Specialty,Financial Services,EIG
2014Q2,2014,Q2,2014-07-31,2014-06-30,45597000.0,200282000.0,0.0,1.42,200282000.0,1.0,3764577000.0,645252000.0,0.0,0.0,3119325000.0,0.0,554775000.0,667561258.14,732605258.14,20.47218467722088,0.0,0.027094677569352413,0.15807777426493835,0.0,20.47218467722088,0.07066541444272935,3.333106610379365,3.6601161158628854,1.0345744889438544,0.04129657652915762,0.0,0.002820714918727503,0.05320172757789255,0.0,0.01211211777578198,17.32125734665283,1.0,3.1764705882352935,2.3040381944302464,1.3228536655466774,1.019361553438172,0.0626110854675007,3.2403980284571747,0.0,5.744742858981922,1.2315615100997512,0.5791172749060107,Insurance—Specialty,Financial Services,EIG
2014Q1,2014,Q1,2014-05-01,2014-03-31,10753000.0,188481000.0,0.0,0.34,188481000.0,1.0,3698972000.0,587861000.0,0.0,0.0,3111111000.0,0.0,511067000.0,635410584.0600001,686292584.0600001,18.716131472051515,0.0,0.02757522900957347,0.17351040467049184,0.0,18.716131472051515,0.018291739033547045,3.3712182345170074,14.772867666232681,1.0808857605114133,0.17474193248395797,0.0,0.0029571430617255368,0.05095496802895507,0.0,0.002907023897450427,17.116358701074805,1.0,-0.2272727272727272,-0.20257748137205708,1.1927087360371098,0.9766993695998376,-0.020185689630076314,-0.24066097027046113,0.0,0.5865940170262296,1.247186340520251,0.4901061075458548,Insurance—Specialty,Financial Services,EIG
2013Q4,2013,Q4,2014-02-20,2013-12-31,14161000.0,192364000.0,0.0,0.44,192364000.0,1.0,3643449000.0,568703000.0,0.0,0.0,3074746000.0,0.0,502198000.0,992419837.05,1059916837.05,18.136930841189095,0.0,0.027995451562516725,0.1793554808045676,0.0,18.136930841189095,0.0249005192517008,5.159072576209685,17.520299361803545,1.7450582062166016,0.13240590353788576,0.0,0.0018893213638025395,0.052797225925215366,0.0,0.003886701858596072,23.903939038225303,1.0,-0.4883720930232558,0.3835860330240333,1.4818175643156852,0.9810568082767498,0.049265812842275214,-0.4866412905564618,0.0,-0.1331583443387332,1.0942461994000903,0.43115273823334693,Insurance—Specialty,Financial Services,EIG
2013Q3,2013,Q3,2013-11-07,2013-09-30,27585000.0,183332000.0,0.0,0.86,183332000.0,1.0,3645516000.0,556529000.0,0.0,0.0,3088987000.0,0.0,489916000.0,928311200.1999999,940488200.1999999,17.82933617135518,0.0,0.0307226741015538,0.20124737435066276,0.0,17.82933617135518,0.04956615019163422,5.063552463290642,8.413188328801885,1.6680374251835932,0.06786296900489397,0.0,0.0020165651341884994,0.05028972578916126,0.0,0.007566830045458585,25.429003456965976,1.0,0.8695652173913042,0.30960937749939754,2.184042916622744,1.2141740891498924,0.00949297387780274,0.8909377570605977,0.0,2.5832289067937193,1.3523120910873905,0.37458403071876445,Insurance—Specialty,Financial Services,EIG
2013Q2,2013,Q2,2013-08-08,2013-06-30,14588000.0,181608000.0,0.0,0.46,181608000.0,1.0,3617475000.0,521940000.0,0.0,0.0,3095535000.0,0.0,464210000.0,764871736.93,779811736.93,16.793591369392633,0.0,0.03096082212040166,0.21458405180672108,0.0,16.793591369392633,0.027949572747825422,4.211663235815602,13.107892393234165,1.465439968061463,0.127227858513847,0.0,0.0024265506363844876,0.050202973068231294,0.0,0.004032647081182316,18.318526055707235,1.0,0.9166666666666669,-0.1465932598064827,2.1412466239239127,1.0986606782888946,0.09220156726426385,0.9476635514018692,0.0,0.2082905552427789,1.495734450807206,0.36834916254881545,Insurance—Specialty,Financial Services,EIG
2013Q1,2013,Q1,2013-05-09,2013-03-31,7490000.0,166277000.0,0.0,0.24,166277000.0,1.0,3573883000.0,548083000.0,0.0,0.0,3025800000.0,0.0,451483000.0,709487270.1,690598270.1,17.729007101462297,0.0,0.031338462954718996,0.2043486114329399,0.0,17.729007101462297,0.013665813389577857,4.2668996319394745,23.681150537383175,1.2944887363775195,0.2472630173564753,0.0,0.0026103357707023644,0.04652558575644474,0.0,0.002095759710096833,17.634899336349175,1.0,-0.9148936170212767,-0.5249386250871277,1.8679489826924396,1.2367134161261057,0.04192070782707865,-0.9144127158250774,0.0,-0.35697016076573423,1.2731883484923778,0.4875537238594948,Insurance—Specialty,Financial Services,EIG
2012Q4,2012,Q4,2013-03-01,2012-12-31,87513000.0,159587000.0,0.0,2.82,159587000.0,1.0,3511339000.0,539381000.0,0.0,0.0,2971958000.0,0.0,445850000.0,634673576.04,606012576.04,17.490031725064917,0.0,0.03189666392222454,0.2076454305954418,0.0,17.490031725064917,0.16224709435445445,3.976975418047836,1.8130837019642794,1.176670249860488,0.021071155142664517,0.0,0.002905430554562402,0.04544904379782186,0.0,0.02492297098058604,15.498744225641024,1.0,9.846153846153845,3.465808958478914,1.4548138088839053,1.304095147567684,0.055888580124387986,9.737791411042945,0.0,9.76294333544585,0.9816746004656112,0.49923463099356763,Insurance—Specialty,Financial Services,EIG
2012Q3,2012,Q3,2012-11-08,2012-09-30,8150000.0,151140000.0,0.0,0.26,151140000.0,1.0,3587886000.0,473216000.0,0.0,0.0,3114670000.0,0.0,372390000.0,571186571.52,449944571.52,15.318574133694648,0.0,0.03400331002713018,0.2578103868001082,0.0,15.318574133694648,0.01722257911820395,3.779188643112346,17.521060476073618,1.2070314011360561,0.2260122699386503,0.0,0.003224865730120728,0.04212508424180701,0.0,0.0022715325960746802,16.474951586962792,1.0,0.625,-0.5451287016325183,1.3170845543981988,1.3091775821845932,0.0927547338967978,0.6280463443867359,0.0,-0.6104915422983865,0.7754355875911543,0.3173347995752979,Insurance—Specialty,Financial Services,EIG
2012Q2,2012,Q2,2012-08-08,2012-06-30,5006000.0,138311000.0,0.0,0.16,138311000.0,1.0,3540279000.0,454651000.0,0.0,0.0,3085628000.0,0.0,366089000.0,568935634.0799999,482144634.0799999,14.416224874476226,0.0,0.03446056087669926,0.2683376919879204,0.0,14.416224874476226,0.011010643328619094,4.113451815690725,28.41268648022373,1.2513678273664854,0.3761486216540152,0.0,0.003309688982735128,0.03906782488046846,0.0,0.0014140128503996436,19.80077381686562,1.0,-0.15789473684210525,-0.726324290380785,1.2414691952622596,1.1153361236930512,0.06275356528153431,-0.1954355512696882,0.0,-0.6374747999799973,0.6031539116896663,0.42200603971829026,Insurance—Specialty,Financial Services,EIG
2012Q1,2012,Q1,2012-05-09,2012-03-31,6222000.0,130144000.0,0.0,0.19,130144000.0,1.0,3506091000.0,465720000.0,0.0,0.0,3040371000.0,0.0,362972000.0,578217420.5500001,498662420.5500001,14.264359576289836,0.0,0.034796586854134705,0.26195997595121534,0.0,14.264359576289836,0.013359958773511982,4.442904940296902,23.23277967494375,1.2415559146053423,0.3116361298617808,0.0,0.0033534098612172988,0.03711940163561071,0.0,0.0017746259295608698,25.926707046453235,1.0,-0.688805611016354,-0.6339309387400074,0.9058141612728016,1.1692993636333209,-0.059836592572258304,-0.6878699709039832,0.0,-0.5561105658449688,0.45654353999906344,0.506526635822294,Insurance—Specialty,Financial Services,EIG
2011Q4,2011,Q4,2012-03-01,2011-12-31,19934000.0,138427000.0,0.0,0.6105508541479034,138427000.0,1.0,3481744000.0,474186000.0,0.0,0.0,3007558000.0,0.0,358693000.0,590624118.45,460324118.45000005,14.523661449030689,0.0,0.03503991103309146,0.2572830070900448,0.0,14.523661449030689,0.04203835625682749,4.2666829336039935,7.407245390413364,1.245553682415761,0.10324069429116083,0.0,0.0034844496452344294,0.039757948889981576,0.0,0.005725291692898731,96.16153019374798,1.0,0.9695188843480756,-0.4156834681357703,0.38784088923303245,1.52032913293249,0.22595072355952317,0.6917593142663159,0.0,0.8704918139441236,0.7152047592369402,0.5863873908239728,Insurance—Specialty,Financial Services,EIG
2011Q3,2011,Q3,2011-11-04,2011-09-30,11783000.0,112914000.0,0.0,0.31,112914000.0,1.0,3514046000.0,506096000.0,0.0,0.0,3007950000.0,0.0,340823000.0,480081410.59999996,405247410.59999996,13.451437230050498,0.0,0.037563537870591336,0.2608200815655528,0.0,13.451437230050498,0.023282144099143247,4.251743898896505,10.185890914877366,0.9485975202333154,0.1928201646439786,0.0,0.004732530670497076,0.032132191781211746,0.0,0.0033531148994634676,21.550541392467565,1.0,0.4761904761904762,-0.7855717049401665,0.03952836788295128,1.596896179706432,0.03081094404732561,0.42806932493031147,0.0,-0.5358983886721607,0.6269598660826928,0.670495384144198,Insurance—Specialty,Financial Services,EIG
2011Q2,2011,Q2,2011-08-04,2011-06-30,8251000.0,109539000.0,0.0,0.21,109539000.0,1.0,3498042000.0,498713000.0,0.0,0.0,2999329000.0,0.0,331316000.0,645110255.01,575228255.01,12.964321904742247,0.0,0.03773539597294715,0.26468128963953214,0.0,12.964321904742247,0.016544585763755906,5.889320287842686,19.546426342564537,1.2935501079979868,0.27911768270512666,0.0,0.0035699323985545705,0.03131437529909589,0.0,0.0023587481225211134,114.03752077249425,1.0,0.0,-0.47132123582297036,0.23200942428562163,0.0,0.060663865058001046,-0.011264230077890952,0.0,-0.6100193869281668,0.530777068157878,0.6201247251823508,Insurance—Specialty,Financial Services,EIG
2011Q1,2011,Q1,2011-05-05,2011-03-31,8345000.0,103274000.0,0.0,0.21,103274000.0,1.0,3479339000.0,485758000.0,0.0,0.0,2993581000.0,0.0,325372000.0,799008476.16,763777476.16,12.560267605960112,0.0,0.037938240568107906,0.2717402492599196,0.0,12.560267605960112,0.017179336212682035,7.736782502469159,23.936742844817257,1.6448694126705066,0.2768124625524266,0.0,0.0028910832224230704,0.02968207466993012,0.0,0.002398444072279246,179.47180506738545,1.0,-0.5969240676956674,-0.3718739073847558,0.17375681535530701,0.0,-0.08841832096106488,-0.5858355253362449,0.0,-0.5769077277363293,0.423872453041906,0.584618862387839,Insurance—Specialty,Financial Services,EIG
2010Q4,2010,Q4,2011-02-25,2010-12-31,20149000.0,113291000.0,0.0,0.5209936470268947,113291000.0,1.0,3480120000.0,490116000.0,0.0,0.0,2990004000.0,0.0,319341000.0,676024596.48,688199596.48,12.6729526183053,0.0,0.037929726561153065,0.26932399676811203,0.0,12.6729526183053,0.041110675840005224,5.967151816825697,8.38781821033302,1.379315501799574,0.11816963621023376,0.0,0.003522061197769512,0.0325537625139363,0.0,0.005789742882429342,13.214187073242245,1.0,1.0839745881075786,-0.5013925557783169,-0.04111654865216036,1.1991707667021947,0.11304219678734588,1.0040779789138652,0.0,-0.180092152717307,0.3896340107008377,0.6695046122384345,Insurance—Specialty,Financial Services,EIG
2010Q3,2010,Q3,2010-11-05,2010-09-30,10054000.0,101785000.0,0.0,0.25,101785000.0,1.0,3583214000.0,528758000.0,0.0,0.0,3054456000.0,0.0,301577000.0,642872376.56,630872376.56,12.97071388355377,0.0,0.03683843610791876,0.2496416129874158,0.0,12.97071388355377,0.019014369522541503,6.3159834608242855,15.985487779988063,1.2158158865870587,0.2430873284264969,0.0,0.003801687689674591,0.02840606226700387,0.0,0.0028058608835531454,41.91097050394419,1.0,-0.358974358974359,-0.8311363239257935,-0.13514464779280103,1.5040890988969449,0.023561473019448522,-0.39062973513546273,0.0,-0.5747759570048834,0.18248121751458046,0.9552525883562023,Insurance—Specialty,Financial Services,EIG
2010Q2,2010,Q2,2010-08-05,2010-06-30,16499000.0,99442000.0,0.0,0.39,99442000.0,1.0,3614242000.0,521263000.0,0.0,0.0,3092979000.0,0.0,293971000.0,625623416.01,564474416.01,12.272884603598774,0.0,0.036522180861159825,0.2532310944763008,0.0,12.272884603598774,0.03165196839215521,6.291339836387039,9.479717195133038,1.2002068361076847,0.15485787017394995,0.0,0.004083926423813972,0.027513929615117085,0.0,0.004564995924456636,-48.97247874833659,1.0,0.026315789473684233,-0.0425115667516134,0.012991364630304996,0.0,-0.016263379696496053,0.02497359756476362,0.0,-0.33023972614522457,0.1966365336495092,0.8008373461122215,Insurance—Specialty,Financial Services,EIG
2010Q1,2010,Q1,2010-05-06,2010-03-31,16097000.0,101086000.0,0.0,0.38,101086000.0,1.0,3651549000.0,509176000.0,0.0,0.0,3142373000.0,0.0,280030000.0,634428412.1999999,576105412.1999999,11.91822978699818,0.0,0.036149042502236724,0.25924238377299796,0.0,11.91822978699818,0.031613823118135966,6.276125400154323,9.853208861899732,1.2459904084245919,0.15872522830341057,0.0,0.004027247126496205,0.027683046290765918,0.0,0.004408266190594731,468.9049609756097,1.0,0.4412759019886365,0.09680731026833575,0.04002322829720514,0.0,-0.09390294186192431,0.42906605113636365,0.0,-0.27624029032949793,0.1312636980585558,0.8125039651654329,Insurance—Specialty,Financial Services,EIG
2009Q4,2009,Q4,2010-02-25,2009-12-31,11264000.0,111562000.0,0.0,0.26365527896198465,111562000.0,1.0,3676653000.0,498399000.0,0.0,0.0,3178254000.0,0.0,266491000.0,655362413.68,595790413.68,11.665973666492738,0.0,0.0359022186755182,0.2648480434350791,0.0,11.665973666492738,0.022600366373126752,5.874423313314569,14.54550811612216,1.314935250030598,0.23286576704545456,0.0,0.004002365630447579,0.030343358483925463,0.0,0.003063655993644219,-104.39031756610385,1.0,-0.6064846582656945,-0.7476735358502293,-0.14522540983234422,1.0244270633041506,-0.10262948335357663,-0.631377425794417,0.0,-0.7476735358502293,-0.14522540983234422,1.0244270633041506,Insurance—Specialty,Financial Services,EIG
2009Q3,2009,Q3,2009-11-05,2009-09-30,30557000.0,124321000.0,0.0,0.67,124321000.0,1.0,3789513000.0,524606000.0,0.0,0.0,3264907000.0,0.0,257852000.0,698364302.04,667743302.04,11.628459324564476,0.0,0.04802727949475302,0.3469270271403682,0.0,11.628459324564476,0.05824752290290237,5.617428286773754,5.713619645580391,1.331216764657667,0.08862126517655529,0.0,0.0038776323361455188,0.03280659018718236,0.0,0.008063569118248176,155.0542411278863,1.0,0.5227272727272728,-0.5362434365536455,-0.045477461215586434,1.24495725470666,-0.02195701428661338,0.501941508970263,0.0,-0.5362434365536455,-0.045477461215586434,1.24495725470666,Insurance—Specialty,Financial Services,EIG
2009Q2,2009,Q2,2009-08-07,2009-06-30,20345000.0,127112000.0,0.0,0.44,127112000.0,1.0,3728851000.0,471066000.0,0.0,0.0,3257785000.0,0.0,230005000.0,629609029.0500001,594578029.0500001,10.13794911682104,0.0,0.048808600826367156,0.386357750294014,0.0,10.13794911682104,0.043189277086437994,4.953183248237775,7.736655554804621,1.3365622419151457,0.13718358318997298,0.0,0.004432909744339696,0.034088784990336164,0.0,0.0054561043066617574,75.60146842579252,1.0,0.023255813953488393,0.07922551421755003,0.18358932897690966,0.0,-0.04383932601173462,-0.024454567250059938,0.0,0.07922551421755003,0.18358932897690966,0.0,Insurance—Specialty,Financial Services,EIG
2009Q1,2009,Q1,2009-05-07,2009-03-31,20855000.0,132940000.0,0.0,0.43,132940000.0,1.0,3764778000.0,459942000.0,0.0,0.0,3304836000.0,0.0,212454000.0,463421288.7,454990288.7,9.468375292617411,0.0,0.048342823932779035,0.39570206678233344,0.0,9.468375292617411,0.04534267364145914,3.485943197683165,5.555277975305682,1.0075646248874857,0.13948693358906736,0.0,0.006277225649603611,0.03531151106386618,0.0,0.0055395032588906965,15.7012125597154,1.0,0.3173537872098889,0.24975289410705653,0.20291867278552958,0.0,0.10712292945360061,0.31527497477295663,0.0,0.24975289410705653,0.20291867278552958,0.0,Insurance—Specialty,Financial Services,EIG
2008Q4,2008,Q4,2009-02-26,2008-12-31,15856000.0,120077000.0,0.0,0.32641193593918727,120077000.0,1.0,3756713000.0,444728000.0,0.0,0.0,3311985000.0,0.0,194509000.0,801514807.5,780621807.5,9.155179581632371,0.0,0.04844660744645651,0.4092389055782411,0.0,9.155179581632371,0.03565325322444281,6.675006933051292,12.637405516839051,1.8022584759673328,0.18478809283551967,0.0,0.00365557812854256,0.0319633147381767,0.0,0.004220711031159421,59.069556157417644,1.0,-0.5128180060609145,-0.6876134247109382,-0.19085993566712423,0.5887223685151871,0.3283441745209965,-0.5205177054038526,0.0,-0.6876134247109382,-0.19085993566712423,0.5887223685151871,Insurance—Specialty,Financial Services,EIG
2008Q3,2008,Q3,2008-11-07,2008-09-30,33069000.0,90396000.0,0.0,0.67,90396000.0,1.0,3265141000.0,394608000.0,0.0,0.0,2870533000.0,0.0,181584000.0,851710984.3,839917984.3,8.052364201498065,0.0,0.09187964623886075,0.7602481449945262,0.0,8.052364201498065,0.08380215302274663,9.421998587326872,6.438892802171217,2.1583723196184565,0.0888142973782092,0.0,0.0034483528498976063,0.02768517500469352,0.0,0.01012789340490962,80.08565907851434,1.0,0.21818181818181814,-0.5379712333979328,-0.36106084141714434,0.5545665102432075,-0.023337222870478413,0.20839728129796098,0.0,-0.5379712333979328,-0.36106084141714434,0.5545665102432075,Insurance—Specialty,Financial Services,EIG
2008Q2,2008,Q2,2008-08-08,2008-06-30,27366000.0,92556000.0,0.0,0.55,92556000.0,1.0,3148017000.0,398153000.0,0.0,0.0,2749864000.0,0.0,151454000.0,1029956734.8,902139734.8,8.00205175764049,0.0,0.0,0.0,0.0,8.00205175764049,0.06873237172644688,11.127930493971217,9.409090977855733,2.5868365547917507,0.10830958123218593,0.0,0.0028777907846542295,0.02940136600278842,0.0,0.00869309155573175,68.55409576677316,1.0,0.07843137254901968,0.35565396446937947,-0.19517384345964262,0.0,-0.012725469071670098,0.07342904212755942,0.0,0.35565396446937947,-0.19517384345964262,0.0,Insurance—Specialty,Financial Services,EIG
2008Q1,2008,Q1,2008-05-13,2008-03-31,25494000.0,93749000.0,0.0,0.51,93749000.0,1.0,3179504000.0,396225000.0,0.0,0.0,2783279000.0,0.0,127053000.0,926781876.9,779960876.9,7.926365073701842,0.0,0.0,0.0,0.0,7.926365073701842,0.06434222979367783,9.88577880190722,9.088235240644858,2.3390292810902897,0.11677257393896603,0.0,0.003212190564146324,0.029485416593279957,0.0,0.008018231774515773,38.360177024006624,1.0,-0.1973932801284473,0.48460781203726766,-0.17565873765747883,0.0,-0.11033821743091406,-0.19739327540612014,0.0,0.48460781203726766,-0.17565873765747883,0.0,Insurance—Specialty,Financial Services,EIG
2007Q4,2007,Q4,2008-03-14,2007-12-31,31764000.0,105376000.0,0.0,0.6354295165652478,105376000.0,1.0,3191228000.0,379453000.0,0.0,0.0,2811775000.0,0.0,104536000.0,835303406.85,722002406.85,7.59084612609347,0.0,0.0,0.0,0.0,7.59084612609347,0.08370997198599035,7.926884744628758,6.574293278947866,2.201335624833642,0.09372245309155018,0.0,0.003563974449986406,0.033020517493579274,0.0,0.009953535128170096,22.7312000122459,1.0,0.09556813200904804,-0.39187379914200277,-0.3099741054378458,0.31725947360732093,-0.031292517006802724,0.06305220883534136,0.0,-0.39187379914200277,-0.3099741054378458,0.31725947360732093,Insurance—Specialty,Financial Services,EIG
2007Q3,2007,Q3,2007-11-14,2007-09-30,29880000.0,108780000.0,0.0,0.58,108780000.0,1.0,3169256000.0,341754000.0,0.0,0.0,2827502000.0,0.0,75749000.0,1077225509.31,1028835509.31,6.633779165308949,0.0,0.0,0.0,0.0,6.633779165308949,0.08743131024069944,9.902790120518477,9.012930968122491,3.1520494546077007,0.10331325301204819,0.0,0.002865695226598681,0.034323513152613734,0.0,0.009428080281302615,38.08603837187102,1.0,0.0,-0.6028830475229132,-0.2686096494411887,0.28069852141311014,0.04787592717464599,-0.029018945179215546,0.0,-0.6028830475229132,-0.2686096494411887,0.28069852141311014,Insurance—Specialty,Financial Services,EIG
2007Q2,2007,Q2,2007-08-14,2007-06-30,30773000.0,103810000.0,0.0,0.58,103810000.0,1.0,3221187000.0,361588000.0,0.0,0.0,2859599000.0,0.0,48956000.0,1126928492.28,1025191492.28,6.815098892798047,0.0,0.0,0.0,0.0,6.815098892798047,0.08510514729471111,10.855683385800983,9.155172491144834,3.116609213469473,0.0,0.0,0.0,0.032227250389375094,0.0,0.009553310627417782,34.57472210468184,1.0,0.11412479734454099,0.42959872453707143,-0.1534677939834597,0.0,-0.07276900953044473,0.10432067752817054,0.0,0.42959872453707143,-0.1534677939834597,0.0,Insurance—Specialty,Financial Services,EIG
2007Q1,2007,Q1,2007-05-15,2007-03-31,27866000.0,111957000.0,0.0,0.520588,111957000.0,1.0,3221188000.0,351976000.0,0.0,0.0,2869212000.0,0.0,21395000.0,1071628698.14,1055249698.14,6.575560669689551,0.0,0.0,0.0,0.0,6.575560669689551,0.07917017069345637,9.571788259242387,9.61412382598866,3.044607297486192,0.0,0.0,0.0,0.03475643147807579,0.0,0.008650845588646176,61.00931956390549,1.0,-0.5017807728486982,0.5154301843738537,-0.08065358228849304,0.0,-0.30480489804028715,-0.4940997058930322,0.0,0.5154301843738537,-0.08065358228849304,0.0,Insurance—Specialty,Financial Services,EIG
