Quarters,Year,Quarter,FillingDate,Date,NetIncome,Revenue,OperatingIncome,EPSDiluted,GrossProfit,GrossProfitRatio,TotalAssets,CommonStockEquity,CurrentAssets,CurrentLiability,TotalLiability,Inventory,RetainedEarnings,MarketCap,EnterpriseValue,bookValuePerShare,currentRatio,debtToAssets,debtToEquity,roic,shareholdersEquityPerShare,roe,priceToSalesRatio,peRatio,pbRatio,payoutRatio,inventoryTurnover,dividendYield,assetTurnover,quickRatio,returnOnAssets,priceToFreeCashFlowsRatio,grossProfitMargin,epsdilutedGrowth,fiveYNetIncomeGrowthPerShare,fiveYRevenueGrowthPerShare,fiveYShareholdersEquityGrowthPerShare,grossProfitGrowth,netIncomeGrowth,operatingIncomeGrowth,threeYNetIncomeGrowthPerShare,threeYRevenueGrowthPerShare,threeYShareholdersEquityGrowthPerShare,Industry,Sector,Symbol
2023Q1,2023,Q1,2023-04-28,2023-03-31,-54062000.0,238504000.0,-14382000.0,-0.68,169555000.0,0.7109105088,1725195000.0,459640000.0,257978000.0,313891000.0,1265555000.0,15111000.0,-1234034000.0,543276472.9,1412988472.9,5.795454353458714,0.8218712865294003,0.5587119137256947,2.097047689496127,-0.00940085039862721,5.795454353458714,-0.11761813593246889,2.2778505723174454,-2.51228438135844,1.181960823470542,0.0,4.562835020845742,0.0,0.13824756042070607,0.6331911395994151,-0.03133674744014445,34.66984511167836,0.7109105088384262,-3.5333333333333337,-1.4150578781332719,0.7168250501655795,-0.20860362809419886,0.008691565433626423,-3.56489065270624,0.368185212845407,0.278426045381245,0.0903780089328548,-0.4381333836478107,Education & Training Services,Consumer Defensive,TWOU
2022Q4,2022,Q4,2023-02-21,2022-12-31,-11843000.0,236049000.0,-22763000.0,-0.15,168094000.0,0.7121148575,1810859000.0,501516000.0,322307000.0,278992000.0,1309343000.0,15060000.0,-1179972000.0,490700238.27,1365364238.27,6.408200108249766,1.1552553478235934,0.5755180276321901,2.078063312037901,-0.013254720001435034,6.408200108249766,-0.023614401135756385,2.0788066811128196,-10.358444614329139,0.9784338650611345,0.0,4.512284196547145,0.0,0.13035194899216337,0.946826432299134,-0.006539990137277392,-169.26534607450844,0.7121148575083986,0.9044585987261147,-16.557740013732953,0.8209408794918134,-0.1353432903573776,0.021413380324481982,0.9026677405568888,-0.5505074586199851,0.7845340641357991,0.17337405162653377,-0.4280495126357575,Education & Training Services,Consumer Defensive,TWOU
2022Q3,2022,Q3,2022-11-07,2022-09-30,-121676000.0,232238000.0,-14681000.0,-1.57,164570000.0,0.7086264952,1909556000.0,493916000.0,394861000.0,383071000.0,1415640000.0,14985000.0,-1168129000.0,485580693.75,1359119693.75,6.357285286942074,1.0307775843120466,0.54656894063332,2.1131204496311113,-0.008876441263619124,6.357285286942074,-0.24634958171025031,2.0908752820382537,-0.9976920135236201,0.9831240408288049,0.0,4.515715715715715,0.0,0.12161884752267019,0.778806017683406,-0.0637195243292158,-9.920743140399624,0.7086264952333382,-0.9146341463414636,-4.202521673908262,1.0833582032554772,-0.1576326195286672,-0.044630728326115476,-0.9359129383313181,0.5299221926931574,0.296818974663505,0.23142725369656503,-0.45053387427191127,Education & Training Services,Consumer Defensive,TWOU
2022Q2,2022,Q2,2022-07-28,2022-06-30,-62852000.0,241464000.0,-31231000.0,-0.82,172258000.0,0.7133899877,2033234000.0,605650000.0,418967000.0,403961000.0,1427584000.0,16978000.0,-1046453000.0,806809373.7900001,1619776373.79,7.859546140635824,1.0371471503437213,0.5084382810832399,1.7068835135804508,-0.01784622028923185,7.859546140635824,-0.10377610831338231,3.341323649860849,-3.2091634864045697,1.3321379902418888,0.0,4.076216279891624,0.0,0.11875858853432512,0.7960892264352252,-0.03091232981545656,102.20539318343046,0.7133899877414439,0.503030303030303,-2.3078035536296033,1.2981519313013825,0.9610049969466073,-0.04552985178002494,0.5003021148036254,0.40609667972464153,-0.7646000761395859,0.3998736045948272,-0.4476115792872849,Education & Training Services,Consumer Defensive,TWOU
2022Q1,2022,Q1,2022-05-10,2022-03-31,-125780000.0,253329000.0,-52586000.0,-1.65,180475000.0,0.7124135018,2072945000.0,653350000.0,428761000.0,392215000.0,1419595000.0,16977000.0,-983601000.0,1012890234.4,1834183234.4,8.566069358087594,1.0931784862894076,0.5006949050746643,1.5886018213821076,-0.029125324164463406,8.566069358087594,-0.1925154970536466,3.998319317567274,-2.013217988551439,1.5503026469732912,0.0,4.291335336042882,0.0,0.12220729445306074,0.8269240085157376,-0.06067695959130609,-52.42160409895456,0.7124135018098994,-0.8539325842696628,-21.651686832464748,1.4201189949404995,1.0671813148685771,0.031220894686619698,-0.8700286941912847,-0.05592257183590691,-3.4482036255616864,0.5797698926141188,-0.2830065461736806,Education & Training Services,Consumer Defensive,TWOU
2021Q4,2021,Q4,2022-03-01,2021-12-31,-67261000.0,243624000.0,-49801000.0,-0.89,175011000.0,0.7183651857,2109006000.0,829155000.0,393852000.0,333507000.0,1279851000.0,0.0,-890638000.0,1515470707.71,2237005707.71,10.980839659478555,1.1809407298797328,0.4525672283530725,1.151132176734145,-0.02597371870759229,10.980839659478555,-0.08111993535587435,6.220531260097528,-5.6327987530292445,1.8277290828735278,0.0,0.0,0.0,0.11551602982637318,0.9884590128543029,-0.031892275318325315,-43.678542417281534,0.7183651856959905,-0.11249999999999996,-17.9827574873341,1.6483680672069891,1.647678773850121,0.04416230632006635,-0.11896523041091332,-0.1439827257482829,-11.67824199138787,0.6237792099629551,-0.0977966668867362,Education & Training Services,Consumer Defensive,TWOU
2021Q3,2021,Q3,2021-11-09,2021-09-30,-60110000.0,232376000.0,-43533000.0,-0.8,167609000.0,0.7212836093228217,2033482000.0,879465000.0,1115102000.0,300376000.0,1154017000.0,0.0,-823377000.0,2507394359.97,2430082359.97,11.774629679853486,3.712353849841532,0.42146229964169835,0.9744969953323895,-0.023397418083948067,11.774629679853486,-0.06834837088457187,10.790246669062208,-10.428357843827982,2.8510450785079566,0.0,0.0,0.0,0.11427492350559287,3.428163368578049,-0.029560133800053307,-130.6002583452263,0.7212836093228217,-1.7586206896551726,-4.585520805656675,1.808388995759824,1.8661953465065109,0.0003163121583231875,-1.753424030049013,-0.17368094686042437,-3.6667470462549483,0.6772057611780135,-0.01901997767655156,Education & Training Services,Consumer Defensive,TWOU
2021Q2,2021,Q2,2021-07-29,2021-06-30,-21831000.0,237209000.0,-37091000.0,-0.29,167556000.0,0.7063644296801554,2049257000.0,917419000.0,1135623000.0,291964000.0,1131838000.0,0.0,-763267000.0,3101161031.3700004,2989900031.3700004,12.327270123445231,3.8895994026660823,0.41080547730226125,0.9176243352274152,-0.01983660894073119,12.327270123445231,-0.023796106250252066,13.073538657344368,-35.513272770028856,3.380310448519161,0.0,0.0,0.0,0.11575366096102148,3.6117500787768355,-0.010653129402510276,-114.50581661448142,0.7063644296801554,0.5322580645161291,-0.635928264603247,2.017599897801806,1.96638365019693,0.00851686218332621,0.5208717408480379,0.0011041689109124206,0.1209331513744483,0.7988004905235796,-0.022610227612195413,Education & Training Services,Consumer Defensive,TWOU
2021Q1,2021,Q1,2021-04-28,2021-03-31,-45564000.0,232473000.0,-37132000.0,-0.62,166141000.0,0.7146679399328094,1555513000.0,910488000.0,637570000.0,275200000.0,645025000.0,0.0,-741436000.0,2816649116.0699997,2701104116.0699997,12.357931288426395,2.316751453488372,0.23868974415514368,0.40778681322543514,-0.02705055057724869,12.357931288426395,-0.050043493159712155,12.1160268765405,-15.454356049018962,3.0935598449073463,0.0,0.0,0.0,0.14945101712425418,2.0406031976744186,-0.029291944201044928,-379.09140189367423,0.7146679399328094,-0.19230769230769226,-7.407973552269965,2.0561693567946344,1.8881922758142418,0.0950140056022409,-0.20997424117693922,-0.23555052740159052,-1.1910846411735376,0.8013776528629656,0.6875332613197335,Education & Training Services,Consumer Defensive,TWOU
2020Q4,2020,Q4,2021-02-25,2020-12-31,-37657000.0,215294000.0,-30053000.0,-0.52,151725000.0,0.704733991657919,1544264000.0,940990000.0,604882000.0,237369000.0,603274000.0,0.0,-695872000.0,2889854603.08,2752150603.08,13.027994508745795,2.548277154978114,0.2350148679241373,0.38568422618731335,-0.021547721379305242,13.027994508745795,-0.04001849116356178,13.422829261753694,-19.185374585601615,3.0710789732940835,0.0,0.0,0.0,0.1394152813249548,2.304032961338675,-0.024385079235156683,148.75454795284912,0.704733991657919,0.3246753246753247,-6.0002600564009265,2.1461042196904825,2.0376944854723504,0.09640565383281305,0.2834608212505233,0.34535038229463916,-54.600863416917164,0.7995623329275219,0.7578637799828265,Education & Training Services,Consumer Defensive,TWOU
2020Q3,2020,Q3,2020-10-27,2020-09-30,-52554000.0,201073000.0,-45907000.0,-0.77,138384000.0,0.688227658611549,1552778000.0,951573000.0,635590000.0,246956000.0,601205000.0,0.0,-658215000.0,2322133664.54,2190334664.54,13.87528300890579,2.5736973387971944,0.2250997888944846,0.36731811432228534,-0.03302231570690383,13.87528300890579,-0.05522855314305891,11.548709496252604,-11.046417325703086,2.4403105852519986,0.0,0.0,0.0,0.12949243227299717,2.33679278899885,-0.033845147213574636,-147.63390327039227,0.688227658611549,0.2524271844660194,-2.875378288199797,2.2918909130680816,1.964603036225305,0.09709284349556435,0.20573699880605134,0.06436359930704168,-1.5456335365477982,1.0434572427580742,0.8385341028375438,Education & Training Services,Consumer Defensive,TWOU
2020Q2,2020,Q2,2020-07-31,2020-06-30,-66167000.0,182687000.0,-49065000.0,-1.03,126137000.0,0.6904541647736292,1232560000.0,679371000.0,324989000.0,212971000.0,553189000.0,0.0,-605661000.0,2432302373.8,2582704373.8,10.60267976456801,1.5259777152757887,0.2800715583825534,0.508124426859551,-0.0440945231872007,10.60267976456801,-0.09739450167875874,13.314041906649079,-9.190013049556425,3.5802269655313523,0.0,0.0,0.0,0.14821753099240606,1.250794709138803,-0.05368257934705004,-159.09879472789117,0.6904541647736292,-0.09574468085106393,-3.4353748075839934,2.3466597546473595,4.43982296105918,0.013409068997654015,-0.10083851861710977,0.08987200890372844,-3.1878869117703426,1.091061874298157,1.645433671016087,Education & Training Services,Consumer Defensive,TWOU
2020Q1,2020,Q1,2020-04-30,2020-03-31,-60106000.0,175479000.0,-53910000.0,-0.94,124468000.0,0.7093042472318625,1181961000.0,656283000.0,275000000.0,203459000.0,525678000.0,0.0,-539494000.0,1350150786.26,1537923786.26,10.314644409886077,1.3516236686506864,0.2757899795340117,0.4966957852024203,-0.04980945562174818,10.314644409886077,-0.09158548979632262,7.694087533323076,-5.615707193375037,2.05726917543194,0.0,0.0,0.0,0.14846428943086953,1.0498970308514246,-0.05085277771432391,-48.03610439605792,0.7093042472318625,-0.34285714285714286,-6.07963778302371,2.2652780809658286,3.9505292955085958,0.09296546394921014,-0.34815180333752016,-0.30419005225469326,-11.975801708905838,1.0095757309898048,1.489151009908515,Education & Training Services,Consumer Defensive,TWOU
2019Q4,2019,Q4,2020-02-28,2019-12-31,-44584000.0,163178000.0,-41336000.0,-0.7,113881000.0,0.6978943239897535,1186830000.0,711250000.0,260948000.0,155954000.0,475580000.0,0.0,-479388000.0,1522912308.6999998,1673233308.6999998,11.204116876936501,1.673236980135168,0.27039592865027007,0.45119718804920916,-0.036585841732707965,11.204116876936501,-0.06268400702987698,9.33282862089252,-8.539567494504755,2.14117723543058,0.0,0.0,0.0,0.13749062629020162,1.3096682355053413,-0.037565615968588595,86.51436168266771,0.6978943239897535,0.6860986547085202,-6.094363150074084,2.391313751587648,4.1656091315133414,0.08343560616871688,0.6840523839219911,0.693718926208312,-13.966854431183412,1.1099657426213823,1.7015149437314865,Education & Training Services,Consumer Defensive,TWOU
2019Q3,2019,Q3,2019-11-12,2019-09-30,-141112000.0,153798000.0,-134961000.0,-2.23,105111000.0,0.6834354152849842,1213570000.0,733058000.0,294866000.0,164963000.0,480512000.0,0.0,-434804000.0,1031482729.2,1193060729.2,11.569931228277516,1.7874674927104865,0.2601160213255107,0.4306194052858028,-0.12127179171533364,11.569931228277516,-0.1924977286926819,6.70673694846487,-1.8274185207494757,1.4070956584608585,0.0,0.0,0.0,0.12673187372792669,1.4481307929656952,-0.11627841822062181,-17.36415213373062,0.6834354152849842,-3.8478260869565215,-11.224154159815683,2.441111196368935,4.239358143837847,0.07081295843520782,-4.0447590447590445,-1.9313857515204171,-14.457691530282505,1.1911919417465269,1.8163673888300167,Education & Training Services,Consumer Defensive,TWOU
2019Q2,2019,Q2,2019-07-30,2019-06-30,-27972000.0,135461000.0,-46040000.0,-0.46,98160000.0,0.7246366112755701,1331747000.0,861049000.0,348198000.0,159146000.0,470698000.0,0.0,-293692000.0,2338363819.68,2430292819.68,14.228296332669505,2.187915498975783,0.2332665288527025,0.36078318423225625,-0.022312636293792466,14.228296332669505,-0.03248595608380011,17.26226603730963,-20.899147537537537,2.7157151563732147,0.0,0.0,0.0,0.10171676752416187,1.8241174770336672,-0.021003989496503464,-59.567042482168326,0.7246366112755701,-0.2432432432432433,-0.7147235495138898,2.5556247795208256,4.960919406438,0.029373210709004918,-0.29776375614735084,-0.8854170932470617,-1.5777452689596123,1.119193550541678,2.4238387890206985,Education & Training Services,Consumer Defensive,TWOU
2019Q1,2019,Q1,2019-05-07,2019-03-31,-21554000.0,122234000.0,-24419000.0,-0.37,95359000.0,0.780134823371566,864410000.0,694595000.0,522128000.0,102233000.0,169815000.0,0.0,-265720000.0,4187148597.8399997,3825772597.8399997,11.947207205831187,5.107235432785891,0.07199130042456704,0.08959177650285419,-0.028566477415004458,11.947207205831187,-0.031031032472160037,34.25518757334293,-48.56579518697226,6.028187069932838,0.0,0.0,0.0,0.14140743397230482,4.830808056107128,-0.024934926713018127,-84.99753558199016,0.780134823371566,-5.625,0.5951525492482506,-0.38530338027831146,188.6455085369019,0.055054600975847225,-5.46067880794702,-8.38180169286578,-4.040348500814886,1.0363860532144835,1.7922012806261292,Education & Training Services,Consumer Defensive,TWOU
2018Q4,2018,Q4,2019-02-26,2018-12-31,4832000.0,115095000.0,3308000.0,0.08,90383000.0,0.7852904122681263,807354000.0,705009000.0,521680000.0,68480000.0,102345000.0,0.0,-244166000.0,2880014393.52,2453658393.52,12.171136213370657,7.617990654205608,0.029003386370786546,0.03321376039171131,0.004110625433133116,12.171136213370657,0.006853813213732024,25.022932303922847,149.00736721440398,4.085074649430007,0.0,0.0,0.0,0.1425582829836726,7.409579439252337,0.0059849830433737865,525.8379392952346,0.7852904122681263,1.4705882352941175,1.4974808564864124,1.4742729244464226,61.41330157269335,0.07565515435698475,1.4859211584875303,1.2789913131483512,2.120054833249225,1.0972081599162091,1.8379036644872044,Education & Training Services,Consumer Defensive,TWOU
2018Q3,2018,Q3,2018-11-05,2018-09-30,-9944000.0,106963000.0,-11857000.0,-0.17,84026000.0,0.7855613623402485,811491000.0,692129000.0,531755000.0,84311000.0,119362000.0,0.0,-248998000.0,4283234455.08,3865558455.08,12.00292504628719,6.307065507466404,0.03025295413011358,0.03547026638097811,-0.01535704392313101,12.00292504628719,-0.014367263906005961,40.04407556893505,-107.68389116753822,6.188491531318584,0.0,0.0,0.0,0.1318104575405026,6.130599803109915,-0.012253986797142544,-209.77737560387894,0.7855613623402485,0.48484848484848486,0.47436773266057797,1.794858624632327,0.0,0.13366343312780798,0.4580040333569521,0.4603586382668851,0.1278930465788903,1.082694456485899,1.5645536752633,Education & Training Services,Consumer Defensive,TWOU
2018Q2,2018,Q2,2018-08-02,2018-06-30,-18347000.0,97423000.0,-21972000.0,-0.33,74119000.0,0.7607957053262576,825464000.0,693447000.0,553952000.0,96969000.0,132017000.0,0.0,-239054000.0,4594228403.52,4130007403.5200005,12.612440268664965,5.712671059823243,0.029817169494974947,0.035493700311631605,-0.024771653507842335,12.612440268664965,-0.026457681697375574,47.157533678084235,-62.601902266310574,6.625204815249038,0.0,0.0,0.0,0.11802210635472897,5.557085254050263,-0.02222628727600477,-200.8669291500525,0.7607957053262576,-0.17857142857142852,-0.15868091709903792,1.9280177644995131,0.0,0.018845878924506516,-0.23374352767130657,-0.3716211998252076,-0.43328036326254254,1.0799008130290801,5.470952975279874,Education & Training Services,Consumer Defensive,TWOU
2018Q1,2018,Q1,2018-05-03,2018-03-31,-14871000.0,92288000.0,-16019000.0,-0.28,72748000.0,0.7882714979195562,504108000.0,385833000.0,237475000.0,82107000.0,118275000.0,0.0,-220707000.0,4427313734.97,4268688734.9700003,7.323074200482359,2.892262535472006,0.046587239242384566,0.06086830312596382,-0.03418900109836416,7.323074200482359,-0.03854258189423922,47.97279965943568,-74.42864862769821,11.474689140042454,0.0,0.0,0.0,0.1830718814222349,2.708660650127273,-0.029499631031445643,-104.18924846374698,0.7882714979195562,-29.000000000000004,-1.3271552790082894,1.827433677909287,0.0,0.06331852198316183,-30.216110019646365,-617.1153846153846,-1.1152628591714724,1.0738207496402914,2.5147206168274985,Education & Training Services,Consumer Defensive,TWOU
2017Q4,2017,Q4,2018-02-27,2017-12-31,509000.0,86678000.0,26000.0,0.01,68416000.0,0.7893121668704862,482062000.0,387832000.0,248053000.0,58000000.0,94230000.0,0.0,-205836000.0,3375812622.17,3175015622.17,7.411265114565972,4.276775862068965,0.046825926955453866,0.05820303636626168,0.00016432829759112147,7.411265114565972,0.0013124239361372966,38.946591086204116,1658.0612093172888,8.70431687475505,0.0,0.0,0.0,0.17980674684999026,4.095586206896551,0.0010558807788209816,165.8631465715128,0.7893121668704862,1.0333333333333334,1.0580068760946315,1.0625869939009098,37.004794007846094,0.23229885264504044,1.03453422891648,1.0016503745080614,1.0982529335328852,1.185287617985551,2.416931398732072,Education & Training Services,Consumer Defensive,TWOU
2017Q3,2017,Q3,2017-11-07,2017-09-30,-14739000.0,70250000.0,-15754000.0,-0.3,55519000.0,0.7903060498220641,476350000.0,369512000.0,257716000.0,73950000.0,106838000.0,0.0,-206345000.0,2743825660.56,2559017660.56,7.546927189161764,3.4850033806626097,0.03700220426157237,0.047700751261122776,-0.03650882622347024,7.546927189161764,-0.03988774383511225,39.058016520427046,-46.540227636881745,7.425538712031003,0.0,0.0,0.0,0.1474755956754487,3.309885057471264,-0.03094153458591372,-94.64078575331126,0.7903060498220641,-0.19999999999999996,0.08244842188349616,1.1617932847160248,0.0,0.07726487766070979,-0.25395610005104646,-0.46208816705336425,-0.6522359337934681,1.0339652123132603,2.4175703942686844,Education & Training Services,Consumer Defensive,TWOU
2017Q2,2017,Q2,2017-08-07,2017-06-30,-11754000.0,64995000.0,-10775000.0,-0.25,51537000.0,0.7929379183014078,261973000.0,191051000.0,170459000.0,51920000.0,70922000.0,0.0,-191606000.0,2236601187.2400002,2214368187.2400002,4.007917446856877,3.283108628659476,0.05802888083886507,0.0795703764963282,-0.04865548305524824,4.007917446856877,-0.061522839451246,34.41189610339257,-47.5710648979071,11.70682795295497,0.0,0.0,0.0,0.24809808644402287,1.1722072419106317,-0.04486721914090384,-263.0676531686662,0.7929379183014078,-2.571428571428571,0.14381407649912661,1.2530755774309346,0.0,-0.04391139804096171,-2.417854027333527,-1.9642365887207702,0.08525362616822127,1.1658382150025743,0.6791098758264482,Education & Training Services,Consumer Defensive,TWOU
2017Q1,2017,Q1,2017-05-04,2017-03-31,-3439000.0,64829000.0,-3635000.0,-0.07,53904000.0,0.8314797390056919,260680000.0,195744000.0,180712000.0,50839000.0,64936000.0,0.0,-179852000.0,1873432944.06,1744335944.06,4.143840357144573,3.5545939141210487,0.05290777965321467,0.07045937551087134,-0.01627650809571572,4.143840357144573,-0.01756886545692333,28.898069445155716,-136.19024019046233,9.570832025809219,0.0,0.0,0.0,0.24869188276814486,3.3745943075198173,-0.013192419825072887,-72.35566754441525,0.8314797390056919,-0.4000000000000001,0.39974213841724887,1.2153227471137575,0.0,0.1594502161708718,-0.5568130375735627,-0.5324620573355818,0.9204984639089949,-0.5987473281445533,64.77777536517968,Education & Training Services,Consumer Defensive,TWOU
2016Q4,2016,Q4,2017-02-24,2016-12-31,-2209000.0,57350000.0,-2372000.0,-0.05,46491000.0,0.8106538796861378,244320000.0,195237000.0,184698000.0,41069000.0,49083000.0,0.0,-176265000.0,1419316285.05,1250586285.05,4.147345881959378,4.497260707589666,0.0,0.0,-0.012149336447497144,4.147345881959378,-0.011314453715228158,24.748322319965126,-160.62882356835672,7.269709558382888,0.0,0.0,0.0,0.23473313686967912,4.299836859918673,-0.009041421087098886,125.91521336497516,0.8106538796861378,0.6428571428571429,0.7201554634415314,0.5170372216152884,20.267492592239517,0.11733038525319042,0.6731281444214264,0.6509197939661516,0.7201554634415314,0.5170372216152884,20.267492592239517,Education & Training Services,Consumer Defensive,TWOU
2016Q3,2016,Q3,2016-11-03,2016-09-30,-6758000.0,51960000.0,-6795000.0,-0.14,41609000.0,0.8007890685142417,234573000.0,192685000.0,185924000.0,38030000.0,41888000.0,0.0,-174056000.0,1795939916.12,1639012916.12,4.1081043880017125,4.888877202208783,0.0,0.0,-0.035264810441912965,4.1081043880017125,-0.035072787191530216,34.56389368976135,-66.43755238680083,9.320600545553624,0.0,0.0,0.0,0.22150886930720928,4.677912174599001,-0.02880979481867052,-53.643774190388,0.8007890685142417,0.22222222222222213,0.5608300610861037,0.6691252508070581,0.0,0.07101673101673102,0.18939666546719444,0.19289701864829553,0.5608300610861037,0.6691252508070581,0.0,Education & Training Services,Consumer Defensive,TWOU
2016Q2,2016,Q2,2016-08-04,2016-06-30,-8337000.0,49110000.0,-8419000.0,-0.18,38850000.0,0.7910812461820403,245836000.0,193215000.0,201781000.0,50078000.0,52621000.0,0.0,-167298000.0,1367402186.24,1179151186.24,4.155656036813329,4.029334238587803,0.0,0.0,-0.043573221540770646,4.155656036813329,-0.04314882384908004,27.84366088861739,-41.00402381672064,7.077101603084647,0.0,0.0,0.0,0.1997673245578353,3.8638324214225808,-0.03391285247075286,2065.562214864048,0.7910812461820403,-1.5714285714285712,0.37738224566720785,0.7454003079998137,0.0,0.02420120215121797,-1.4665680473372782,-1.443122460824144,0.37738224566720785,0.7454003079998137,0.0,Education & Training Services,Consumer Defensive,TWOU
2016Q1,2016,Q1,2016-05-05,2016-03-31,-3380000.0,47444000.0,-3446000.0,-0.07,37932000.0,0.7995110024449877,236718000.0,196623000.0,197273000.0,37516000.0,40095000.0,0.0,-158961000.0,1038539653.2,851829653.2,4.278777210198872,5.25836976223478,0.0,0.0,-0.01752592524780926,4.278777210198872,-0.01719025749785122,21.889799620605345,-76.81506310650887,5.281882858058315,0.0,0.0,0.0,0.20042413335699016,5.010448875146604,-0.014278593093892311,436.5446209331652,0.7995110024449877,0.0,0.3935525417911945,0.666555497330113,0.0,0.09935079990725713,0.0058823529411764705,-0.03795180722891566,0.3935525417911945,0.666555497330113,0.0,Education & Training Services,Consumer Defensive,TWOU
2015Q4,2015,Q4,2016-03-10,2015-12-31,-3400000.0,43252000.0,-3320000.0,-0.07,34504000.0,0.7977434569499676,231041000.0,195789000.0,192907000.0,32597000.0,35252000.0,0.0,-155581000.0,1277328270.5,1093599270.5,4.288777087706366,5.917937233487744,0.0,0.0,-0.016957030272385067,4.288777087706366,-0.017365633411478683,29.53223597752705,-93.9211963602941,6.524004262241495,0.0,0.0,0.0,0.18720486839998096,5.666288308740068,-0.014716002787384058,130.03443657742034,0.7977434569499676,0.65,0.5558424090334537,0.179793676058021,20.992748504368677,0.17974493110404485,0.5871281117182756,0.5786267292803655,0.5558424090334537,0.179793676058021,20.992748504368677,Education & Training Services,Consumer Defensive,TWOU
2015Q3,2015,Q3,2015-10-26,2015-09-30,-8235000.0,37092000.0,-7879000.0,-0.2,29247000.0,0.7884988676803624,228563000.0,194916000.0,194366000.0,32646000.0,33647000.0,0.0,-152181000.0,1495087594.6,1319763594.6,4.680317344130012,5.953746247626049,0.0,0.0,-0.04042254099201707,4.680317344130012,-0.04224896878655421,40.30754865200043,-45.38820870066788,7.670420050688501,0.0,0.0,0.0,0.16228348420348002,5.759112908166391,-0.03602945358610099,-46.41975889841033,0.7884988676803624,0.13043478260869565,0.3972846274445277,0.34194366145673283,0.0,0.06994695445399671,0.14485981308411214,0.1730688497061293,0.3972846274445277,0.34194366145673283,0.0,Education & Training Services,Consumer Defensive,TWOU
2015Q2,2015,Q2,2015-08-06,2015-06-30,-9630000.0,35238000.0,-9528000.0,-0.23,27335000.0,0.775725069527215,123103000.0,80619000.0,96649000.0,41230000.0,42484000.0,0.0,-143946000.0,1331458102.4399998,1243234102.4399998,1.949085446432172,2.3441426146010187,0.0,0.0,-0.11818553938897779,1.949085446432172,-0.11945074982324266,37.78472394687553,-34.56537129906542,16.51543807836862,0.0,0.0,0.0,0.28624810118356175,2.2463497453310697,-0.07822717561716612,321.1428129377713,0.775725069527215,-0.7692307692307693,0.19158808925452683,0.40776797920246555,0.0,0.01008794619762028,-0.7611558156547183,-0.7743016759776536,0.19158808925452683,0.40776797920246555,0.0,Education & Training Services,Consumer Defensive,TWOU
2015Q1,2015,Q1,2015-05-07,2015-03-31,-5468000.0,34612000.0,-5370000.0,-0.13,27062000.0,0.781867560383682,117049000.0,85381000.0,93252000.0,30451000.0,31668000.0,0.0,-134316000.0,1048236194.78,965159194.78,2.0835437574814706,3.0623624839906736,0.0,0.0,-0.06289455499467095,2.0835437574814706,-0.0640423513428046,30.28534019357448,-47.92594160479152,12.27715996275518,0.0,0.0,0.0,0.29570521747302414,2.869593773603494,-0.04671547813308956,-225.81563868591124,0.781867560383682,-0.3,-0.1001730914520067,0.36339347477341577,0.0,0.13974056603773585,-0.3612148369429923,-0.36710794297352345,-0.1001730914520067,0.36339347477341577,0.0,Education & Training Services,Consumer Defensive,TWOU
2014Q4,2014,Q4,2015-02-26,2014-12-31,-4017000.0,30756000.0,-3928000.0,-0.1,23744000.0,0.7720119651450124,113039000.0,88011000.0,89988000.0,23768000.0,25028000.0,0.0,-128848000.0,797745530.42,710816530.42,2.1689827069153584,3.786098956580276,0.0,0.0,-0.044630784788265106,2.1689827069153584,-0.045642022019974776,25.93788302835219,-49.64809126338063,9.064157098771744,0.0,0.0,0.0,0.27208308636842155,3.67212218108381,-0.03553640778846239,149.98035916901674,0.7720119651450124,0.4444444444444444,0.40961685306610696,-0.05614850103701651,10.122492544611404,0.08872483836948049,0.45250102221616467,0.45376164650257267,0.40961685306610696,-0.05614850103701651,10.122492544611404,Education & Training Services,Consumer Defensive,TWOU
2014Q3,2014,Q3,2014-11-04,2014-09-30,-7337000.0,28407000.0,-7191000.0,-0.18,21809000.0,0.7677333051712606,114112000.0,88927000.0,93842000.0,23895000.0,25185000.0,0.0,-124831000.0,627808317.83,547250317.83,2.2082726377247623,3.92726511822557,0.0,0.0,-0.08086407952590327,2.2082726377247623,-0.082505875605834,22.100479382898584,-21.39186035947935,7.059816679186299,0.0,0.0,0.0,0.2489396382501402,3.7914207993304037,-0.06429648065058889,-25.72668597426546,0.7677333051712606,0.3333333333333334,0.4446606811111765,0.06284673485510778,0.0,0.22909152389540127,0.3075035394053799,0.31462066336256195,0.4446606811111765,0.06284673485510778,0.0,Education & Training Services,Consumer Defensive,TWOU
2014Q2,2014,Q2,2014-08-06,2014-06-30,-10595000.0,24744000.0,-10492000.0,-0.27,17744000.0,0.7171031361138054,127860000.0,93818000.0,108190000.0,31834000.0,34042000.0,0.0,-117494000.0,660715100.04,555953100.04,2.38692982785549,3.3985675692655652,0.0,0.0,-0.11183355006501951,2.38692982785549,-0.11293142040972948,26.702032817652764,-15.590257197734779,7.042519559572789,0.0,0.0,0.0,0.19352416705771938,3.311459445875479,-0.08286407007664633,-193.9287056178456,0.7171031361138054,0.7065217391304348,0.06401823719245985,0.04027879913840028,0.0,-0.11651065524795857,-0.5028368794326241,-0.6741662677517153,0.06401823719245985,0.04027879913840028,0.0,Education & Training Services,Consumer Defensive,TWOU
2014Q1,2014,Q1,2014-05-12,2014-03-31,-7050000.0,26332000.0,-6267000.0,-0.92,20084000.0,0.7627221631475012,30079000.0,485000.0,9526000.0,26459000.0,29594000.0,0.0,-106899000.0,105087377.85000001,99388377.85000001,0.06299757530775614,0.36002872368570243,0.0,0.0,-12.921649484536083,0.06299757530775614,-14.536082474226804,3.9908619873158138,-3.7265027606382977,216.67500587628868,0.0,0.0,0.0,0.8754280394959939,0.239275860765713,-0.2343827919811164,-714.8801214285714,0.7627221631475012,-4.411764705882352,-6.550267467733443,4.521016811850261,0.0,0.07972689640341916,-0.3612666537941688,-0.20542412002308136,-6.550267467733443,4.521016811850261,0.0,Education & Training Services,Consumer Defensive,TWOU
2013Q4,2013,Q4,2013-12-31,2013-12-31,-5179000.0,24803000.0,-5199000.0,-0.17,18601000.0,0.7499496028706205,28652000.0,6023000.0,11191000.0,20211000.0,22629000.0,0.0,-99849000.0,431783525.94,424771525.94,0.19500869056245682,0.5537083766265894,0.0,0.0,-0.863191100780342,0.19500869056245682,-0.8598704964303503,17.40852017659154,-20.842997004247923,71.68911272455587,0.0,0.0,0.0,0.8656638280050258,0.4377319281579338,-0.18075527013821024,-793.7197168014706,0.7499496028706205,0.48484848484848486,0.0,0.0,0.0,0.26908644333765436,0.4888976611072733,0.48712636874815035,0.0,0.0,0.0,Education & Training Services,Consumer Defensive,TWOU
2013Q3,2013,Q3,2013-09-30,2013-09-30,-10133000.0,20499000.0,-10137000.0,-0.33,14657000.0,0.7150104883165033,,,,,,,,431783525.94,,,0.0,0.0,0.0,0.0,,0.0,21.063638516025172,-10.65290451840521,0.0,0.0,0.0,0.0,0.0,0.0,0.0,-24.136817370451116,0.7150104883165033,-0.13793103448275876,0.0,0.0,0.0,0.12443421557345608,-0.13917931422147273,-0.1377104377104377,0.0,0.0,0.0,Education & Training Services,Consumer Defensive,TWOU
2013Q2,2013,Q2,2013-06-30,2013-06-30,-8895000.0,18691000.0,-8910000.0,-0.29,13035000.0,0.6973944679257397,,,,,,,,431783525.94,,,0.0,0.0,0.0,0.0,,0.0,23.101146323899204,-12.135568463743676,0.0,0.0,0.0,0.0,0.0,0.0,0.0,-103.61975664506839,0.6973944679257397,-1.4166666666666665,0.0,0.0,0.0,-0.07657976763955796,-1.3745328350240256,-1.3696808510638299,0.0,0.0,0.0,Education & Training Services,Consumer Defensive,TWOU
2013Q1,2013,Q1,2013-03-31,2013-03-31,-3746000.0,19134000.0,-3760000.0,-0.12,14116000.0,0.7377443294658723,,,,,,,,431783525.94,,,0.0,0.0,0.0,0.0,,0.0,22.566296955158357,-28.816305788841433,0.0,0.0,0.0,0.0,0.0,0.0,0.0,-652.2409757401813,0.7377443294658723,0.0,0.0,0.0,0.0,0.0,0.0,0.0,0.0,0.0,0.0,Education & Training Services,Consumer Defensive,TWOU
