Quarters,Year,Quarter,FillingDate,Date,NetIncome,Revenue,OperatingIncome,EPSDiluted,GrossProfit,GrossProfitRatio,TotalAssets,CommonStockEquity,CurrentAssets,CurrentLiability,TotalLiability,Inventory,RetainedEarnings,MarketCap,EnterpriseValue,bookValuePerShare,currentRatio,debtToAssets,debtToEquity,roic,shareholdersEquityPerShare,roe,priceToSalesRatio,peRatio,pbRatio,payoutRatio,inventoryTurnover,dividendYield,assetTurnover,quickRatio,returnOnAssets,priceToFreeCashFlowsRatio,grossProfitMargin,epsdilutedGrowth,fiveYNetIncomeGrowthPerShare,fiveYRevenueGrowthPerShare,fiveYShareholdersEquityGrowthPerShare,grossProfitGrowth,netIncomeGrowth,operatingIncomeGrowth,threeYNetIncomeGrowthPerShare,threeYRevenueGrowthPerShare,threeYShareholdersEquityGrowthPerShare,Industry,Sector,Symbol
2023Q1,2023,Q1,2023-05-17,2023-03-31,1221132.0,0.0,1221132.0,0.07,0.0,0.0,150504221.0,142104238.0,181218.0,3368733.0,8399983.0,0.0,-5344124.0,186695312.5,186552553.5,7.908409766956522,0.05379411191091725,0.0,0.0,0.008593213103186972,7.908409766956522,0.008593213103186972,0.0,38.221771376886366,1.3137913064915065,0.0,0.0,0.0,0.0,0.04237765355699012,0.008113606328688948,-1711.1369906329624,0.0,-0.5882352941176471,0.0,0.0,0.0,0.0,-0.4998589025526556,3.0932770386674413,0.0,0.0,0.0,Shell Companies,Financial Services,GLTA
2022Q4,2022,Q4,2023-03-31,2022-12-31,2441575.0,0.0,-583359.0,0.17,0.0,0.0,149068001.0,140883106.0,323356.0,3153645.0,8184895.0,0.0,-4986898.0,146625000.0,146373135.0,9.800563895652173,0.10253405186696664,0.0,0.0,-0.010881301766872718,9.800563895652173,0.017330502352780327,0.0,15.013362276399453,1.0407564410171366,0.0,0.0,0.0,0.0,0.07986472795764901,0.016378934336149044,-2487.572739765536,0.0,13.878787878787879,0.0,0.0,18.352033818476702,0.0,11.312926348157754,0.43093977624235824,0.0,0.0,18.352033818476702,Shell Companies,Financial Services,GLTA
2022Q3,2022,Q3,2022-11-14,2022-09-30,-236749.0,0.0,-1025127.0,-0.0132,0.0,0.0,147647508.0,139953998.0,415331.0,2662260.0,7693510.0,0.0,-4403538.0,179507812.5,179197004.5,7.788744236521739,0.15600692644595193,0.0,0.0,-0.002748487913038402,7.788744236521739,-0.0016916201279223192,0.0,-189.55498492073883,1.282620111359734,0.0,0.0,0.0,0.0,0.1167459226371579,-0.0016034744047288628,-967.9423492744793,0.0,-2.3,0.6726595229865192,0.0,-0.8035083394568209,0.0,-1.0379529999139192,-1.030436935509428,0.6726595229865192,0.0,-0.8035083394568209,Shell Companies,Financial Services,GLTA
2022Q2,2022,Q2,2022-08-11,2022-06-30,-116170.0,0.0,-504880.0,-0.004,0.0,0.0,147471804.0,140584936.0,630224.0,1855618.0,6886868.0,0.0,-3378411.0,71012500.0,70516239.0,19.559643269565218,0.33963024717371787,0.0,0.0,-0.001343528237289394,19.559643269565218,-0.0008263331997391243,0.0,-152.82022036670398,0.5051216867218263,0.0,0.0,0.0,0.0,0.2674370479268901,-0.0007877438049106662,-673.6214534381847,0.0,0.9113082039911308,-23.506370770399123,0.0,27784.78069412602,0.0,0.8567420753099894,0.39795398798245185,-23.506370770399123,0.0,27784.78069412602,Shell Companies,Financial Services,GLTA
2022Q1,2022,Q1,2022-05-20,2022-03-31,-810915.0,0.0,-838607.0,-0.0451,0.0,0.0,147415900.0,140895461.0,735643.0,1489189.0,6520439.0,0.0,-2854898.0,177441406.25,176839726.25,7.841138699130434,0.49398901012564556,0.0,0.0,-0.005852059029948176,7.841138699130434,-0.005755437359334095,0.0,-54.7040707873205,1.2593834108680053,0.0,0.0,0.0,0.0,0.40403199325270334,-0.005500865239095647,-19191.153606965174,0.0,0.0,0.0,0.0,0.0,0.0,0.0,0.0,0.0,0.0,0.0,Shell Companies,Financial Services,GLTA
2021Q4,2021,Q4,2022-03-31,2021-12-31,0.0,0.0,0.0,0.0,0.0,0.0,147457696.0,-2029778.0,758253.0,706224.0,5737474.0,0.0,-2030137.0,35542187.5,34931261.5,-0.5648077913043478,1.0736720927071297,0.0,0.0,,-0.5648077913043478,0.0,0.0,0.0,-17.510381677208052,0.0,0.0,0.0,0.0,0.8650598110514511,0.0,-99.60119239445697,0.0,1.0,0.0,0.0,0.0,0.0,1.0,1.0,0.0,0.0,0.0,Shell Companies,Financial Services,GLTA
2021Q3,2021,Q3,2021-11-15,2021-09-30,-144650.0,0.0,-146245.0,-0.01,0.0,0.0,147533849.0,142452863.0,773299.0,49736.0,5080986.0,0.0,-1297496.0,35578125.0,34932271.0,39.63905753043478,15.548073829821456,0.0,0.0,-0.0010266202933387166,39.63905753043478,-0.00101542360717594,0.0,-61.49001901140685,0.24975366763951948,,0.0,,0.0,12.985644201383304,-0.0009804529671018072,0.0,0.0,-14.151515151515154,0.0,0.0,0.0,0.0,-11.205721036199478,-11.340308834697494,0.0,0.0,0.0,Shell Companies,Financial Services,GLTA
2021Q2,2021,Q2,2021-08-23,2021-06-30,-11851.0,0.0,-11851.0,-0.00066,0.0,0.0,425527.0,12649.0,0.0,412878.0,412878.0,0.0,-12351.0,174296875.0,174296875.0,0.0007039443478260869,0.0,0.0,0.0,-0.9369120088544549,0.0007039443478260869,-0.9369120088544549,0.0,-3676.838979832925,13779.498379318524,,0.0,,0.0,0.0,-0.02785017166948278,0.0,0.0,0.0,0.0,0.0,0.0,0.0,0.0,0.0,0.0,0.0,0.0,Shell Companies,Financial Services,GLTA
2021Q1,2021,Q1,2021-03-31,2021-03-31,,,,,,,84060.0,24500.0,0.0,59560.0,59560.0,0.0,-500.0,0.0,0.0,0.0,0.0,0.0,0.0,,0.0,,0.0,0.0,0.0,0.0,0.0,,,0.0,,0.0,0.0,0.0,0.0,0.0,0.0,0.0,0.0,0.0,0.0,0.0,0.0,Shell Companies,Financial Services,GLTA
