Quarters,Year,Quarter,FillingDate,Date,NetIncome,Revenue,OperatingIncome,EPSDiluted,GrossProfit,GrossProfitRatio,TotalAssets,CommonStockEquity,CurrentAssets,CurrentLiability,TotalLiability,Inventory,RetainedEarnings,MarketCap,EnterpriseValue,bookValuePerShare,currentRatio,debtToAssets,debtToEquity,roic,shareholdersEquityPerShare,roe,priceToSalesRatio,peRatio,pbRatio,payoutRatio,inventoryTurnover,dividendYield,assetTurnover,quickRatio,returnOnAssets,priceToFreeCashFlowsRatio,grossProfitMargin,epsdilutedGrowth,fiveYNetIncomeGrowthPerShare,fiveYRevenueGrowthPerShare,fiveYShareholdersEquityGrowthPerShare,grossProfitGrowth,netIncomeGrowth,operatingIncomeGrowth,threeYNetIncomeGrowthPerShare,threeYRevenueGrowthPerShare,threeYShareholdersEquityGrowthPerShare,Industry,Sector,Symbol
2023Q1,2023,Q1,2023-05-09,2023-03-31,42801000.0,1596837000.0,136591000.0,0.14,872555000.0,0.5464270931,12619690000.0,2024835000.0,2538209000.0,2543034000.0,9222726000.0,556915000.0,-208188000.0,6986047073.61,11801812073.61,6.935868172580394,0.998102660050947,0.43855459207001124,2.733271106040739,0.009404129596221214,6.935868172580394,0.021138018653371757,4.374928107007791,40.80539633191981,3.450180915289394,0.0,1.300525214799386,0.0,0.12653535863400764,0.6725336743433238,0.003391604706613237,167.66378845633236,0.5464270930595921,1.2745098039215685,-0.6318031869794153,1.9100385487043665,-0.8196605306088824,0.09588550759221813,1.2909534621293488,0.440468657723783,1.9426218574838825,0.1659675639900507,0.0,Entertainment,Communication Services,EDR
2022Q4,2022,Q4,2022-12-31,2022-12-31,-147106000.0,1260443000.0,94824000.0,-0.51,796210000.0,0.631690604,12503842000.0,1880844000.0,2536736000.0,2414540000.0,9197270000.0,558702000.0,-216219000.0,6519005546.48,11312992546.48,6.503173445356428,1.0506083974587292,0.4448084836644609,2.957084691766037,0.002254535778424264,6.503173445356428,-0.07821275980357754,5.171995517829842,-11.078755364295134,3.4660001289208457,0.0,0.8309134386488682,0.0,0.10080445674217572,0.6977842570427494,-0.011764863951415893,146.30381853943175,0.6316906040177938,-3.04,-1.9805933867563543,1.1943174993264327,-0.8298392403932544,-0.032431723008197855,-3.0441041602979184,-0.39667491680929445,0.0,0.0,0.0,Entertainment,Communication Services,EDR
2022Q3,2022,Q3,2022-11-10,2022-09-30,71966000.0,1221416000.0,157169000.0,0.25,822898000.0,0.6737245951,11915915000.0,1990503000.0,2687139000.0,2348809000.0,8492379000.0,569368000.0,-10039000.0,5791732622.42,10616536622.42,6.962957962508574,1.1440432150932665,0.4863735600665161,2.9116188219761536,0.01723517496027,6.962957962508574,0.03615468050035594,4.741818203151097,20.11968367847317,2.909682940653694,0.0,0.6999304491998145,0.0,0.10250291312081364,0.7936579772982818,0.0060394858472891085,37.81442278384978,0.6737245950601597,0.38888888888888895,16.740165789713046,1.7366669871132916,-0.8180698566393435,0.023339509780756842,-0.12329601520338178,0.04072335269072103,4.048205037319457,0.25412284089670534,0.0,Entertainment,Communication Services,EDR
2022Q2,2022,Q2,2022-08-12,2022-06-30,82087000.0,1312515000.0,151019000.0,0.18,804130000.0,0.6126634743,11736618000.0,1900791000.0,3461029000.0,2268710000.0,8611269000.0,566656000.0,0.0,5790173567.679999,10054685567.68,6.749411309212037,1.525549320979764,0.5187630712697644,3.2031527927057737,0.017418447655532104,6.749411309212037,0.04318570531952224,4.411510396208805,17.63425867579519,3.046191594804479,0.31188860599120444,0.8971668878473007,0.004421629110206135,0.11183076760272849,1.1683851175337527,0.006994093187662749,24.411747506956505,0.6126634743221983,-0.8524590163934427,1.678346815890732,2.038267188692327,-0.8155049095925571,0.03209766891449606,-0.8475129151565701,-0.7393374826966028,0.0,0.0,0.0,Entertainment,Communication Services,EDR
2022Q1,2022,Q1,2022-05-12,2022-03-31,538321000.0,1473763000.0,579366000.0,1.22,779122000.0,0.5286616641,11359387000.0,1670349000.0,3416193000.0,1998794000.0,8392929000.0,424879000.0,22921000.0,7925800475.5199995,12011228475.52,6.221289904066747,1.709127103643497,0.5383814285049008,3.6613204785347255,0.07301219502564611,6.221289904066747,0.3222805533454386,5.377934223833818,3.6807966229814553,4.74499668962594,0.0006520273219881818,1.6349148816486576,4.42857476773627e-05,0.1297396593671824,1.3962284257407216,0.04738996919464052,-99.14934668768295,0.5286616640531755,15.914425427872862,5.09173420640433,2.0881046135011583,-0.8320496228025611,0.11471943228317166,26.47059380175065,9.636940966010734,13.891009815275504,0.17008000519648322,0.0,Entertainment,Communication Services,EDR
2021Q4,2021,Q4,2022-03-16,2021-12-31,-21135000.0,1505556000.0,-67080000.0,-0.0818,698940000.0,0.4642404534,11434517000.0,1247046000.0,3753747000.0,2705437000.0,9103191000.0,1373045000.0,-296625000.0,9010912009.47,13586964009.47,4.828527333778628,1.3874826876397417,0.5367123945856218,4.921267539449226,-0.0017855849286075455,4.828527333778628,-0.016948051635625308,5.985105840945138,-106.5875562984386,7.22580563144423,-0.01603974449964514,0.5874650867233048,3.762105319014642e-05,0.1316676515501267,0.8043081394983509,-0.0018483509185390165,103.92969031244954,0.46424045336075176,-1.4305263157894736,-1.2813827930486388,2.340885355537763,-0.8705190412578085,-0.02666525551185927,-1.4974696951865365,-1.4886363636363635,0.0,0.0,0.0,Entertainment,Communication Services,EDR
2021Q3,2021,Q3,2021-11-15,2021-09-30,42485000.0,1391303000.0,137280000.0,0.19,718088000.0,0.51612625,10730858000.0,1207720000.0,3310100000.0,2707123000.0,8476176000.0,0.0,-277112000.0,7537086976.900001,12042029976.900002,4.593994006719209,1.2227372010802613,0.5156765656576575,4.58189977809426,0.021159340462172504,4.593994006719209,0.03517785579438943,5.417286512643185,44.35145920265977,6.240756944407645,0.0021890078851359305,0.0,1.2338984581845816e-05,0.12965440414923018,0.616203253417004,0.003959142875620943,25.428682686293232,0.5161262499973047,1.1038251366120218,3.2762186933302644,2.8573782031904242,-0.8772432782197891,0.32901241308343065,1.0898290319988837,1.4372740448167673,2.2406973437415503,0.553429054113114,0.0,Entertainment,Communication Services,EDR
2021Q2,2021,Q2,2021-08-16,2021-06-30,-472954000.0,1111272000.0,-313945000.0,-1.83,540317000.0,0.4862148961,10304117000.0,1138669000.0,2086696000.0,2165489000.0,8174740000.0,0.0,-319597000.0,7156559810.33,12062522810.33,4.408894612248767,0.9636142229307099,0.5605272145104718,5.072359043760741,-0.04909841399507823,4.408894612248767,-0.41535687719609476,6.439971321449654,-3.7829047911266214,6.285022083089994,-0.007548302794774968,0.0,0.0004988430327721081,0.1078473778975918,0.6776095376148297,-0.04589951763940569,-103.47381996631147,0.4862148960830472,-27.031294452347083,-17.712670771266072,2.188402490767412,-0.8805608729085332,0.032735717425791774,-18.017048652995577,-5.383115069946667,-3.1432839268034103,1.7191293531013752,-0.8974656899331999,Entertainment,Communication Services,EDR
2021Q1,2021,Q1,2021-06-02,2021-03-31,-24870000.0,1069582000.0,71626000.0,0.0703,523190000.0,0.4891537068,9607735000.0,273086000.0,1951723000.0,1917494000.0,8455969000.0,0.0,0.0,6090006504.0,11521609504.0,1.0761998358614562,1.0178509033144303,0.6570209315723217,23.115366587814826,0.007933302441228083,1.0761998358614562,-0.09107021231406956,5.69381917795924,-61.218400723763565,22.30069100576375,-0.20800160836349016,0.0,0.0008494243801878213,0.11132509379161686,0.7303063269037608,-0.0025885393383560224,-75.98925051470496,0.4891537067751701,1.439375,-1.9139939150336844,1.7727076676407627,-0.9656321849778786,0.06412535441014355,0.3883273076071718,8.431919936792204,-1.246141129251527,1.2425107568094913,-0.9720177341136145,Entertainment,Communication Services,EDR
2020Q4,2020,Q4,2020-12-31,2020-12-31,-40659000.0,960940000.0,7594000.0,-0.16,491662000.0,0.511646929,9633634000.0,277847000.0,2065208000.0,1997078000.0,8501404000.0,0.0,0.0,6090006504.0,11461628504.0,1.094962377399786,1.0341148417838462,0.6622741740032889,22.962662904404223,0.0005729880252886972,1.094962377399786,-0.1463359330854751,6.337551256061773,-37.44562399468752,21.918561308921817,-0.976733318576453,0.0,0.006521011098086013,0.09974844383749684,0.7281953934698595,-0.004220525712311678,139.96475613063365,0.5116469290486398,-4.206412825651302,-1.638930597018918,1.4204497851751448,-0.9572630535039567,0.11129645451627632,-4.213134186818397,-0.8859434373169522,-1.3089130038308905,0.9067486676864261,-0.971349429406316,Entertainment,Communication Services,EDR
2020Q3,2020,Q3,2020-09-30,2020-09-30,12654000.0,864492000.0,66581000.0,0.0499,442422000.0,0.5117710748,,,,,,,,6090006504.0,,,0.0,0.0,0.0,0.0,,0.0,7.044607126497411,120.31781460407777,0.0,1.0987039671250198,0.0,0.002282920386188146,0.0,0.0,0.0,-52.940005772106126,0.5117710748046251,1.0426495726495728,1.541646032893353,1.8260632121023876,0.0,0.5241687939890654,1.0424984550901422,1.8911091184067883,4.1179727592980075,1.1821363090369668,0.0,Entertainment,Communication Services,EDR
2020Q2,2020,Q2,2020-06-30,2020-06-30,-297752000.0,462914000.0,-74717000.0,-1.17,290271000.0,0.627051677,,,,,,,,6090006504.0,,,0.0,0.0,0.0,0.0,,0.0,13.155805406619804,-5.113321240495446,0.0,-0.02275719390633816,0.0,0.0011126424898806643,0.0,0.0,0.0,64.68820640720598,0.627051676985358,-6.3125,-19.999084389651443,0.5344986333917681,0.0,-0.4298495618850825,-6.544328172903945,-2.3897217468938323,-11.782241957013946,0.18927957691705458,0.0,Entertainment,Communication Services,EDR
2020Q1,2020,Q1,2020-03-31,2020-03-31,-39467000.0,1190397000.0,53764000.0,-0.16,509113000.0,0.4276833695,,,,,,,,6090006504.0,,,0.0,0.0,0.0,0.0,,0.0,5.1159457760730245,-38.57657349177794,0.0,-1.5907213621506575,0.0,0.01030885598541883,0.0,0.0,0.0,90.96622011113102,0.427683369497739,0.0,-2.018677786307798,2.517185711649324,0.0,0.0,0.0,0.0,-1.4725567890876778,1.6392251810016998,0.0,Entertainment,Communication Services,EDR
2018Q2,2018,Q2,2018-08-08,2018-06-30,41242000.0,76382000.0,67500000.0,0.85,73398000.0,0.9609332042,3334679000.0,2075529000.0,9502000.0,171658000.0,1259150000.0,0.0,43747000.0,1158456000.0,3132954000.0,42.999212745240214,0.0553542508942199,0.5949598147227964,0.9559008811729444,0.016642071529571475,42.999212745240214,0.01987059684543073,15.166609934277709,7.022307356578246,0.5581497536290748,0.717423985257747,0.0,0.025540892360175958,0.02290535310894992,0.0553542508942199,0.012367607196974582,10.984061365166355,0.9609332041580477,1.1794871794871793,23.45214396841701,3.402611285107539,5.455373551549623,-0.16476438658579606,1.1457856399583768,0.474604041507373,12.834259428785188,0.33105324822791593,1.1210663972881683,Entertainment,Communication Services,EDR
2018Q1,2018,Q1,2018-05-02,2018-03-31,19220000.0,90728000.0,45775000.0,0.39,87877000.0,0.9685764042,3063991000.0,1856429000.0,22902000.0,175389000.0,1207562000.0,0.0,11369000.0,1158456000.0,3088732000.0,38.4600675381715,0.1305783144895062,0.6374620552083867,1.052115647837865,0.01197455540650704,38.4600675381715,0.010353210384022227,12.768450753901773,15.068366285119666,0.6240238651734055,1.5394901144641,0.0,0.02554175557811432,0.029611053035077453,0.1305783144895062,0.006272864378518083,10.706617375231053,0.9685764041971607,-0.23529411764705882,11.756685926604243,3.5813777863203082,4.7714548686533425,-0.05113752928854481,-0.23233614250908655,0.4392843667463212,1.607920310959732,0.40923372239801625,0.8718259881254974,Entertainment,Communication Services,EDR
2017Q4,2017,Q4,2018-02-27,2017-12-31,25037000.0,95866000.0,31804000.0,0.51,92613000.0,0.9660672188,3015164000.0,1844736000.0,25244000.0,373677000.0,1170428000.0,0.0,0.0,1158456000.0,2416118000.0,38.21782096169384,0.06755566973616252,0.42533308304291245,0.6951937838259784,0.00958374502989303,38.21782096169384,0.01357213173050236,12.084117413890223,11.567440188520989,0.6279792880932556,1.1807724567639892,0.0,0.025519311911716972,0.031794622116740584,0.06755566973616252,0.008303694260080048,37.905110922060075,0.9660672188262783,33.278481012658226,10.703805663078741,3.9881777065620216,4.1065220117436025,0.3203644036383337,33.431347150259064,12.224116424116424,1.493397941431416,0.4358629744679112,0.8583467573347194,Entertainment,Communication Services,EDR
2017Q3,2017,Q3,2017-10-30,2017-09-30,-772000.0,75360000.0,2405000.0,-0.0158,70142000.0,0.9307590234,2926079000.0,1847385000.0,47462000.0,243927000.0,1078694000.0,0.0,0.0,1158456000.0,1140766000.0,38.27270090534297,0.19457460633714185,0.01017470820165826,0.0161157528073466,0.0008325596195976778,38.27270090534297,-0.00041788798761492596,15.372292993630573,-375.1476683937824,0.6270788168140372,-36.82124352331606,0.0,0.024537833115802415,0.025754601977595274,0.19457460633714185,-0.0002638342983904399,22.422886342520904,0.9307590233545647,-1.1436363636363636,0.7381946733069438,4.164076063347391,4.068893737492946,-0.024803270027528294,-1.146963639824862,-0.7461741424802111,-1.163886942024776,2.539499791406756,3.9005990870236475,Entertainment,Communication Services,EDR
2017Q2,2017,Q2,2017-07-31,2017-06-30,5253000.0,74042000.0,9475000.0,0.11,71926000.0,0.9714216256,2802943000.0,1765832000.0,33496000.0,520379000.0,1037111000.0,0.0,0.0,1158456000.0,1814960000.0,36.58314860469452,0.06436846990366636,0.24616982935436077,0.3907506489858605,0.003615221174455931,36.58314860469452,0.0029748016798880074,15.6459306879879,55.13306681896059,0.656039759161687,5.32172092137826,0.0,0.024131257466835167,0.02641580652906606,0.06436846990366636,0.0018741016139108074,49.08087954920985,0.9714216255638691,-0.6666666666666667,16.929248637733053,2.987381673670926,4.833263067841417,-0.12539215447846494,-0.669352300623151,-0.4822404371584699,2.3935244334266867,2.550786914190705,3.509228105194661,Entertainment,Communication Services,EDR
2017Q1,2017,Q1,2017-05-01,2017-03-31,15887000.0,85798000.0,18300000.0,0.33,82238000.0,0.9585071913,2719848000.0,1788001000.0,34922000.0,421659900.0,931847000.0,0.0,0.0,1158456000.0,1643534000.0,37.04242888810624,0.08282030138507361,0.19118715457628516,0.29082757783692514,0.008396684429162771,37.04242888810624,0.008885341786721596,13.502132916851208,18.22962170327941,0.6479056779051019,1.7509284320513627,0.0,0.02401213339134158,0.03154514516987714,0.08282030138507361,0.0058411352399104655,25.396382768826044,0.9585071913098208,0.13793103448275876,-0.987096059560008,-0.9956464572271897,-0.9940515625228445,0.020436525170304375,0.13171391936173243,0.020180622142936783,23.953981354274024,2.7480532264237896,4.88843855918551,Entertainment,Communication Services,EDR
2016Q4,2016,Q4,2017-02-28,2016-12-31,14038000.0,84224000.0,17938000.0,0.29,80591000.0,0.9568650266,2506185000.0,1800019000.0,34897000.0,44949000.0,706166000.0,0.0,0.0,1158456000.0,1163981000.0,37.291408564503094,0.7763687734988542,0.015960513689133083,0.022221987656796956,0.009439497043717625,37.291408564503094,0.007798806568152892,13.754464285714286,20.630716626300043,0.6435798733235594,1.9790568457045163,0.0,0.023981920763499004,0.033606457623838626,0.7763687734988542,0.005601342279201256,35.09515586658184,0.9568650265957447,5.125177809388335,1.0048535368407159,-0.9954670604918836,-0.9938382266982757,0.27920191742988204,5.096294134811789,1495.8333333333333,4.0662328656511315,2.7984822758173236,4.880100858849348,Entertainment,Communication Services,EDR
2016Q3,2016,Q3,2016-10-31,2016-09-30,-3427000.0,66225000.0,-12000.0,-0.0703,63001000.0,0.9513174783,2483324000.0,1806398000.0,115486000.0,156402000.0,676926000.0,0.0,0.0,1158456000.0,1042970000.0,37.42356377799416,0.7383920921727344,0.0,0.0,-6.809975196955539e-06,37.42356377799416,-0.0018971455902851975,17.49272933182333,-84.50948351327692,0.6413071759379715,-8.104172745841844,0.0,0.02397415180205377,0.026667885463193687,0.7383920921727344,-0.0013800051865966744,29.343600395146787,0.9513174782936957,-1.6390909090909092,0.998901802967899,-0.9956963551302144,-0.9920458648406932,0.002498249634014385,-1.6479485725089809,-1.0005612984704617,-0.8715588609329722,2.5522894609010853,4.816124389078432,Entertainment,Communication Services,EDR
2016Q2,2016,Q2,2016-08-01,2016-06-30,5289000.0,65140000.0,21379000.0,0.11,62844000.0,0.96475284,2466472000.0,1781769000.0,230402000.0,126293000.0,684703000.0,0.0,0.0,1158456000.0,928054000.0,36.91331910750171,1.8243449755726762,0.0,0.0,0.011800183415521732,36.91331910750171,0.0029683982603805545,17.78409579367516,54.75779920589904,0.6501718236202336,4.626961618453394,0.0,0.021124669387529608,0.02641019237193854,1.8243449755726762,0.002144358419637442,51.27499668038773,0.9647528400368437,0.0,-0.9980098296899158,-0.9972079748675472,-0.9916727520225948,-0.10312544598258884,0.021831530139103553,-0.00018706449048309405,3.8793314933552585,2.7546293513118947,4.541712246647008,Entertainment,Communication Services,EDR
2016Q1,2016,Q1,2016-05-02,2016-03-31,5176000.0,73379000.0,21383000.0,0.11,70070000.0,0.9549053544,2197300000.0,1511504000.0,195848000.0,113254000.0,685796000.0,0.0,-5329000.0,1158456000.0,962608000.0,31.314176800845264,1.7292810849947904,0.0,0.0,0.014008805408632221,31.314176800845264,0.0034244037726661658,15.78729609288761,55.9532457496136,0.7664260233515756,4.5193199381761975,0.0,0.020192394014101528,0.03339507577481454,1.7292810849947904,0.0023556182587721295,30.851025299600533,0.9549053543929462,-0.56,67.44732312813755,2.467476860631243,4.3607985042559525,-0.0296089076002659,-0.5724080958281702,-0.011373618752600675,2.4354113608794776,2.7053271380654036,3.699117025099802,Entertainment,Communication Services,EDR
2015Q4,2015,Q4,2016-02-29,2015-12-31,12105000.0,75520000.0,21629000.0,0.25,72208000.0,0.9561440678,2001831000.0,1236699000.0,34058000.0,21479000.0,765132000.0,0.0,-21998000.0,1158456000.0,1124714000.0,25.620978267625183,1.585641789655012,0.0,0.0,0.01745757221530601,25.620978267625183,0.009788153786814737,15.339724576271186,23.925154894671625,0.9367323819296369,1.479553903345725,0.0,0.015460233276015664,0.03772546233922844,1.585641789655012,0.006046964004453923,34.418444352011406,0.9561440677966102,3.7412280701754383,-0.40728731953602093,3.5354104273336713,3.539369919000818,0.30690847224484624,3.723897389738974,13.333333333333334,4.658607962278554,2.9295180814841952,2.423379098906999,Entertainment,Communication Services,EDR
2015Q3,2015,Q3,2015-11-02,2015-09-30,-4444000.0,58189000.0,1509000.0,-0.0912,55251000.0,0.9495093574,1976355000.0,951858000.0,14169000.0,335787000.0,1024497000.0,0.0,-36771000.0,1158456000.0,1586287000.0,19.71986160890012,0.04219639235586845,0.2236440315631554,0.4643549773180453,0.0011222542906549166,19.71986160890012,-0.0046687636181027,19.908505043908644,-65.16966696669667,1.2170470805519311,-4.027002700270027,0.0,0.015448148224878631,0.029442584960697852,0.04219639235586845,-0.0022485838829562504,56.25757575757576,0.9495093574386911,-2.4901960784313726,0.8689203612907368,0.9725954916247587,2.44321869302495,0.0017587119701200275,-2.4922766957689726,-0.82158902813904,-0.5070762588393029,2.9874259826183827,1.6117279588080238,Entertainment,Communication Services,EDR
2015Q2,2015,Q2,2015-08-05,2015-06-30,2978000.0,57324000.0,8458000.0,0.0612,55154000.0,0.9621450003,1889244000.0,977497000.0,17082000.0,232812000.0,911747000.0,0.0,-32051000.0,1157232000.0,1416150000.0,20.272450122360944,0.07337250657182619,0.14609018210458788,0.2823538077354713,0.006549584054444593,20.272450122360944,0.003046556664624035,20.187565417626125,97.14842175957018,1.1838726870773004,5.845198119543317,0.0,0.015041927634216821,0.0303422956484181,0.07337250657182619,0.001576291892418343,68.8173168411037,0.962145000348894,-0.592,6.765073817114541,1.1315351743310023,2.2073475138367042,-0.09998204990127446,-0.5943331971121101,-0.34737654320987654,9.175095439062211,2.09033288572469,2.232486516435338,Entertainment,Communication Services,EDR
2015Q1,2015,Q1,2015-05-06,2015-03-31,7341000.0,64129000.0,12960000.0,0.15,61281000.0,0.9555895149,1852255000.0,987891000.0,23640000.0,177554000.0,864364000.0,0.0,-34968000.0,1153920000.0,1274280000.0,20.546817803660566,0.13314259323923988,0.07774307533250012,0.14576506922322402,0.01132948706187387,20.546817803660566,0.007430981758108941,17.993731385176755,39.297098487944425,1.1680640880421018,2.3564909412886528,0.0,0.014991507210205214,0.0346221227638743,0.13314259323923988,0.003963277194554745,40.026362343473586,0.9555895148840619,-0.2857142857142857,27.74024635017796,1.2894574224255748,2.2397375204666106,-0.03764251389804956,-0.26604679064187164,-0.5311143270622286,-0.9940139612909368,-0.996733189358039,-0.9967005008924016,Entertainment,Communication Services,EDR
2014Q4,2014,Q4,2015-02-27,2014-12-31,10002000.0,66504000.0,27640000.0,0.21,63678000.0,0.9575063154,1811637000.0,988789000.0,18758000.0,43484000.0,822848000.0,0.0,-41909000.0,1153920000.0,1183535000.0,20.565495008319466,0.43137705822831385,0.026495374073282892,0.048544229355302296,0.027588789764018195,20.565495008319466,0.010115403791911115,17.351136773727895,28.842231553689263,1.1670032737014673,1.7095580883823236,0.0,0.014818184969495286,0.036709340778533446,0.43137705822831385,0.005520973572520323,64.31748509001729,0.9575063154095994,1.1694214876033058,9.99048313544959,1.1938035620189589,2.226074708019945,0.2158090692124105,-0.17359332396926383,0.030651055261391603,1.0034717127559885,-0.9964066818568282,-0.9966019004656308,Entertainment,Communication Services,EDR
2014Q3,2014,Q3,2014-11-07,2014-09-30,12103000.0,54704000.0,26818000.0,0.0968,52375000.0,0.9574254168,1812904000.0,968564000.0,18438000.0,240769000.0,844340000.0,0.0,-64306000.0,2976457104.0,3504149104.0,7.809800439845344,0.07657962611465761,0.30123713114428563,0.563838837702,0.016467272505849683,7.809800439845344,0.012495818552000694,54.410227844398946,61.48180418078162,3.0730618771707396,1.3836238949020905,0.0,0.005626151970238507,0.030174791384430726,0.07657962611465761,0.006676029177496437,85.97507521663778,0.9574254167885347,2.250645994832041,1.7467598382546647,-0.22851537478015757,0.21455957494251496,0.0887415291231863,2.337939420738448,7.834352701325178,1.0015095208284028,-0.9986163907443516,-0.9983400776945174,Entertainment,Communication Services,EDR
2014Q2,2014,Q2,2014-08-06,2014-06-30,-9046000.0,50040000.0,-3924000.0,-0.0774,48106000.0,0.9613509193,1666047000.0,939747000.0,11391000.0,90475000.0,726300000.0,0.0,-85706000.0,2779990512.0,3196001512.0,8.112951430101859,0.12590218292345953,0.25639912919623514,0.45456170650185634,-0.0028564776243204123,8.112951430101859,-0.009625995081654955,55.55536594724221,-76.82927570196772,2.9582329201370157,-1.398629228388238,0.0,0.004551094669347562,0.030035167075118527,0.12590218292345953,-0.005429618732244648,142.73196652461877,0.9613509192645884,-6.908396946564885,-34.130376961323485,-0.23220454266047671,0.7573120697925443,-0.08623637123428181,-6.963085036255768,-1.2215447154471544,-1.0014184351632818,-0.9991062313861627,-0.9981698053705126,Entertainment,Communication Services,EDR
2014Q1,2014,Q1,2014-05-07,2014-03-31,1517000.0,54545000.0,17712000.0,0.0131,52646000.0,0.9651847099,1629962000.0,723521000.0,9363000.0,248903000.0,906441000.0,0.0,-76898000.0,2760343152.0,3361009152.0,6.29070483045508,0.03761706367540769,0.37401792189020355,0.8425947553699201,0.012903014436387389,6.29070483045508,0.002096691042830823,50.606712842607024,454.9016400791035,3.815152776491629,8.340145023071852,0.0,0.004583488103945708,0.033463970325688576,0.03761706367540769,0.0009306965438458074,160.6438428679509,0.9651847098725823,-0.7697715289982425,0.34130827582823614,-0.2040103820284965,0.3497862418664114,0.04094908551655956,-0.7690668290455168,1.4723618090452262,7.419072508127061,0.08171585979663022,0.07693078634304046,Entertainment,Communication Services,EDR
2013Q4,2013,Q4,2014-03-03,2013-12-31,6569000.0,52566000.0,7164000.0,0.0569,50575000.0,0.9621238063,1610565000.0,725724000.0,22434000.0,382687000.0,884841000.0,0.0,-88964000.0,2746367904.0,3503875904.0,6.3419675035643,0.05862232059097905,0.4840419355940307,1.0742114081937486,0.004440133116089626,6.3419675035643,0.009051650489717854,52.2460888026481,104.52001461409651,3.784314565868016,1.922667072613792,0.0,0.004598801195427894,0.03263823565022213,0.05862232059097905,0.004078692881069687,198.56611264550648,0.9621238062626032,2.4973684210526317,1.411905928047596,-0.6388643851713078,-0.32488230112575395,0.19382022471910113,2.513245795899562,129.25454545454545,-0.8643250984943494,0.3316201918663173,0.12363143250224201,Entertainment,Communication Services,EDR
2013Q3,2013,Q3,2013-11-06,2013-09-30,-4341000.0,44197000.0,55000.0,-0.038,42364000.0,0.9585265968,1544492000.0,736307000.0,16935000.0,300020000.0,808185000.0,0.0,-90608000.0,2746367904.0,3433637904.0,6.434450378721,0.05644623691753883,0.4555575554939747,0.9555864605388785,3.791726876334492e-05,6.434450378721,-0.005895638639860819,62.1392380478313,-158.16447270214235,3.7299223068638487,-2.9092375028795208,0.0,0.00459843707815193,0.02861588146782243,0.05644623691753883,-0.0028106328812321463,105.00355205505639,0.958526596827839,-0.007957559681697658,0.8539943037364157,-0.6610294700176264,-0.3410372834675745,0.09239060364611537,-0.0002304147465437788,-0.9928450630935345,0.9459902957038602,-0.3680091914810089,0.12349773354161636,Entertainment,Communication Services,EDR
2013Q2,2013,Q2,2013-07-31,2013-06-30,-4340000.0,40991000.0,7687000.0,-0.0377,38781000.0,0.9460857261,1396741000.0,759653000.0,11469000.0,130334000.0,637088000.0,0.0,-86146000.0,2737079256.0,3272811256.0,6.660995278099466,0.08799699234275017,0.39140828543015493,0.7196654261880095,0.05265573203378113,6.660995278099466,-0.005713134812868507,66.77268805347515,-157.66585576036866,3.6030651573810677,-2.6274193548387097,0.0,0.004166119769825181,0.029347602740951974,0.08799699234275017,-0.0031072331949874746,155.85236624530236,0.9460857261350053,-2.2200647249190935,-1.3166939726636193,-0.723083427356027,-0.3483630365977396,-0.13885064617844295,-2.2235692134197915,0.07872579287117598,-2.5522454748308214,-0.3555672682022765,0.05385025075608695,Entertainment,Communication Services,EDR
2013Q1,2013,Q1,2013-05-07,2013-03-31,3547000.0,46622000.0,7126000.0,0.0309,45034000.0,0.9659388272,1356928000.0,757249000.0,15172000.0,115063000.0,599679000.0,0.0,-89978000.0,2727251640.0,3230021640.0,6.663842724831948,0.13185819942118665,0.38121256249410435,0.6831015953801194,0.005991422866271459,6.663842724831948,0.004684060328901061,58.49709664965038,192.2224161263039,3.601525574810928,3.1993233718635468,0.0,0.004160965505918625,0.034358492123384585,0.13185819942118665,0.002613992783699651,137.330763885392,0.9659388271631418,-0.29612756264236906,-0.10064213568231821,-0.6601752562612292,-0.35337662592752894,0.16571753986332574,-0.20949409404947628,-0.15867768595041323,4.875528536945588,-0.2957619397137866,0.050727247032884,Entertainment,Communication Services,EDR
2012Q4,2012,Q4,2013-03-01,2012-12-31,4487000.0,40311000.0,8470000.0,0.0439,38632000.0,0.9583488378,1324687000.0,757722000.0,17668000.0,98713000.0,566965000.0,0.0,-93287000.0,2429855376.0,2890662376.0,7.484119499299781,0.17898351787505193,0.36072370303324486,0.6306349822230317,0.00651674652837907,7.484119499299781,0.0059216968756351275,60.27772508744511,135.38307198573656,3.206790057567287,2.502785825718743,0.0,0.004621674240747075,0.030430584734356114,0.17898351787505193,0.0033872152440538785,291.6293058089294,0.9583488377862122,1.7268211920529801,-0.05282217579024787,-0.659571720465986,-0.2996574077931947,0.3361463701449175,1.7254648342764753,1.642745709828393,1.3414305409833716,-0.36850659834853766,0.17402127294882458,Entertainment,Communication Services,EDR
2012Q3,2012,Q3,2012-11-06,2012-09-30,-6185000.0,30609000.0,3205000.0,-0.0604,28913000.0,0.94459146,1169951000.0,764443000.0,128319000.0,30403000.0,405508000.0,0.0,-98075000.0,2429855376.0,2633681376.0,7.5505036971385575,4.220603229944413,0.28330160835795687,0.43358235996666855,0.002651090844838105,7.5505036971385575,-0.008090858311214833,79.38369028717044,-98.21565788197252,3.1785958874631595,-1.5571544058205335,0.0,0.003963610384028058,0.02616263416160164,4.220603229944413,-0.005286546188686535,182.59978778086722,0.9445914600280964,-11.066666666666666,0.7102583291095439,-0.7026109649746928,-0.3051667191820379,-0.1647745327440275,-11.850877192982455,-0.3334026622296173,0.5325374473302528,-0.47121815470140227,0.17423442911687206,Entertainment,Communication Services,EDR
2012Q2,2012,Q2,2012-08-07,2012-06-30,570000.0,36126000.0,4808000.0,0.006,34617000.0,0.95822953,1000008000.0,588935000.0,8911000.0,45675000.0,411073000.0,0.0,-98564000.0,2253767376.0,2585860376.0,6.271472446764178,0.19509578544061304,0.34050427596579225,0.5781741618344979,0.004571485076592342,6.271472446764178,0.0009678487439191083,62.38629729280851,988.4944631578946,3.826852498153446,11.636842105263158,0.0,0.002943072151382495,0.03612571099431205,0.19509578544061304,0.0005699954400364797,131.77614313278372,0.9582295299784089,-0.999761999206664,1.0723474013067158,-0.6131005083352615,-0.4495650454648989,-0.0488267296807166,-0.7592905405405406,-0.188249198041533,1.575009735047005,-0.31627361366028006,0.3584371015927184,Entertainment,Communication Services,EDR
2012Q1,2012,Q1,2012-05-08,2012-03-31,2368000.0,37905000.0,5923000.0,25.21,36394000.0,0.9601371851,973024000.0,578132000.0,21898000.0,15158000.0,394892000.0,0.0,-99820000.0,2228136.0,315263136.0,6227.253632632837,1.4446496899327088,0.34360920182852633,0.5783108355877205,0.006703472457447338,6227.253632632837,0.0040959504057896815,0.05878211317768105,0.2352339527027027,0.0038540264161125836,2.730152027027027,0.0,2.9015284524822547,0.03895587364751538,1.4446496899327088,0.0024336501463478803,0.17610938981979135,0.960137185067933,1.4257007767646066,98.19863161400053,350.205737061762,547.740225782521,0.05993709226467847,1.4256696027323386,6.911177644710579,2592.857423707393,684.2835981009808,1335.1716221761387,Entertainment,Communication Services,EDR
2011Q4,2011,Q4,2012-03-08,2011-12-31,-5563000.0,35737000.0,-1002000.0,-59.22,34336000.0,0.9607969332,977809000.0,561867000.0,76746000.0,18342000.0,415942000.0,0.0,-101708000.0,2228136.0,284919136.0,6052.057863613352,4.184167484461891,0.36664011069646524,0.6380584729126287,-0.001125723104735213,6052.057863613352,-0.009900919612648544,0.06234815457369113,-0.1001319431961172,0.003965593280972187,-0.9766313140391875,0.0,2.4383610336173374,0.036548037500166185,4.184167484461891,-0.005689250150080435,0.14653005392608182,0.9607969331505163,0.07309438096728756,-21081.221043742393,312.5223148608186,0.0,0.21620855766506092,0.07314228590469843,0.5811036789297659,-428.9568373984892,301.62200270640267,643.2561202087695,Entertainment,Communication Services,EDR
2011Q3,2011,Q3,2011-11-09,2011-09-30,-6002000.0,29597000.0,-2392000.0,-63.89,28232000.0,0.9538804609,825733000.0,436800000.0,47819000.0,16703000.0,388933000.0,0.0,-95929000.0,2228136.0,290750136.0,4704.919268841758,2.8628988804406394,0.40674649069372304,0.7689194139194139,-0.0029587402828536442,4704.919268841758,-0.013740842490842491,0.07528249484745075,-0.09280806397867376,0.005101043956043956,-0.8448850383205598,0.0,2.275893392503869,0.035843305281489296,2.8628988804406394,-0.007268693391205148,0.2044911894273128,0.9538804608575193,-2.174232677816578,-191.9985088281569,301.2428951078522,407.6982701916854,-0.2409058602271937,-2.1742228159201296,-1.155944687097507,-247.82443368655385,278.7910788750582,480.8385720581141,Entertainment,Communication Services,EDR
2011Q2,2011,Q2,2011-08-08,2011-06-30,5111466.0,44873566.0,15338772.0,54.41,37191698.0,0.8288108416,783283000.0,411540000.0,71579000.0,12374000.0,371743000.0,0.0,-89463000.0,2228136.0,260928136.0,4432.835338596926,5.784629060934217,0.42128962329068803,0.8018394323759538,0.02132790431930829,4432.835338596926,0.0124203382417262,0.04965364241388794,0.10897734622513384,0.005414142003207465,1.4121193411048807,0.0,3.239479098223807,0.057289084532665714,5.784629060934217,0.006525695055299298,0.1280847248283752,0.828810841554246,34005.24999999999,526.2035388303005,435.557483147581,364.50356834312817,0.19729897305475969,45.04924324324325,5.121110155830199,457.1853747017045,371.38887266046333,432.6588210477932,Entertainment,Communication Services,EDR
2011Q1,2011,Q1,2011-05-09,2011-03-31,111000.0,31063000.0,-3722000.0,0.0016,31063000.0,1.0,78932000.0,413871000.0,75609000.0,10898000.0,358918000.0,0.0,0.0,1700453352.0,1624844352.0,5.841326954554411,6.937878509818315,0.0,0.0,-0.00376693804372459,5.841326954554411,0.0002681995114419711,54.742083894021825,3829.8498918918917,4.1086554796059644,32.513513513513516,0.0,0.0021223751864496896,0.39354127603506817,6.937878509818315,0.0014062737546242335,364.2007607624759,1.0,-0.9961904761904762,-0.9929580533639908,-0.6159221148283316,-0.5232788121961643,0.5650443369609028,-0.9954403549129149,-1.2447878987175272,-0.954860700413525,-0.6368651051554062,-0.4331891221953023,Entertainment,Communication Services,EDR
2010Q4,2010,Q4,2011-03-09,2010-12-31,24344000.0,19848000.0,15205000.0,0.42,19848000.0,1.0,10242000.0,324743000.0,6958000.0,13227000.0,401898000.0,0.0,0.0,1380864000.0,1373906000.0,5.644170606229143,0.5260452105541695,0.0,0.0,0.046489355423165415,5.644170606229143,0.07496389452582504,69.57194679564692,14.180742688136709,4.252174796685379,0.12035819914558002,0.0,0.0021218599369670003,1.9379027533684827,0.5260452105541695,2.376879515719586,-53.11628264799785,1.0,1.5999999999999999,-0.47429104407511896,-0.7149816104991312,-0.606175094316666,-0.43141973186662086,1.6067796610169491,1.3339703039887543,8.04267472997434,-0.7050500497561589,-0.4718345860733777,Entertainment,Communication Services,EDR
2010Q3,2010,Q3,2010-11-05,2010-09-30,-40120000.0,34908000.0,-45528000.0,-0.7,34908000.0,1.0,31030000.0,327137000.0,27960000.0,14786000.0,432594000.0,0.0,0.0,1370886984.0,1342926984.0,5.727159198121032,1.8909779521168673,0.0,0.0,-0.14072846437414513,5.727159198121032,-0.12263975031867383,39.27142729460296,-8.542416400797606,4.190559258047852,-0.07136091724825523,0.0,0.00208842890290364,1.1249758298420882,1.8909779521168673,-1.292942313889784,101.59233614939973,1.0,-64.42056074766354,-1.13955147237575,-0.43840820201419733,-0.627584655298111,0.10099034882987447,-64.87848932676519,-6.566561409340203,-2.3312785852573357,-0.39885456991032564,-0.47295955673721457,Entertainment,Communication Services,EDR
2010Q2,2010,Q2,2010-08-06,2010-06-30,-609000.0,31706000.0,-6017000.0,-0.0107,31706000.0,1.0,26418000.0,359308000.0,23348000.0,7389000.0,421022000.0,0.0,0.0,1364325216.0,1340977216.0,6.3206278817322685,3.159832182974692,0.0,0.0,-0.014343687554309153,6.3206278817322685,-0.0016949246885680253,43.03050577177821,-560.0678226600985,3.797091119596558,-4.6732348111658455,0.0,0.0020860128997278607,1.2001665531077297,3.159832182974692,-0.023052464228934817,178.59997591307763,1.0,-3.018867924528302,0.9423210918649473,-0.44215131203233965,-0.5116576330146475,-0.042635424844495444,-3.0165562913907285,-0.0922127427845344,0.8723100975951752,-0.4390670926005385,-0.4452507684204746,Entertainment,Communication Services,EDR
2010Q1,2010,Q1,2010-05-07,2010-03-31,302000.0,33118000.0,-5509000.0,0.0053,33118000.0,1.0,31454000.0,360530000.0,28384000.0,9126000.0,425919000.0,0.0,0.0,1364325216.0,1335941216.0,6.342124222675072,3.1102344948498795,0.0,0.0,-0.020239671516738757,6.342124222675072,0.0008376556735916567,41.195881876924936,1129.4082913907284,3.784221052339611,9.397350993377483,0.0,0.0020801491951608114,1.0529026514910662,3.1102344948498795,0.009601322566287276,280.49449342105265,1.0,-0.7195767195767196,1.0184135768003282,-0.06797039406302358,-0.5237075693295128,-0.043772015938095515,-0.7193308550185874,-1.2898253367003367,-0.9793388392885565,-0.49886701184617527,-0.44113747677559734,Entertainment,Communication Services,EDR
2009Q4,2009,Q4,2010-03-16,2009-12-31,1076000.0,35842000.0,19008000.0,0.0189,34634000.0,0.9662965236,34242000.0,362386000.0,31169000.0,10581000.0,428369000.0,0.0,0.0,1364325216.0,1333156216.0,6.374773329704404,2.945751819298743,0.0,0.0,0.03147726525141361,6.374773329704404,0.002969209627303483,38.06498565928241,316.9900594795539,3.764839745464781,2.6347583643122676,0.0,0.0020779503059481677,1.0467262426260149,2.945751819298743,0.03142339816599498,359.9802680738786,0.9662965236314938,1.1453846153846154,-0.976482090810483,-0.47906760276685123,-0.5551969136877742,0.10443572818010778,1.1448377978193567,2.4370605579496485,7.659526685051022,-0.4864693257942426,0.0,Entertainment,Communication Services,EDR
2009Q3,2009,Q3,2009-11-09,2009-09-30,-7429000.0,32502000.0,-13227000.0,-0.13,31359000.0,0.9648329334,87022000.0,365534000.0,83940000.0,13314000.0,486316000.0,0.0,0.0,1364325216.0,1280385216.0,6.430150155635619,6.304641730509238,0.0,0.0,-0.03886949948944182,6.430150155635619,-0.020323690819458656,41.97665423666236,-45.91214214564545,3.7324167273085402,-0.7820702651770091,0.0,0.0042585154418197015,0.37349176070418977,6.304641730509238,-0.08536921697961435,267.7247284144427,0.9648329333579472,-55.16666666666668,0.6019149023804206,-0.4746005401120698,-0.5818718314165958,0.00904176587940022,-56.440298507462686,-1.4462733493619382,0.6098675183072225,-0.45794633690070236,-0.44143754748675534,Entertainment,Communication Services,EDR
2009Q2,2009,Q2,2009-07-21,2009-06-30,134000.0,31985000.0,-5407000.0,0.0024,31078000.0,0.9716429576,7160000.0,262444000.0,4070000.0,13761000.0,505809000.0,0.0,0.0,1364325216.0,1360255216.0,4.6166822441842195,0.29576338928856916,0.0,0.0,-0.004340776286841761,4.6166822441842195,0.0005105851153007879,42.65515760512741,2545.382865671642,5.198538415814421,21.813432835820894,0.0,0.002142451056185712,4.467178770949721,0.29576338928856916,0.018715083798882683,114.26509346733668,0.9716429576363921,-0.7551020408163266,1.0126912540067274,-0.43724246878680334,-0.6433073458951544,-0.04971868884540118,-0.7602862254025045,0.05505068157986718,1.0224859248727096,-0.49181598713138425,-0.6193375784876795,Entertainment,Communication Services,EDR
2009Q1,2009,Q1,2009-05-11,2009-03-31,559000.0,33869000.0,-5722000.0,0.0098,32704000.0,0.9656027636,11988000.0,264936000.0,8889000.0,20161000.0,497848000.0,0.0,0.0,1364325216.0,1355436216.0,4.660519299527482,0.4409007489707852,0.0,0.0,-0.016162110975734525,4.660519299527482,0.002109943533532627,40.28241802238035,610.1633345259391,5.149640728326841,5.2289803220035775,0.0,0.002142451056185712,2.825241908575242,0.4409007489707852,0.04662996329662996,109.94642727052945,0.9656027635891228,1.07,1.03408340871319,-0.046835233906653305,-0.6499958078048534,-0.06789032662600468,1.140983606557377,-1.447765865873699,-0.9557993785654425,-0.47805457457333783,-0.6196466464659788,Entertainment,Communication Services,EDR
2008Q4,2008,Q4,2009-03-16,2008-12-31,-3965000.0,36189000.0,12779000.0,-0.14,35086000.0,0.9695211252,12114000.0,267260000.0,9003000.0,10257000.0,495718000.0,0.0,0.0,682811280.0,673808280.0,9.393869415865538,0.8777420298332845,0.0,0.0,0.039114076245342765,9.393869415865538,-0.0148357404774377,18.86792340213877,-43.05241361916772,2.5548577415251064,-1.5538461538461539,0.0,0.009022990950003052,2.987369985141159,0.8777420298332845,-0.3273072478124484,-175.6201851851852,0.9695211252037912,0.4615384615384615,-1.1731597094361432,0.050952126924983625,-0.34453793217699097,0.12422698580537665,0.46360930735930733,1.991157992709222,-1.1731597094361432,0.050952126924983625,-0.34453793217699097,Entertainment,Communication Services,EDR
2008Q3,2008,Q3,2008-11-04,2008-09-30,-7392000.0,32417000.0,-12893000.0,-0.26,31209000.0,0.9627356017,6264000.0,277805000.0,2756000.0,28813000.0,476427000.0,0.0,0.0,682811280.0,680055280.0,9.764513556366555,0.0956512685246243,0.0,0.0,-0.05133391908888755,9.764513556366555,-0.02660859235794892,21.063370453774255,-23.09291396103896,2.457879735785893,-0.9959415584415584,0.0,0.010781895694517525,5.175127713920817,0.0956512685246243,-1.1800766283524904,81.296735325634,0.962735601690471,-3.166666666666667,0.20854771213329426,0.04705519528537482,-0.36505088192177926,-0.13028090513878052,-3.162668227033353,-3.690069116042197,0.20854771213329426,0.04705519528537482,-0.36505088192177926,Entertainment,Communication Services,EDR
2008Q2,2008,Q2,2008-08-01,2008-06-30,3418000.0,36920000.0,-2749000.0,0.12,35884000.0,0.9719393283,30840000.0,290758000.0,27322000.0,20615000.0,481058000.0,0.0,0.0,682667928.0,655345928.0,10.221942050864882,1.3253456221198157,0.0,0.0,-0.009504651735848248,10.221942050864882,0.011755480502686082,18.4904639219935,49.93182621416033,2.3478904380962864,1.7937390286717378,0.0,0.00898094043755927,1.1971465629053177,1.3253456221198157,0.11083009079118028,53.727996851881,0.9719393282773564,2.4582132564841492,1.6469641297327438,0.298210325529968,-0.2102355225287553,0.08588028808327786,2.463019250253293,0.4592840283241542,1.6469641297327438,0.298210325529968,-0.2102355225287553,Entertainment,Communication Services,EDR
2008Q1,2008,Q1,2008-05-06,2008-03-31,987000.0,34334000.0,-5084000.0,0.0347,33046000.0,0.9624861653,6583000.0,293073000.0,3056000.0,18944000.0,450705000.0,0.0,0.0,682517376.0,679461376.0,10.30560136244795,0.16131756756756757,0.0,0.0,-0.014534550130944561,10.30560136244795,0.003367761615706667,19.878760878429546,172.8767416413374,2.3288306189925376,6.223910840932118,0.0,0.009000503453849064,5.215555217985721,0.16131756756756757,0.1499316421084612,77.61170980213782,0.9624861653171783,-0.2585470085470085,1.1202963806177944,0.9314977320160766,-0.22605112260462012,0.051516212174245075,-0.24309815950920247,0.3098017920173771,1.1202963806177944,0.9314977320160766,-0.22605112260462012,Entertainment,Communication Services,EDR
2007Q4,2007,Q4,2008-03-04,2007-12-31,1304000.0,32595000.0,-7366000.0,0.0468,31427000.0,0.9641662832,995477000.0,297819000.0,966384000.0,405512000.0,1482541000.0,0.0,0.0,668857296.0,-102443704.0,10.686369189280699,2.383120598157391,0.0,0.0,-0.022922543598905526,10.686369189280699,0.004378498349668758,20.520242245743212,128.2318435582822,2.2458516615796844,13.849693251533742,0.0,0.02700127532136541,0.032743097027857,2.383120598157391,0.0013099247898243757,-0.1931812669502907,0.9641662831722657,1.2228571428571429,-0.9418635556820063,-0.03367202040468763,-0.25435309602069517,0.16056722921821337,1.221919673247107,0.3935452000658653,-0.9418635556820063,-0.03367202040468763,-0.25435309602069517,Entertainment,Communication Services,EDR
2007Q3,2007,Q3,2007-11-07,2007-09-30,-5876000.0,28332000.0,-12146000.0,-0.21,27079000.0,0.9557743894,6711000.0,302843000.0,3171000.0,25420000.0,449691000.0,0.0,0.0,668857296.0,665686296.0,10.866640826775104,0.12474429583005507,0.0,0.0,-0.03974136967179144,10.866640826775104,-0.01940279286627064,23.60783905124947,-28.457168822328114,2.208594208880509,-1.0627978216473792,0.0,0.00933681973321855,4.221725525257041,0.12474429583005507,-0.8755774102220235,66.55296477611941,0.9557743893830298,-1.502979737783075,0.3577386527069836,-0.06579711019007731,-0.2933837441461763,0.025603151157065487,-1.5382289416846653,-0.7721038809454334,0.3577386527069836,-0.06579711019007731,-0.2933837441461763,Entertainment,Communication Services,EDR
2007Q2,2007,Q2,2007-08-07,2007-06-30,-2315000.0,27436000.0,-6854000.0,-0.0839,26403000.0,0.9623487389,7648000.0,314384000.0,4081000.0,18093000.0,441239000.0,0.0,0.0,662228952.0,658147952.0,11.393666763152934,0.22555684518874702,0.0,0.0,-0.021349474413865196,11.393666763152934,-0.007363606290396458,24.137226709432863,-71.51500561555075,2.1064333808336304,-2.571922246220302,0.0,0.008990848228574579,3.5873430962343096,0.22555684518874702,-0.30269351464435146,71.75522288438617,0.9623487388832191,-1.3226923076923076,0.5482891986855079,-0.005498374923482248,-0.1197060956805547,-0.13287792702551807,-1.3313296121368254,0.12998222899213,0.5482891986855079,-0.005498374923482248,-0.1197060956805547,Entertainment,Communication Services,EDR
2007Q1,2007,Q1,2007-05-10,2007-03-31,6987000.0,31590000.0,-7878000.0,0.26,30449000.0,0.963880975,11185000.0,308372000.0,7580000.0,18043000.0,504064000.0,0.0,0.0,652163400.0,686083400.0,11.348272534153251,0.4201075209222413,3.7103263299061244,0.13457771782133268,0.39331231135958294,11.348272534153251,0.02265769914259401,20.644615384615385,23.334886217260628,2.1148593257494195,0.8388435666237298,0.0,0.008987011537292647,2.8243182834152885,0.4201075209222413,0.6246759052302191,171.80279241306638,0.9638809749920861,93.85714285714288,1.8912169581125908,0.8598448475135831,-0.1477466981996228,-0.0030776282617948464,94.16,0.11443345323741007,1.8912169581125908,0.8598448475135831,-0.1477466981996228,Entertainment,Communication Services,EDR
2019Q4,2019,Q4,2019-12-31,2019-12-31,,,,,,,9292299000.0,913274000.0,2021765000.0,1813110000.0,7467907000.0,0.0,0.0,0.0,4794955000.0,0.0,1.1150812692004346,0.5919205785349783,6.022620812592935,,0.0,,0.0,0.0,0.0,0.0,0.0,,,0.8189580334342649,,0.0,0.0,0.0,-1.0,-1.0,-1.0,0.0,0.0,0.0,-1.0,-1.0,-1.0,Entertainment,Communication Services,EDR
2019Q2,2019,Q2,2019-06-30,2019-06-30,,,,,,,10003594000.0,1346857000.0,2156303000.0,2025367000.0,7279156000.0,0.0,0.0,0.0,4228909000.0,0.0,1.064648036627436,0.5058027145044072,3.756779672971964,,0.0,,0.0,0.0,0.0,0.0,0.0,,,0.8086697373858663,,0.0,0.0,0.0,1.0,-1.0,-1.0,0.0,0.0,0.0,-1.0,-1.0,-1.0,Entertainment,Communication Services,EDR
2018Q4,2018,Q4,2018-12-31,2018-12-31,,,,,,,9665132000.0,1585066000.0,1946299000.0,1784789000.0,6718136000.0,0.0,0.0,0.0,3873933000.0,0.0,1.0904924895884052,0.48028449068258977,2.9285928787823345,,0.0,,0.0,0.0,0.0,0.0,0.0,,,0.8420070943960323,,0.0,0.0,0.0,-1.0,-1.0,-1.0,0.0,0.0,0.0,-1.0,-1.0,-1.0,Entertainment,Communication Services,EDR
