Quarters,Year,Quarter,FillingDate,Date,NetIncome,Revenue,OperatingIncome,EPSDiluted,GrossProfit,GrossProfitRatio,TotalAssets,CommonStockEquity,CurrentAssets,CurrentLiability,TotalLiability,Inventory,RetainedEarnings,MarketCap,EnterpriseValue,bookValuePerShare,currentRatio,debtToAssets,debtToEquity,roic,shareholdersEquityPerShare,roe,priceToSalesRatio,peRatio,pbRatio,payoutRatio,inventoryTurnover,dividendYield,assetTurnover,quickRatio,returnOnAssets,priceToFreeCashFlowsRatio,grossProfitMargin,epsdilutedGrowth,fiveYNetIncomeGrowthPerShare,fiveYRevenueGrowthPerShare,fiveYShareholdersEquityGrowthPerShare,grossProfitGrowth,netIncomeGrowth,operatingIncomeGrowth,threeYNetIncomeGrowthPerShare,threeYRevenueGrowthPerShare,threeYShareholdersEquityGrowthPerShare,Industry,Sector,Symbol
2023Q3,2023,Q3,2023-04-27,2023-03-31,79850000.0,227872000.0,223036000.0,1.32,227872000.0,1.0,19782481000.0,1844104000.0,2324022000.0,660565000.0,17938377000.0,0.0,1648253000.0,2212639007.28,312947007.2800002,30.77064060426926,3.5182336333290443,0.021449786808843643,0.2301009053719313,0.06845747998666969,30.77064060426926,0.043300160945369676,9.710008282193513,6.927485933876017,1.1998450235344646,0.0,0.0,0.0,0.011518878749333817,4.4310446360312765,0.004036399681111788,-34.82003316201118,1.0,-0.02222222222222224,0.666234697492978,0.7381958724110526,1.1399248071870733,0.015020044543429844,-0.020870119678242104,0.13280071512374994,0.449096727786356,0.30249765227792025,0.5838726205299185,Banks—Regional,Financial Services,AX
2023Q2,2023,Q2,2023-01-26,2022-12-31,81552000.0,224500000.0,196889000.0,1.35,224500000.0,1.0,18741035000.0,1787559000.0,2276244000.0,672897000.0,16953476000.0,0.0,1568403000.0,2293183680.06,971657680.06,29.792862025868086,3.382752486636142,0.02316184778482085,0.2428322645574216,0.06166160062139406,29.792862025868086,0.045621990658769866,10.214626637238307,7.029820482820776,1.2828576176003141,0.0,0.0,0.0,0.01197906092166201,3.382752486636142,0.0043515206070529186,22.887435176357865,1.0,0.39175257731958774,1.7900478239242437,1.4000260884143687,1.216036694826342,0.09590244759682505,0.39627099491499307,0.5606664711430994,1.0181799984571482,0.7956446655636636,0.5737788200276174,Banks—Regional,Financial Services,AX
2023Q1,2023,Q1,2022-10-28,2022-09-30,58407000.0,204854000.0,126157000.0,0.97,204854000.0,1.0,18407078000.0,1700972000.0,2037646000.0,784268000.0,16706106000.0,0.0,1486851000.0,2048822410.3199997,1217970410.3199997,28.418408187416354,2.5981501221521213,0.029245163192115554,0.3164766968533286,0.039718639832216844,28.418408187416354,0.03433742589531162,10.001378593144384,8.769592729980994,1.2045009619911438,0.0,0.0,0.0,0.011129088495197337,2.5981501221521213,0.0031730728798997866,32.57269332782194,1.0,0.010416666666666676,0.9600394928924436,1.3710576384832414,1.1327913795770028,0.0863551996606035,0.008826171065358573,0.22221468707614803,0.4653413554796892,0.7065596878518484,0.5592817831913732,Banks—Regional,Financial Services,AX
2022Q4,2022,Q4,2022-09-08,2022-06-30,57896000.0,188570000.0,103220000.0,0.96,188570000.0,1.0,17455605000.0,1642973000.0,1882522000.0,774626000.0,15812632000.0,0.0,1428444000.0,2139764538.3000002,1499921538.3000002,27.52666519877712,2.430233428777242,0.032238584683830784,0.34251567128613797,0.03315508987659743,27.52666519877712,0.035238558393838486,11.347322152516307,9.239690731224956,1.3023735254931152,0.0,0.0,0.0,0.010802833817561752,2.5005125053896977,0.0033167569958188216,16.320002885297416,1.0,-0.058823529411764754,0.9353510072419122,1.228718312904097,1.1428146476271221,0.07907823131198105,-0.06352004917263801,0.057192019337129744,0.46691194414104786,0.5921824831122168,0.5763604458924134,Banks—Regional,Financial Services,AX
2022Q3,2022,Q3,2022-04-28,2022-03-31,61823000.0,174751000.0,97636000.0,1.02,174751000.0,1.0,16080950000.0,1585585000.0,1738419000.0,780433000.0,14495365000.0,0.0,1370548000.0,2762159317.92,2297993317.92,26.629632719878604,2.2275057564198337,0.0332183111072418,0.33689899942292595,0.032733136346576236,26.629632719878604,0.03899065644541289,15.806257577467369,11.169626667745014,1.7420443041022715,0.0,0.0,0.0,0.010866957486964389,2.2275057564198337,0.0038444867995982824,19.886528898744384,1.0,0.020000000000000018,0.6458911138219606,0.7069973764903746,1.1622497854943614,0.012010864214689854,0.017043117771892016,-0.0021258329585871387,0.6384450433278278,0.1661722016662556,0.569350042187384,Banks—Regional,Financial Services,AX
2022Q2,2022,Q2,2022-01-27,2021-12-31,60787000.0,172677000.0,97844000.0,1.0,172677000.0,1.0,15547947000.0,1523157000.0,1427947000.0,758921000.0,14024790000.0,0.0,1308725000.0,3326448699.99,2885651699.99,25.600787972547423,1.8815489359235018,0.026880397778562017,0.27438734155441624,0.035490070816206004,25.600787972547423,0.03990855834296793,19.263994046630412,13.680756987472648,2.1839171536420734,0.0,0.0,0.0,0.011106096515507802,1.8815489359235018,0.003909648006904062,64.1168963587826,1.0,0.01010101010101011,1.051653927418443,1.0228454258423627,1.2032246605122174,0.019711938773702455,0.009583125726623485,0.0,0.6399870587118134,0.6505527670055029,0.6048562522267643,Banks—Regional,Financial Services,AX
2022Q1,2022,Q1,2021-10-28,2021-09-30,60210000.0,169339000.0,0.0,0.99,169339000.0,1.0,14906750000.0,1458621000.0,0.0,0.0,13448129000.0,0.0,1247938000.0,3061004202.84,2474324202.84,24.55969392993661,0.0,0.027732134771160717,0.2834156370983278,0.0,24.55969392993661,0.04127871462155008,18.07619156154223,12.709700227703038,2.0985603544992153,0.0,0.0,0.0,0.0113598872993778,0.0,0.004039109799252017,-22.28064551068538,1.0,0.09999999999999996,1.2659856606505344,1.1791137411174568,1.1975126023485951,0.09047646645931134,0.10975946917334808,0.0,0.7280126047602019,0.741328197159586,0.54185982764991,Banks—Regional,Financial Services,AX
2021Q4,2021,Q4,2021-08-26,2021-06-30,54255000.0,155289000.0,0.0,0.9,155289000.0,1.0,14265565000.0,1400936000.0,0.0,0.0,12864629000.0,0.0,1187728000.0,2748224921.67,2607458921.67,23.647780983118444,0.0,0.040296896758032365,0.4103385165346597,0.0,23.647780983118444,0.038727679208757575,17.697486117303868,12.663463835913742,1.96170626043588,0.0,0.0,0.0,0.010885583571348207,0.0,0.0038032142435297867,27.927979773891305,1.0,0.011235955056179785,0.985764083648469,0.9607560649410828,1.2297776667147788,-0.006328465938903748,0.011371050424084258,0.0,0.5757306566532969,0.6092297484913203,0.5722808757828347,Banks—Regional,Financial Services,AX
2021Q3,2021,Q3,2021-04-29,2021-03-31,53645000.0,156278000.0,0.0,0.89,156278000.0,1.0,14827874000.0,1345650000.0,0.0,0.0,13482224000.0,0.0,1133473000.0,2779178736.8399997,2169379736.8399997,22.761762552892574,0.0,0.03630007916171934,0.39999479805298555,0.0,22.761762552892574,0.03986549251291197,17.78355710234326,12.951713751700996,2.065305790391261,0.0,0.0,0.0,0.010539474505920403,0.0,0.0036178483847380954,110.55247769760132,1.0,-0.021978021978021997,0.6293101907163445,0.8354673889962574,1.2468034011714355,-0.025449148473113452,-0.020808615496942594,0.0,0.13478385414120056,0.20844875803633378,0.5829524308141493,Banks—Regional,Financial Services,AX
2021Q2,2021,Q2,2021-01-28,2020-12-31,54785000.0,160359000.0,0.0,0.91,160359000.0,1.0,14393267000.0,1287482000.0,0.0,0.0,13105785000.0,0.0,1079828000.0,2216135128.41,1687217128.4099998,21.803363360187944,0.0,0.0417542452314683,0.46678710847996324,0.0,21.803363360187944,0.04255205121314318,13.819836294875872,10.112873635164735,1.7212940673423007,0.0004745824587021995,0.0,1.1732136577183403e-05,0.011141250975195555,0.0,0.003806293595470716,10.352627138532688,1.0,0.03409090909090912,1.1236265086925485,1.2039488445714515,1.2904794567040065,-0.0035171663818549014,0.03325034891177247,0.0,0.9044482827584286,0.7419008965810533,0.621766087288179,Banks—Regional,Financial Services,AX
2021Q1,2021,Q1,2020-10-29,2020-09-30,53022000.0,160925000.0,0.0,0.88,160925000.0,1.0,13382238000.0,1236965000.0,0.0,0.0,12145273000.0,0.0,1025156000.0,1387162249.1999998,1175894249.1999998,20.78607182874884,0.0,0.052034868906082825,0.5629447882518908,0.0,20.78607182874884,0.042864591965011134,8.619930086686344,6.540503230734411,1.1214240089250707,0.0014522273773150767,0.0,5.550900772019078e-05,0.012025268120324867,0.0,0.003962117547154669,21.49406153369385,1.0,0.17333333333333334,1.224636696376794,1.4983734522557681,1.2888996778395154,0.11899563318777293,0.1704635761589404,0.0,0.7896514499299447,0.873413346215804,0.5599872631590338,Banks—Regional,Financial Services,AX
2020Q4,2020,Q4,2020-08-26,2020-06-30,45300000.0,143812000.0,0.0,0.75,143812000.0,1.0,13851900000.0,1230846000.0,0.0,702078000.0,12621054000.0,0.0,1009299000.0,1313847149.76,35659149.75999999,20.685115224373266,0.0,0.034528765006966555,0.38858557447479214,0.0,20.685115224373266,0.03680395435334721,9.13586592050733,7.250812084768212,1.0674342279700304,0.0016997792494481236,0.0,5.8606512952488856e-05,0.010382113645059523,3.082805614191016,0.0032703094882290517,21.978406292510748,1.0,-0.17582417582417587,0.9584286436667447,1.3130609073882997,1.4330918444473797,-0.19196754655069728,-0.19189396507126674,0.0,0.5189393627802329,0.7049386583230567,0.610233843095928,Banks—Regional,Financial Services,AX
2020Q3,2020,Q3,2020-04-29,2020-03-31,56057000.0,177978000.0,0.0,0.91,177978000.0,1.0,12159919000.0,1184452000.0,0.0,0.0,10975467000.0,0.0,964076000.0,1105347881.96,1280388881.96,19.42747175841343,0.0,0.06963738820957607,0.7149171093467697,0.0,19.42747175841343,0.04732737164528406,6.2105871622335345,4.929571159534046,0.9332145852765666,0.0013736018695256614,0.0,6.966132677023256e-05,0.014636446180274721,0.0,0.004609981365829822,12.361857854970028,1.0,0.3582089552238806,1.7129008601850588,2.0749441268683197,1.4353552425912384,0.39298879992486324,0.35747669209347377,0.0,0.45748485114538234,0.6978631353149453,0.5774549759737992,Banks—Regional,Financial Services,AX
2020Q2,2020,Q2,2020-01-29,2019-12-31,41295000.0,127767000.0,0.0,0.67,127767000.0,1.0,12269288000.0,1160752000.0,0.0,0.0,11108536000.0,0.0,908096000.0,1856636065.2,1403069065.2,18.930780899278634,0.0,0.02605962138960305,0.2754533268088274,0.0,18.930780899278634,0.03557607482046122,14.531420986639743,11.240077885942608,1.599511407432423,0.001888848528877588,0.0,4.2011464423210855e-05,0.010413562710403407,0.0,0.003365720977451992,17.794608482130023,1.0,0.015151515151515164,1.1144291844685794,1.3123037181094592,1.5561714533190882,0.040185295243057535,0.012479772470945913,0.0,0.35241909009654004,0.4523367499394116,0.6291984201724585,Banks—Regional,Financial Services,AX
2020Q1,2020,Q1,2019-10-30,2019-09-30,40786000.0,122831000.0,0.0,0.66,122831000.0,1.0,11770861000.0,1116240000.0,0.0,0.0,10654621000.0,0.0,866879000.0,1693470259.6,1863444259.6,18.225319178200465,0.0,0.053197552838318285,0.56097344657063,0.0,18.225319178200465,0.03653873718913495,13.786993996629514,10.380217841906536,1.51712020676557,0.0037758054234296083,0.0,9.093752850219821e-05,0.010435175472720305,0.0,0.00346499716545799,92.77763981811209,1.0,0.0,1.2077144987264732,1.3665367573505662,1.6158022015565698,0.007356438729148556,0.003740709750455284,0.0,0.48845845799504733,0.5327381576448137,0.6307356553455401,Banks—Regional,Financial Services,AX
2019Q4,2019,Q4,2019-08-28,2019-06-30,40634000.0,121934000.0,0.0,0.66,121934000.0,1.0,11220238000.0,1073050000.0,0.0,0.0,10147188000.0,0.0,826170000.0,1659764500.0,1776068500.0,17.462164361269323,0.0,0.055919402066159384,0.584715530497181,0.0,17.462164361269323,0.03786776012301384,13.611990913116932,10.211673106265689,1.546772750570803,0.0,0.0,0.0,0.010867327413197474,0.0,0.003621491807927782,22.274532302654535,1.0,0.04761904761904766,1.414945912720335,1.5657422812091184,1.7536907478550994,-0.2091041174791791,0.046701527523762915,0.0,0.43378315491586406,0.4842727304236058,0.646528447343835,Banks—Regional,Financial Services,AX
2019Q3,2019,Q3,2019-04-30,2019-03-31,38821000.0,154172000.0,0.0,0.63,154172000.0,1.0,10875561000.0,1039485000.0,0.0,0.0,9836076000.0,0.0,785613000.0,1804089889.55,2173234889.55,16.968574253046704,0.0,0.060500511192020344,0.6329836409375796,0.0,16.968574253046704,0.037346378254616466,11.701799869950445,11.618002431351588,1.7355612534572407,0.0019834625589242936,0.0,4.268080013419197e-05,0.014176004345890754,0.0,0.003569562986222044,343.24389070585994,1.0,0.01612903225806453,1.513548482285056,2.567947905798355,1.901936528704669,0.40652483304747655,-0.0003604995493755633,0.0,0.1378751060140613,0.7474617895370594,0.6749603751547104,Banks—Regional,Financial Services,AX
2019Q2,2019,Q2,2019-01-29,2018-12-31,38835000.0,109612000.0,0.0,0.62,109612000.0,1.0,9810096000.0,994401000.0,9473727000.0,0.0,8815695000.0,0.0,746869000.0,1569640095.22,1710318095.22,15.95207541923204,0.0,0.04048125522930662,0.3993610223642173,0.0,15.95207541923204,0.03905366145046113,14.31996583603985,10.104545482296897,1.578477993505638,0.0020084974893781384,0.0,4.969292020351172e-05,0.01117338709019769,0.0,0.003958676856984885,24.43628133418439,1.0,0.06896551724137938,1.704448215844797,1.616854047473798,1.9226697830745074,0.06603645134309778,0.054124480877283464,0.0,0.4259788914011178,0.42705130827532856,0.6757919608981366,Banks—Regional,Financial Services,AX
2019Q1,2019,Q1,2018-10-24,2018-09-30,36841000.0,102822000.0,0.0,0.58,102822000.0,1.0,9791520000.0,1000247000.0,9488155000.0,0.0,8791273000.0,0.0,708112000.0,2173355646.7799997,4274074646.7799997,15.928616524999093,0.0,0.26906833668317076,2.633937417457888,0.0,15.928616524999093,0.03683190252007754,21.137068397619185,14.748212906680058,2.172818960496757,0.0020900627018810565,0.0,3.542908410507118e-05,0.010501127506250306,0.0,0.0037625414644508717,53.88262419189289,1.0,0.0,1.731974916461976,1.6473787636301058,2.1972225558317304,-0.011564527757750541,-0.007435945793032842,0.0,0.46483999326010494,0.5127796470808272,0.7540113174281352,Banks—Regional,Financial Services,AX
2018Q4,2018,Q4,2018-08-23,2018-06-30,37117000.0,104025000.0,0.0,0.58,104025000.0,1.0,9539504000.0,960513000.0,9259205000.0,0.0,8578991000.0,0.0,671348000.0,2612597242.79,2501399242.79,15.040430337451172,0.0,0.053624590964058506,0.5325820681240129,0.0,15.040430337451172,0.03864289187132293,25.115090053256427,17.59703938080933,2.7200019601921053,0.002074521108925829,0.0,2.9472587178332735e-05,0.010904655000930866,0.0,0.0038908731523148374,56.95655641574013,1.0,-0.2750000000000001,1.9224583809463736,1.541808960189942,2.1382877014368145,-0.2580665867853475,-0.2758082453710027,0.0,0.4951515204940727,0.5589509702498183,0.7691343748432117,Banks—Regional,Financial Services,AX
2018Q3,2018,Q3,2018-04-26,2018-03-31,51253000.0,140208000.0,0.0,0.8,140208000.0,1.0,9982320000.0,921653000.0,9779616000.0,0.0,9060667000.0,0.0,634308000.0,2597801777.714223,2129637777.714223,14.379309264009702,0.0,0.10243390314075285,1.1094500858783078,0.0,14.379309264009702,0.05560986618608088,18.52819937317573,12.671462049607939,2.8186332358427983,0.0015023510818878896,0.0,2.9640444725444544e-05,0.014045632678575722,0.0,0.005134377579560663,53.220555963988836,1.0,0.6326530612244899,3.0877028219379916,2.5209690705825727,1.9328957053821374,0.3839229311433986,0.6189588729547034,0.0,1.3593649593409254,1.3041750183057785,0.8025364615846773,Banks—Regional,Financial Services,AX
2018Q2,2018,Q2,2018-01-30,2017-12-31,31658000.0,101312000.0,0.0,0.49,101312000.0,1.0,8915959000.0,873663000.0,8696468000.0,0.0,8042296000.0,0.0,583132000.0,1943031556.6999998,1922545556.6999998,13.444209698974674,0.0,0.06701500085408647,0.683905579153518,0.0,13.444209698974674,0.036235939944807095,19.178691139252997,15.343922205287763,2.2240057741943975,0.0024638322067092044,0.0,4.014345507206965e-05,0.01136299527622323,0.0,0.003550711706951546,174.21604561104633,1.0,-0.020000000000000018,1.638226561553004,1.6445355231256655,1.9313261352949243,0.07904995207157312,-0.022388290152240375,0.0,0.529471520759285,0.7300127930398617,0.8153347834829251,Banks—Regional,Financial Services,AX
2018Q1,2018,Q1,2017-10-25,2017-09-30,32383000.0,93890000.0,0.0,0.5,93890000.0,1.0,8581628000.0,866694000.0,8336120000.0,0.0,7714934000.0,0.0,551552000.0,1851833220.204925,1682143220.204925,13.324513808309083,0.0,0.05295953168792681,0.5243823079425957,0.0,13.324513808309083,0.03736382160254946,19.723434020714933,14.296337740519139,2.1366632516262087,0.0023777908161689777,0.0,4.158041834430378e-05,0.010940814493473732,0.0,0.003773526421793161,36.84287090314794,1.0,0.0,1.7008024065192306,1.4067998508383392,2.0262773086351036,0.019889418742328288,-0.005100003072291007,0.0,0.6505051902306415,0.7033058009073166,0.9124105434672155,Banks—Regional,Financial Services,AX
2017Q4,2017,Q4,2017-08-24,2017-06-30,32549000.0,92059000.0,0.0,0.5,92059000.0,1.0,8501680000.0,834247000.0,8205024000.0,0.0,7667433000.0,0.0,519246000.0,1540424175.058,1606715175.058,12.846031843799082,0.0,0.08168538453576234,0.8324429095939212,0.0,12.846031843799082,0.039016022832566374,16.73301008112189,11.831578351546899,1.8464845244370074,0.0023656640757012504,0.0,4.998623187480215e-05,0.01082833040057965,0.0,0.003828537418486699,29.351476221523573,1.0,-0.20634920634920637,1.8535543910671346,1.576640491034293,2.0317833832490355,-0.17603623117062125,-0.20600575694004,0.0,0.83042403707043,0.8329503072097398,1.0257511212859858,Banks—Regional,Financial Services,AX
2017Q3,2017,Q3,2017-04-25,2017-03-31,40994000.0,111727000.0,0.0,0.63,111727000.0,1.0,8700031000.0,800304000.0,8300719000.0,0.0,7899727000.0,0.0,486774000.0,1697989759.5876112,1658788759.5876112,12.315706029213546,0.0,0.11671797491296296,1.2688303444691018,0.0,12.315706029213546,0.05122303524660629,15.197667167180818,10.355111477213807,2.1216809607194405,0.0018783236571205543,0.0,4.534774109515296e-05,0.012842138148703148,0.0,0.0047119372333271,20.362275115274333,1.0,0.26,2.8659066995413545,2.2012977682260115,1.866050141528695,0.20057811542966442,0.2691640866873065,0.0,1.5021770987030314,1.4375208316313637,1.1062109679925594,Banks—Regional,Financial Services,AX
2017Q2,2017,Q2,2017-01-30,2016-12-31,32300000.0,93061000.0,0.0,0.5,93061000.0,1.0,8167876000.0,753671000.0,7758715000.0,0.0,7414205000.0,0.0,445857000.0,1851796902.13846,1889717902.13846,11.619690189286286,0.0,0.08832259451539176,0.957192196595066,0.0,11.619690189286286,0.042856896444204436,19.8987427831042,14.332793360204798,2.4570361631779116,0.002414860681114551,0.0,4.212124985732798e-05,0.011393537316188444,0.0,0.003954516449564122,116.5678523315158,1.0,0.11111111111111108,2.3423082480021304,1.8144839098774517,1.6828947296781795,0.1011572321090496,0.11776308959407551,0.0,1.1617973751170225,1.1352376378975089,1.1289090298539504,Banks—Regional,Financial Services,AX
2017Q1,2017,Q1,2016-10-27,2016-09-30,28897000.0,84512000.0,0.0,0.45,84512000.0,1.0,7855043000.0,721859000.0,7383297000.0,0.0,7133184000.0,0.0,413635000.0,1446801059.1999998,1573558059.1999998,11.176133371744216,0.0,0.09058015341227285,0.985664790492326,0.0,11.176133371744216,0.040031363465718374,17.119474858008328,12.51687942693013,2.004270999184051,0.0026646364674533687,0.0,5.322086233650996e-05,0.010758948105058114,0.0,0.0036787831715243318,22.83136958449715,1.0,-0.021739130434782625,1.992327305738654,1.4491314817176946,1.9330900227410321,-0.019241035163049786,-0.02792074545026407,0.0,1.0833702408247765,1.1155184342541868,1.243294993450561,Banks—Regional,Financial Services,AX
2016Q4,2016,Q4,2016-08-25,2016-06-30,29727000.0,86170000.0,0.0,0.46,86170000.0,1.0,7601354000.0,683590000.0,7111211000.0,0.0,6917764000.0,0.0,384815000.0,1141524940.163478,1439963940.163478,10.605443464665996,0.0,0.10327975779051995,1.1484457057593003,0.0,10.605443464665996,0.043486592840737866,13.24735917562351,9.60006845766036,1.6698970730459457,0.0025902378309281123,0.0,6.745362916816588e-05,0.01133613827220782,0.0,0.003910750637320667,10.866181262443508,1.0,-0.1785714285714286,2.6355417162917485,2.08759865842031,2.1360581833551806,-0.07217382877693194,-0.17227265133374173,0.0,1.319010249792474,1.0861108971463782,1.2128976396751843,Banks—Regional,Financial Services,AX
2016Q3,2016,Q3,2016-04-28,2016-03-31,35914000.0,92873000.0,0.0,0.56,92873000.0,1.0,7705622000.0,653289000.0,7191655000.0,0.0,7052333000.0,0.0,355165000.0,1376128359.1,1394829359.1,10.13073175028357,0.0,0.11863480975319059,1.399311790034732,0.0,10.13073175028357,0.05497413855123843,14.817313525997868,9.579330895333296,2.106461855472846,0.0021440106922091663,0.0,5.595408269208162e-05,0.012052628587283414,0.0,0.004660752889254106,46.13390858225217,1.0,0.2727272727272728,3.568146595638289,2.5812854983507383,2.0828566845127887,0.1698177375269237,0.2758534939074212,0.0,1.847008009459032,1.318161971135152,1.0663287156047845,Banks—Regional,Financial Services,AX
2016Q2,2016,Q2,2016-01-28,2015-12-31,28149000.0,79391000.0,0.0,0.44,79391000.0,1.0,6662215000.0,613330000.0,6196247000.0,0.0,6048885000.0,0.0,319328000.0,1356279495.218667,1835986495.218667,9.51912635425376,0.0,0.11454974058927848,1.2442812189196681,0.0,9.51912635425376,0.04589535812694634,17.083542154887418,12.045538875436668,2.211337282080881,0.0027709687733134393,0.0,5.7510270025445156e-05,0.01191660731453428,0.0,0.004225171358174421,54.59183284570388,1.0,0.09999999999999995,2.8190559982111387,2.2159575474124336,1.9797281384304493,0.15197991787222312,0.1038390651347006,0.0,1.365936770948786,1.0901205625163952,1.0755153699757314,Banks—Regional,Financial Services,AX
2016Q1,2016,Q1,2015-10-29,2015-09-30,25501000.0,68917000.0,0.0,0.4,68917000.0,1.0,6259648000.0,578217000.0,5854587000.0,0.0,5681431000.0,0.0,291257000.0,2050700351.5700002,2510144351.57,9.081250711856775,0.0,0.13198106347193964,1.4287974929827383,0.0,9.081250711856775,0.04410281952969214,29.756088506028995,20.1041170108035,3.546592977325122,0.0030194894317869887,0.0,3.754814785156173e-05,0.011009724508470764,0.0,0.004073871246434304,50.41176901030016,1.0,0.038961038961038995,2.5023138459506793,2.0041551922925485,1.890183980047333,0.051012627340938206,0.04533715925394548,0.0,1.1727120435770966,0.8047465874886164,1.062543020982927,Banks—Regional,Financial Services,AX
2015Q4,2015,Q4,2015-08-26,2015-06-30,24395000.0,65572000.0,0.0,0.385,65572000.0,1.0,5823719000.0,533526000.0,5416322000.0,0.0,5290193000.0,0.0,265833000.0,1658487599.1474998,2193868599.1475,8.501575997461538,0.0,0.1301839941109796,1.421027278895499,0.0,8.501575997461538,0.04572410716628618,25.29261878770664,16.996183635452958,3.1085412878613226,0.0031563845050215206,0.0,4.642784187206449e-05,0.011259471825477844,0.0,0.004188904031942475,84.38422708596214,1.0,0.1407407407407407,2.496987508981589,1.2750776390805376,1.7673745880419338,0.11080618657993258,0.1575875486381323,0.0,1.2131907141181533,0.8992210571424449,1.0064512647907355,Banks—Regional,Financial Services,AX
2015Q3,2015,Q3,2015-04-30,2015-03-31,21074000.0,59031000.0,0.0,0.3375,59031000.0,1.0,5528520000.0,496028000.0,5110339000.0,0.0,5032492000.0,0.0,241515000.0,1446311824.16,1806016824.16,7.977264022370074,0.0,0.10638561495662492,1.1857294346286904,0.0,7.977264022370074,0.04248550485053263,24.500886384442076,17.157538010819017,2.9157866575273976,0.003653791401727247,0.0,5.323886503155752e-05,0.010677541186429641,0.0,0.0038118700845795983,46.19328726157777,1.0,0.0714285714285715,0.6104085780963792,0.7701902021649434,1.5070067924142534,0.07705079550430594,0.08785876522816437,0.0,1.076928255365223,0.7676306435436298,0.8564293939862345,Banks—Regional,Financial Services,AX
2015Q2,2015,Q2,2015-01-29,2014-12-31,19372000.0,54808000.0,0.0,0.315,54808000.0,1.0,5194721000.0,450422000.0,4762876000.0,0.0,4744299000.0,0.0,220518000.0,1183086360.900752,1648202360.900752,7.405912023114787,0.0,0.1299694439797633,1.498938772972901,0.0,7.405912023114787,0.04300855642042351,21.5860159265208,15.267994539809417,2.6266176183684458,0.0040264298988230435,0.0,6.592925299266749e-05,0.010550711000648543,0.0,0.003729170440529915,477.6287286640097,1.0,0.050000000000000044,0.934228004133722,0.5336849935095579,1.431452038673318,0.09344824834410662,0.0858135754722269,0.0,1.1377880672420189,0.7677515208816047,0.7099666180080274,Banks—Regional,Financial Services,AX
2015Q1,2015,Q1,2014-11-04,2014-09-30,17841000.0,50124000.0,0.0,0.3,50124000.0,1.0,4824863000.0,412101000.0,4359383000.0,0.0,4412762000.0,0.0,201224000.0,1075146337.54,1957141337.54,6.967391940933161,0.0,0.22387267783561937,2.6210928874232287,0.0,6.967391940933161,0.04329278502114773,21.44973141688612,15.065668089512918,2.608938919196993,0.0043159015750238216,0.0,7.161815774416409e-05,0.010388688756551223,0.0,0.003697721572612528,18.683899929445293,1.0,0.10091743119266043,1.688536771349909,1.1669639308299853,1.47561167358708,0.10847210243481722,0.11436602123672704,0.0,1.017450576098272,0.5862323978100848,0.828538288398035,Banks—Regional,Financial Services,AX
2014Q4,2014,Q4,2014-08-28,2014-06-30,16010000.0,45219000.0,0.0,0.2725,45219000.0,1.0,4402999000.0,370778000.0,3925157000.0,0.0,4032221000.0,0.0,183460000.0,1073942673.9375,1833613673.9375,6.3413672631434475,0.0,0.20784810534819562,2.4682019968822315,0.0,6.3413672631434475,0.04317947666797922,23.74981034382671,16.76987310957995,2.8964573786403185,0.004809494066208619,0.0,7.169842661870159e-05,0.010270045484906992,0.0,0.0036361579914054036,-20.15923026556605,1.0,0.09000000000000008,1.5109926293096743,0.8684167188998013,1.3564628840923374,0.10627522935779816,0.09582477754962354,0.0,1.158465928514841,0.7861647776354574,0.8751593712699091,Banks—Regional,Financial Services,AX
2014Q3,2014,Q3,2014-05-06,2014-03-31,14610000.0,40875000.0,0.0,0.25,40875000.0,1.0,3850825000.0,338845000.0,0.0,0.0,3511980000.0,0.0,167527000.0,1242275084.75,1711032084.75,5.8473278395999,0.0,0.155071965098388,1.7623249568386725,0.0,5.8473278395999,0.04311705942244979,30.392051003058103,21.25727386635866,3.6662045618203014,0.005270362765229295,0.0,6.198305105305704e-05,0.010614608557906422,0.0,0.003793992196477378,34.56717359758473,1.0,0.09890109890109887,2.1213784387759937,1.5815278963891881,1.2052981362329962,0.06528537920250195,0.11068876387410674,0.0,1.067984894038817,0.7539940971730053,0.7793851580705111,Banks—Regional,Financial Services,AX
2014Q2,2014,Q2,2014-02-05,2013-12-31,13154000.0,38370000.0,0.0,0.2275,38370000.0,1.0,3568299000.0,311670000.0,0.0,0.0,3256629000.0,0.0,152994000.0,1119643543.15,1724975543.15,5.45804918215948,0.0,0.2057436890798669,2.3555523470337216,0.0,5.45804918215948,0.04220489620431867,29.180180952567113,21.279526059563633,3.5924007544839096,0.005853732704880645,0.0,6.877188768790517e-05,0.010753022658695361,0.0,0.003686350275018994,-47.44252301483051,1.0,0.07058823529411772,1.7310937885340698,1.504344669901346,1.1963893091202005,0.0935985863307302,0.07978985388277787,0.0,1.013679983451544,0.7537609442999638,0.7085079159339366,Banks—Regional,Financial Services,AX
2014Q1,2014,Q1,2013-11-05,2013-09-30,12182000.0,35086000.0,0.0,0.2125,35086000.0,1.0,3284182000.0,282617000.0,0.0,0.0,3001565000.0,0.0,139917000.0,919126095.442572,1385050095.442572,4.982016812043726,0.0,0.20131496975502575,2.3394027960101482,0.0,4.982016812043726,0.043104271859088446,26.19637734260309,18.862380878397882,3.252196773168535,0.006402889509111804,0.0,8.486321995073147e-05,0.010683329973795605,0.0,0.003709295039069089,15.554417685308625,1.0,0.08974358974358967,4.579103411818954,168.23470762773823,0.9037485694727896,-0.021883973125923446,0.09432267337405677,0.0,0.8778830506764536,0.7166507845446084,0.5855685120217563,Banks—Regional,Financial Services,AX
2013Q4,2013,Q4,2013-09-04,2013-06-30,11132000.0,35871000.0,0.0,0.195,35871000.0,1.0,3090771000.0,268262000.0,0.0,0.0,2822509000.0,0.0,127813000.0,643708866.0,1043016866.0,4.792559436333754,0.0,0.19269366769650678,2.2201131729428694,0.0,4.792559436333754,0.041496745718737654,17.94510512670402,14.456271694214875,2.399552922143278,0.059108875314408914,0.0,0.0010222012384089178,0.011605842037472204,0.0,0.0036016903225764706,22.585483526893793,1.0,0.054054054054054106,2.3834924911588384,1.966504188250739,0.7468846842009986,0.08581547402833273,0.07017881176696789,0.0,0.7890849105982686,0.3953584035572968,0.5600410088377389,Banks—Regional,Financial Services,AX
2013Q3,2013,Q3,2013-05-08,2013-03-31,10402000.0,33036000.0,0.0,0.185,33036000.0,1.0,2961663000.0,260704000.0,0.0,0.0,2700959000.0,0.0,116758000.0,478174856.61,802342856.61,4.902768699760556,0.0,0.15705872005018803,1.7842265557874064,0.0,4.902768699760556,0.03989965631520805,14.47435696240465,11.492377826619881,1.8341677021066036,0.031147856181503557,0.0,0.0006775764043659342,0.011154543916711659,0.0,0.003512215940841345,23.901572358792365,1.0,0.0571428571428572,6.113410439062006,3.0461519159827666,1.358871640650372,0.059355459355459356,0.0649058149058149,0.0,-0.07049466781411778,0.1584390432612471,0.5407882198042042,Banks—Regional,Financial Services,AX
2013Q2,2013,Q2,2013-02-06,2012-12-31,9768000.0,31185000.0,0.0,0.175,31185000.0,1.0,2874322000.0,242613000.0,0.0,0.0,2631709000.0,0.0,106705000.0,367776459.71999997,871520459.72,4.5863916461216405,0.0,0.18514105239426898,2.19343151438711,0.0,4.5863916461216405,0.04026165127177851,11.793376935064934,9.41278817874693,1.515897580591312,0.007985257985257985,0.0,0.00021208535222559896,0.010849515120435358,0.0,0.003398366640898271,-125.69256996582364,1.0,0.04477611940298495,9.551754345825579,4.827892598254134,1.218529195304861,0.06629966491144088,0.08666147513627767,0.0,0.12133911851609747,0.0033121642959721372,0.5057688078539432,Banks—Regional,Financial Services,AX
2013Q1,2013,Q1,2012-11-08,2012-09-30,8989000.0,29246000.0,0.0,0.1675,29246000.0,1.0,2617319000.0,214706000.0,0.0,0.0,2402613000.0,0.0,97269000.0,319162003.16,705000003.1600001,4.4029388087764625,0.0,0.15632599618158888,1.905652380464449,0.0,4.4029388087764625,0.04186655240188909,10.91301385351843,8.876460205807097,1.4865071453988246,0.008566025141840027,0.0,0.00024125678883334654,0.011174029608160106,0.0,0.0034344304228869312,-9.458053138539043,1.0,0.04687500000000004,8.216793417997547,5.569028884966896,1.182971134931582,0.09012971522290145,0.04950379451255108,0.0,0.643009456940574,0.5335725704212508,0.5644256567597001,Banks—Regional,Financial Services,AX
2012Q4,2012,Q4,2012-09-12,2012-06-30,8565000.0,26828000.0,0.0,0.16,26828000.0,1.0,2386845000.0,206620000.0,0.0,0.0,2180225000.0,0.0,88357000.0,240895385.12,647412385.12,4.237120605243415,0.0,0.1789621864846691,2.0673458522892267,0.0,4.237120605243415,0.04145290872132417,8.979252464589235,7.031388941039113,1.1658860958280903,0.044133099824868655,0.0,0.0015691458755496808,0.01123994226688369,0.0,0.0035884190217630387,-26.730513217931648,1.0,0.10344827586206906,6.256847751478244,5.326468528655799,1.175346455063114,0.05613731202267538,0.10974345685410729,0.0,0.6106864056921966,0.3291396338836874,0.5745212392460525,Banks—Regional,Financial Services,AX
2012Q3,2012,Q3,2012-05-03,2012-03-31,7718000.0,25402000.0,0.0,0.145,25402000.0,1.0,2278030000.0,203239000.0,0.0,0.0,2074791000.0,0.0,80170000.0,201957224.98,558179224.98,4.2971006859791325,0.0,0.15985522578719333,1.7917574874900979,0.0,4.2971006859791325,0.037974994956676625,7.950445830249587,6.541760332339984,0.9936932625135922,0.05649131899455818,0.0,0.0021588729991867217,0.011150862806898943,0.0,0.0033880150832078593,-3.2730005344872293,1.0,0.07407407407407393,5.596286766735414,5.044619657305701,1.051209439078326,0.11475841488568043,0.15885885885885886,0.0,1.0202871545806602,0.9656178464064349,0.6206356807665717,Banks—Regional,Financial Services,AX
2012Q2,2012,Q2,2012-02-02,2011-12-31,6660000.0,22787000.0,0.0,0.135,22787000.0,1.0,2223797000.0,193596000.0,0.0,0.0,2030201000.0,0.0,72839000.0,181592888.75,507951888.75,4.331027252299273,0.0,0.15071294726991719,1.7312082894274674,0.0,4.331027252299273,0.03440153722184343,7.969144194058016,6.816549878003003,0.9379991774106903,0.01156156156156156,0.0,0.00042402541492693777,0.010246888542434404,0.0,0.002994877679932116,-3.430423317779961,1.0,-0.06896551724137918,4.973709487346843,4.725155643172949,0.9618748221887109,-0.023860520904729267,0.019439767335068116,0.0,0.7664652525034228,0.8999472616186327,0.7428611646725187,Banks—Regional,Financial Services,AX
2012Q1,2012,Q1,2011-11-08,2011-09-30,6533000.0,23344000.0,0.0,0.145,23344000.0,1.0,2097042000.0,166493000.0,0.0,0.0,1930549000.0,0.0,66559000.0,147033015.46,431776015.46000004,3.8103615249080875,0.0,0.13931766745730415,1.7547584583135627,0.0,3.8103615249080875,0.039238886920170815,6.298535617717615,5.626550415582429,0.8831183020307161,0.01193938466248278,0.0,0.000530493098818474,0.011131870510938741,0.0,0.0031153405606563914,2.268677911742015,1.0,0.2083333333333333,6.475717250041904,6.109371567778795,1.0060478606483036,0.23389185474919394,0.1786036442359733,0.0,3.491905722585176,145.45451764209113,0.4560308758256077,Banks—Regional,Financial Services,AX
2011Q4,2011,Q4,2011-09-13,2011-06-30,5543000.0,18919000.0,0.0,0.12,18919000.0,1.0,1940087000.0,147766000.0,0.0,0.0,1792321000.0,0.0,60152000.0,157410531.41,464245531.40999997,3.381775096187638,0.0,0.16115514407343587,2.115879160293978,0.0,3.381775096187638,0.03751201223556163,8.32023528780591,7.0995188259967525,1.0652689482695614,0.013891394551686812,0.0,0.0004891667622888688,0.009751624540548955,0.0,0.0028570883676866036,-25.23008998397179,1.0,0.0,4.619683066177957,4.948498816268555,0.795692439253465,0.08729885057471265,0.05080568720379147,0.0,1.1582351075581927,1.00429440421716,0.23265474313277573,Banks—Regional,Financial Services,AX
2011Q3,2011,Q3,2011-05-05,2011-03-31,5275000.0,17400000.0,0.0,0.12,17400000.0,1.0,1736178000.0,142184000.0,0.0,0.0,1593994000.0,0.0,54686000.0,167878458.72,354673458.72,3.286150731941864,0.0,0.11010103802720689,1.3444199065998987,0.0,3.286150731941864,0.03709981432509987,9.64818728275862,7.956325057819905,1.1807127294210318,0.014786729857819906,0.0,0.00046462184960903246,0.010022013871849545,0.0,0.003038282941034848,12.559172493454028,1.0,0.0666666666666666,3.908034652986247,3.6351783873475747,0.566086535457107,0.054417646345897464,0.07063121574994925,0.0,3.433293912659408,1.6190694669236543,0.581067401539604,Banks—Regional,Financial Services,AX
2011Q2,2011,Q2,2011-02-03,2010-12-31,4927000.0,16502000.0,0.0,0.1125,16502000.0,1.0,1660835000.0,137592000.0,0.0,0.0,1523243000.0,0.0,49487000.0,167003102.97,430761102.97,3.194629144680257,0.0,0.16206004810833105,1.9561820454677596,0.0,3.194629144680257,0.035808767951625096,10.120173492303962,8.47387370458697,1.21375590855573,0.01562817130099452,0.0,0.00046106927734050596,0.009935965944840999,0.0,0.0029665800636426857,65.72337779220778,1.0,0.0,4.567259041689889,3.9714947028229584,0.6908437078511265,0.08394640042038885,0.019660596026490066,0.0,5.5368990704773635,2.7876738035764568,0.5453058902281488,Banks—Regional,Financial Services,AX
2011Q1,2011,Q1,2010-11-12,2010-09-30,4832000.0,15224000.0,0.0,0.1125,15224000.0,1.0,1517993000.0,132767000.0,0.0,0.0,1385226000.0,0.0,44637000.0,125389362.24,376180362.24,3.1421012553353265,0.0,0.1680870728652899,1.9218254536142265,0.0,3.1421012553353265,0.03639458600405221,8.236295470310036,6.487446307947019,0.9444316904049952,0.01593543046357616,0.0,0.0006140871811168405,0.01002903175442838,0.0,0.0031831503834339157,-14.405946948529412,1.0,0.02272727272727275,2.9830670010752813,2.6902004948916254,0.3397860007994681,-0.2155003607131815,0.028741750053225462,0.0,4.717773718537098,2.946344880475688,0.5578495730526388,Banks—Regional,Financial Services,AX
2010Q4,2010,Q4,2010-09-21,2010-06-30,4697000.0,19406000.0,0.0,0.11,19406000.0,1.0,1421081000.0,129808000.0,0.0,0.0,1291273000.0,0.0,39882000.0,149157354.23999998,331477354.24,3.0720727270524155,0.0,0.1324020235299747,1.4494792308640454,0.0,3.0720727270524155,0.03618421052631579,7.686146255797175,7.938969248456462,1.1490613385923827,0.04002554822226954,0.0,0.0012604138827610248,0.013655801463815223,0.0,0.003305230314105952,-41.317826659279774,1.0,-0.4285714285714286,2.9227906733619196,4.055320625581775,0.3186270072517904,0.061365127980748196,-0.34536585365853656,0.0,3.5927496212356083,4.2812976755501095,0.5772084722392814,Banks—Regional,Financial Services,AX
2010Q3,2010,Q3,2010-04-29,2010-03-31,7175000.0,18284000.0,0.0,0.1925,18284000.0,1.0,1401143000.0,108483000.0,0.0,0.0,1292660000.0,0.0,35277000.0,118728329.23,302309329.23,3.181987398880539,0.0,0.13356952145498355,1.7251550934247761,0.0,3.181987398880539,0.06613939511259828,6.4935642764165395,4.136875582926829,1.0944417948434317,0.02411149825783972,0.0,0.0014571080139169242,0.01304934614097205,0.0,0.005120819216882217,76.10790335256411,1.0,0.2622950819672132,3.436962755157699,2.843465723145877,-0.14773299379177876,-0.07637906647807638,0.2932588320115357,0.0,7.507166785288063,5.035879603080174,0.5189131148144914,Banks—Regional,Financial Services,AX
2010Q2,2010,Q2,2010-02-04,2009-12-31,5548000.0,19796000.0,0.0,0.1525,19796000.0,1.0,1345313000.0,102618000.0,0.0,0.0,1242695000.0,0.0,28275000.0,84226880.0,310192880.0,3.0458803650331108,0.0,0.17032987862304164,2.2330098033483403,0.0,3.0458803650331108,0.05406458905844978,4.254742372196404,3.795371304974766,0.8207807597107719,0.031182408074981974,0.0,0.002053976117837916,0.014714791279055506,0.0,0.004123947363922002,-9.055680034404903,1.0,0.48780487804878053,4.080517120261787,3.5572214018328863,0.6794886401673784,0.5316054158607351,0.4962243797195254,0.0,5.602388566357266,5.598912187530516,0.37972717589921673,Banks—Regional,Financial Services,AX
2010Q1,2010,Q1,2009-11-04,2009-09-30,3708000.0,12925000.0,0.0,0.1025,12925000.0,1.0,1324069000.0,93016000.0,0.0,0.0,1231053000.0,0.0,22900000.0,69570005.82,396362005.82,2.814412298693696,0.0,0.2500949723919222,3.560064935064935,0.0,2.814412298693696,0.03986410940053324,5.382592326499032,4.690534372977346,0.7479359015653221,0.020765911542610573,0.0,0.001106798814983914,0.0097615758695355,0.0,0.002800458284273705,-17.097568400098304,1.0,0.024999999999999883,2.9077829898174015,3.005454157241946,0.20006005276403896,-0.055190058479532164,0.02885682574916759,0.0,4.609701988666586,4.204108544880702,0.4817086866614188,Banks—Regional,Financial Services,AX
2009Q4,2009,Q4,2009-09-25,2009-06-30,3604000.0,13680000.0,0.0,0.1,13680000.0,1.0,1302208000.0,88939000.0,0.0,0.0,1213269000.0,0.0,19365000.0,50318448.39,475016448.39,2.6910533180691347,0.0,0.32877927335725166,4.8138499420951435,0.0,2.6910533180691347,0.0405221556347609,3.6782491513157893,3.4904584066315203,0.565763595160728,0.04800221975582686,0.0,0.003438102833758702,0.010505234186858014,0.0,0.0027676070182336464,-13.707013998910378,1.0,0.3333333333333335,2.848215482118423,3.5561582686259365,0.15508189370412628,0.558974358974359,0.38936006168080184,0.0,3.83071685906609,4.686632408043068,0.4289253304669124,Banks—Regional,Financial Services,AX
2009Q3,2009,Q3,2009-05-06,2009-03-31,2594000.0,8775000.0,0.0,0.075,8775000.0,1.0,1249189000.0,85153000.0,0.0,0.0,1164036000.0,0.0,15934000.0,43355439.0,374912439.0,2.651490854469263,0.0,0.269082580778409,3.9474240484774463,0.0,2.651490854469263,0.030462813993634985,4.9407907692307695,4.178434753276793,0.5091475226944442,0.06669236700077101,0.0,0.0039902721317156995,0.0070245575329273635,0.0,0.0020765472638647957,19.51189873987399,1.0,-0.06250000000000006,0.702892611594085,0.9581787642921404,-0.2898217719774711,-0.0009108505066605943,-0.060485331401666065,0.0,2.2516856641627503,2.1493270098390815,0.263625580442618,Banks—Regional,Financial Services,AX
2009Q2,2009,Q2,2009-02-04,2008-12-31,2761000.0,8783000.0,0.0,0.08,8783000.0,1.0,1220451000.0,81345000.0,0.0,0.0,1139106000.0,0.0,13513000.0,38871952.75,405540952.75,2.4850099021588257,0.0,0.30491351148059204,4.574737230315324,0.0,2.4850099021588257,0.03394185260311021,4.4258172321530225,3.519734946577327,0.47786529903497454,0.06157189424121695,0.0,0.004373333161144059,0.007196519974992851,0.0,0.0022622784528014642,-3.90672891959799,1.0,2.3333333333333335,1.6022309529094028,1.081006951003807,0.3702264702487181,79.41964285714286,2.519537699504678,0.0,3.1048308710620844,2.481474954063939,0.31525856890457266,Banks—Regional,Financial Services,AX
2009Q1,2009,Q1,2008-11-06,2008-09-30,-1817000.0,-112000.0,0.0,-0.06,-112000.0,1.0,1170915000.0,79250000.0,0.0,0.0,1091665000.0,0.0,10925000.0,49134707.792500004,442781707.7925,2.61695104696699,0.0,0.34001443315697555,5.02369716088328,0.0,2.61695104696699,-0.022927444794952682,-438.7027481473215,-6.760416592253716,0.6199963128391167,-0.04292790313703908,0.0,0.0015874725525874816,-9.565169119876336e-05,0.0,-0.0015517778831085091,47.381588999517845,1.0,-2.016949152542373,-3.0898345620102243,-1.0378796104262265,0.11586295048588634,-1.0171201467441149,-2.0207865168539327,0.0,-3.0898345620102243,-1.0378796104262265,0.11586295048588634,Banks—Regional,Financial Services,AX
2008Q4,2008,Q4,2008-09-23,2008-06-30,1780000.0,6542000.0,0.0,0.059,6542000.0,1.0,1194245000.0,83082000.0,0.0,0.0,1111163000.0,0.0,14975000.0,55948457.7175,453875457.7175,2.7434892982222268,0.0,0.33839036378632525,4.864122192532679,0.0,2.7434892982222268,0.021424616643797693,8.552194698486701,7.857929454705055,0.6734125047242483,0.0449438202247191,0.0,0.001429887494020715,0.005477937944056706,0.0,0.0014904814338766333,22.13151017306171,1.0,1.1454545454545455,1.0742489068576924,1.3778776869826663,0.17758901047018266,0.1509500351864884,0.7485265225933202,0.0,1.0742489068576924,1.3778776869826663,0.17758901047018266,Banks—Regional,Financial Services,AX
2008Q3,2008,Q3,2008-05-06,2008-03-31,1018000.0,5684000.0,0.0,0.0275,5684000.0,1.0,1110104000.0,76940000.0,0.0,0.0,1033164000.0,0.0,13275000.0,55619818.455,356542818.455,2.078438103740481,0.0,0.2770938578727759,3.9979594489212373,0.0,2.078438103740481,0.013231089160384716,9.785330481175228,13.659090976178781,0.722898602222511,0.07662082514734773,0.0,0.0014023778244279422,0.005120240986430101,0.0,0.0009170311970770306,13.787758665096678,1.0,0.5714285714285713,-0.42022457793493073,0.10040869635688454,-0.4433088512898618,0.5104969439277173,0.5637480798771122,0.0,-0.42022457793493073,0.10040869635688454,-0.4433088512898618,Banks—Regional,Financial Services,AX
2008Q2,2008,Q2,2008-02-12,2007-12-31,651000.0,3763000.0,0.0,0.0175,3763000.0,1.0,1040184000.0,76904000.0,0.0,0.0,963280000.0,0.0,12335000.0,66495000.0,290646000.0,2.0673118279569893,0.0,0.22359986310114363,3.024355040049932,0.0,2.0673118279569893,0.00846509934463747,17.670741429710336,25.535714285714285,0.8646494330593988,0.11827956989247312,0.0,0.0011579818031430935,0.0036176291886820026,0.0,0.0006258508110103597,39.0,1.0,-0.12499999999999993,-0.46009143100511063,-0.2154427023554604,0.13990909511630742,0.10351906158357771,-0.1285140562248996,0.0,-0.46009143100511063,-0.2154427023554604,0.13990909511630742,Banks—Regional,Financial Services,AX
2008Q1,2008,Q1,2007-11-07,2007-09-30,747000.0,3410000.0,0.0,0.02,3410000.0,1.0,1024713000.0,75333000.0,0.0,0.0,949380000.0,0.0,11761000.0,67043250.0,285699250.0,2.0169477911646587,0.0,0.22695818243742394,3.0871862264877277,0.0,2.0169477911646587,0.0099159730795269,19.660777126099706,22.4375,0.8899585838875392,0.10307898259705489,0.0,0.0011485123409142608,0.0033277610413842704,0.0,0.0007289846034938564,80.29131736526946,1.0,-0.16666666666666666,-0.3033884869976359,-0.06490674113439043,-0.13997729692596095,0.049876847290640396,-0.1736725663716814,0.0,-0.3033884869976359,-0.06490674113439043,-0.13997729692596095,Banks—Regional,Financial Services,AX
2007Q4,2007,Q4,2007-09-27,2007-06-30,904000.0,3248000.0,0.0,0.024,3248000.0,1.0,947163000.0,72750000.0,0.0,0.0,874413000.0,0.0,11091000.0,67603500.0,286735500.0,1.9477911646586346,0.0,0.24541393614404278,3.195147766323024,0.0,1.9477911646586346,0.012426116838487973,20.813885467980295,18.69565818584071,0.9292577319587629,0.08517699115044247,0.0,0.0011389942828403856,0.0034291880067105662,0.0,0.0009544291742815123,-348.4716494845361,1.0,0.06666666666666674,-0.14587317035006298,-0.04278816757754464,-0.16394881814219742,0.04909560723514212,0.048723897911832945,0.0,-0.14587317035006298,-0.04278816757754464,-0.16394881814219742,Banks—Regional,Financial Services,AX
2007Q3,2007,Q3,2007-05-02,2007-03-31,862000.0,3096000.0,0.0,0.0225,3096000.0,1.0,846976000.0,72996000.0,0.0,0.0,773980000.0,0.0,10264000.0,62023110.32,294847110.32,2.0949107410065144,0.0,0.2932999282152033,3.403172776590498,0.0,2.0949107410065144,0.011808866239245985,20.033304366925066,17.988141044083527,0.849678205929092,0.09048723897911833,0.0,0.001257595750963945,0.0036553574127248,0.0,0.0010177384010881063,-81.39515790026246,1.0,0.0,-0.4784441322073529,-0.36323022063188354,-0.43889680199890124,0.07462686567164178,0.06815365551425032,0.0,-0.4784441322073529,-0.36323022063188354,-0.43889680199890124,Banks—Regional,Financial Services,AX
2007Q2,2007,Q2,2007-01-30,2006-12-31,807000.0,2881000.0,0.0,0.0225,2881000.0,1.0,803368000.0,71428000.0,0.0,0.0,731940000.0,0.0,9480000.0,,,,,,,,,,,,,,,,,,,,,,,,,,,,,,,Banks—Regional,Financial Services,AX
2007Q1,2007,Q1,2006-11-06,2006-09-30,746000.0,2803000.0,0.0,0.02,2803000.0,1.0,766223000.0,70849000.0,0.0,0.0,695374000.0,0.0,8752000.0,,,,,,,,,,,,,,,,,,,,,,,,,,,,,,,Banks—Regional,Financial Services,AX
