Year,Date,FillingDate,NetIncome,Revenue,OperatingIncome,EPSDiluted,GrossProfit,GrossProfitRatio,TotalAssets,CommonStockEquity,CurrentAssets,CurrentLiability,TotalLiability,Inventory,RetainedEarnings,EnterpriseValue,bookValuePerShare,currentRatio,debtToAssets,debtToEquity,roic,shareholdersEquityPerShare,roe,priceToSalesRatio,peRatio,pbRatio,payoutRatio,inventoryTurnover,dividendYield,assetTurnover,quickRatio,returnOnAssets,priceToFreeCashFlowsRatio,grossProfitMargin,epsdilutedGrowth,fiveYNetIncomeGrowthPerShare,fiveYRevenueGrowthPerShare,fiveYShareholdersEquityGrowthPerShare,grossProfitGrowth,netIncomeGrowth,operatingIncomeGrowth,threeYNetIncomeGrowthPerShare,threeYRevenueGrowthPerShare,threeYShareholdersEquityGrowthPerShare,Industry,Sector,Price,MarketCap,AvgVolume,Symbol
2022,2022-06-30,2022-09-08,240716000.0,705337000.0,392529000.0,3.97,705337000.0,1.0,17455605000.0,1642973000.0,1882522000.0,774626000.0,15812632000.0,0.0,1428444000.0,1494078992.1000001,27.60203150258353,2.430233428777242,0.032238584683830784,0.34251567128613797,0.12600865398288885,27.60203150258353,0.14651245029589652,3.0253935240884857,8.864894697901262,1.2988174438046152,0.0,0.0,0.0,0.04040747943139181,2.5005125053896977,0.013790183726086836,11.565596739943418,1.0,0.11516853932584273,0.9491628218329669,1.0179126841845072,1.1486984814819938,0.11453880929318276,0.11593967743281396,0.01991612621601397,0.6136031749264137,0.5013671592390251,0.5922118112436483,Banks—Regional,Financial Services,40.4,2388149040,475383,AX
2021,2021-06-30,2021-08-26,215707000.0,632851000.0,384864000.0,3.56,632851000.0,1.0,14265565000.0,1400936000.0,1272774000.0,744986000.0,12864629000.0,0.0,1187728000.0,2606890273.05,23.65267507345791,1.708453581678045,0.040296896758032365,0.4103385165346597,0.13742740414329277,23.65267507345791,0.1539734862977324,4.341711197501466,12.73790963227897,1.9613003542274594,0.0004774995711775696,0.0,3.7486493856695616e-05,0.04436214058118273,1.708453581678045,0.015120817156558468,6.832501393900211,1.0,0.1946308724832215,0.9634871751149371,1.0992265385016766,1.2253283664419328,0.10563289237370455,0.17591229734297148,-0.056382091894277446,0.5400428973209017,0.5670819850492297,0.5870840982728629,Banks—Regional,Financial Services,40.4,2388149040,475383,AX
2020,2020-06-30,2020-08-26,183438000.0,572388000.0,407860000.0,2.98,572388000.0,1.0,13851900000.0,1230846000.0,2164370000.0,702078000.0,12621054000.0,0.0,1009299000.0,64155774.39999986,20.245990779930867,3.082805614191016,0.04549852366823324,0.5120388740752295,0.15306859826666852,20.245990779930867,0.14903407899932242,2.3451640747185474,7.317697393124652,1.090586291380075,0.0021042532081684273,0.0,0.00028755674020429983,0.041321984709678815,3.082805614191016,0.01324280423624196,5.278624976995493,1.0,0.20161290322580647,1.2308468549918612,1.5074543045851931,1.3197412978204472,0.1716297539607811,0.18247158852840503,0.10504811860586093,0.45431057825998583,0.6033226194141076,0.5760626039740625,Banks—Regional,Financial Services,40.4,2388149040,475383,AX
2019,2019-06-30,2019-08-28,155131000.0,488540000.0,369088000.0,2.48,488540000.0,1.0,11220238000.0,1073050000.0,941830000.0,338230000.0,10147188000.0,0.0,826170000.0,1788181053.47,17.335653025349732,2.7845844543653726,0.055919402066159384,0.584715530497181,0.1582243702586157,17.335653025349732,0.14457015050556823,3.422190718201171,10.777195102655176,1.5580607180187318,0.0014955102461790357,0.0,0.00013876618470148947,0.04354096588681987,2.7845844543653726,0.013825999056348003,9.069578621290123,1.0,0.05084745762711869,1.5761014336986914,1.8451744784529693,1.6891623992070979,0.11174576444752922,0.017846480897048114,0.0,0.3512033056014285,0.5506587793735468,0.6310003121547898,Banks—Regional,Financial Services,40.4,2388149040,475383,AX
2018,2018-06-30,2018-08-23,152411000.0,439435000.0,0.0,2.36,439435000.0,1.0,9539504000.0,960513000.0,9259205000.0,0.0,8578991000.0,0.0,671348000.0,2525451500.0,14.90322730799069,0.0,0.053624590964058506,0.5325820681240129,0.0,14.90322730799069,0.158676665490212,6.000089888151831,17.299601078662302,2.7450430134730084,0.002027412719554363,0.0,0.00011719418906456852,0.04606476395418462,0.0,0.015976826468126645,16.890988353470256,1.0,0.14009661835748796,2.087714490733906,1.7733033314566569,1.9226240847334852,0.15228695271384707,0.13114887932314087,0.0,0.7483908524232851,0.8158455819504078,0.7075791564333362,Banks—Regional,Financial Services,40.4,2388149040,475383,AX
2017,2017-06-30,2017-08-24,134740000.0,381359000.0,0.0,2.07,381359000.0,1.0,8501680000.0,834247000.0,8205024000.0,0.0,7667433000.0,0.0,519246000.0,1606727319.697488,12.845930567022107,0.0,0.08168538453576234,0.8324429095939212,0.0,12.845930567022107,0.16151091942793921,4.039333855232178,11.432657857336263,1.8464990820434333,0.002293305625649399,0.0,0.00020059251787875375,0.044856898871752406,0.0,0.015848632270327748,7.160623633114956,1.0,0.11891891891891877,2.241297742632414,1.7491725335258692,1.8629464706329961,0.1649849855354039,0.12950683622402362,0.0,1.1326106807432792,1.116866382640634,0.9927021735579556,Banks—Regional,Financial Services,40.4,2388149040,475383,AX
2016,2016-06-30,2016-08-25,119291000.0,327351000.0,0.0,1.85,327351000.0,1.0,7601354000.0,683590000.0,7111211000.0,0.0,6917764000.0,0.0,384815000.0,1437450413.135405,10.628847153589321,0.0,0.10327975779051995,1.1484457057593003,0.0,10.628847153589321,0.17450664872218727,3.479480475500014,9.54817558018128,1.6662201219084611,0.0025903043817220076,0.0,0.0002712878874052742,0.04306482766096672,0.0,0.015693388309503807,5.68354788121756,1.0,0.378026070763501,2.8805228416871502,2.2204126275902096,2.0969059455032024,0.4261485176552596,0.4427686800029027,0.0,1.4218201324035744,1.0702833210677174,1.0843891086177952,Banks—Regional,Financial Services,40.4,2388149040,475383,AX
2015,2015-06-30,2015-08-26,82682000.0,229535000.0,0.0,1.3425,229535000.0,1.0,5823719000.0,533526000.0,5416322000.0,0.0,5290193000.0,0.0,265833000.0,2150900444.0275,8.72769338501381,0.0,0.1301839941109796,1.421027278895499,0.0,8.72769338501381,0.1549727660882506,7.0382270417474455,19.538949759651434,3.0280050907125426,0.003737210033622796,0.0,0.0001912697498890271,0.039413817871363645,0.0,0.014197456985819543,14.556196279024192,1.0,0.3948051948051948,1.271189151729624,1.0502967215152992,1.3853650399602762,0.43862189129562773,0.47762527700335977,0.0,1.1130332563405527,0.7578826858833613,0.9451233091309322,Banks—Regional,Financial Services,40.4,2388149040,475383,AX
2014,2014-06-30,2014-08-28,55956000.0,159552000.0,0.0,0.9625,159552000.0,1.0,4402999000.0,370778000.0,3925157000.0,0.0,4032221000.0,0.0,183460000.0,1816101254.5325,6.446487958652541,0.0,0.20784810534819562,2.4682019968822315,0.0,6.446487958652541,0.1509151028378167,6.6212285307141245,18.879659992360068,2.849225829290033,0.005522196011151619,0.0,0.0002924944630033728,0.036237119290737974,0.0,0.012708610653783932,58.18628852899868,1.0,0.33217993079584773,3.4307262323381216,1.8988586552301978,1.3575983357100379,0.23360497301643754,0.38879650542304733,0.0,1.035391628046742,0.755168673133006,0.8783003084228221,Banks—Regional,Financial Services,40.4,2388149040,475383,AX
2013,2013-06-30,2013-09-04,40291000.0,129338000.0,0.0,0.7225,129338000.0,1.0,3090771000.0,268262000.0,0.0,0.0,2822509000.0,0.0,127813000.0,1004300000.0,5.099262469586375,0.0,0.19269366769650678,2.2201131729428694,0.0,5.099262469586375,0.15019272204039336,4.677604416335493,15.015561787992356,2.2552280979042876,0.028219701670348218,0.0,0.001879363694065376,0.04184651661349223,0.0,0.013035905927679534,51.114565731666104,1.0,0.240343347639485,4.61242910301985,2.896952381550382,0.8872547040816708,0.31493173107227457,0.366908671461528,0.0,0.2860406455725259,0.3424504276982469,0.3936789353093885,Banks—Regional,Financial Services,40.4,2388149040,475383,AX
2012,2012-06-30,2012-09-12,29476000.0,98361000.0,0.0,0.5825,98361000.0,1.0,2386845000.0,206620000.0,0.0,0.0,2180225000.0,0.0,88357000.0,633998961.2,4.48696149187235,0.0,0.1789621864846691,2.0673458522892267,0.0,4.48696149187235,0.14265801955280225,2.3127251776618785,7.7175315918035015,1.100967772722873,0.03287420274121319,0.0,0.004259678415327465,0.04120963028600517,0.0,0.012349356577406576,-3.865979422861222,1.0,0.24598930481283418,5.443653783272271,4.933356158841522,1.0606786042291778,0.44548620806207473,0.43233393264978864,0.0,1.9151947265602658,1.2321248886527545,0.6409637330408374,Banks—Regional,Financial Services,40.4,2388149040,475383,AX
2011,2011-06-30,2011-09-13,20579000.0,68047000.0,0.0,0.4675,68047000.0,1.0,1940087000.0,147766000.0,0.0,0.0,1792321000.0,0.0,60152000.0,461938058.11,3.432085875589059,0.0,0.16115514407343587,2.115879160293978,0.0,3.432085875589059,0.1392674904917234,2.2793518907519803,7.536957972204674,1.0496532227305333,0.015015306866222848,0.0,0.0019922237753742765,0.03507420028070906,0.0,0.010607256272527985,160.72855762694303,1.0,-0.15765765765765768,3.860481316693347,3.6464048252624757,0.6226472166248449,0.04731196035276192,-0.02598447557743279,0.0,2.5026965045441223,1.5052055284467991,0.2702268714642393,Banks—Regional,Financial Services,40.4,2388149040,475383,AX
2010,2010-06-30,2010-09-21,21128000.0,64973000.0,0.0,0.555,64973000.0,1.0,1421081000.0,129808000.0,0.0,0.0,1291273000.0,0.0,39882000.0,307556676.36,3.6588502131980407,0.0,0.1324020235299747,1.4494792308640454,0.0,3.6588502131980407,0.16276346604215455,1.927518759484709,5.927521599772813,0.9647839606187599,0.028918970087088224,0.0,0.004878762498005341,0.04572082801754439,0.0,0.014867555051401011,-8.121704044098573,1.0,1.8461538461538463,2.759164102284922,2.358267476409046,-0.03478433454285909,1.0874188781083338,1.9582749929991599,0.0,4.994945302565367,4.087138827934321,0.6803608330657513,Banks—Regional,Financial Services,40.4,2388149040,475383,AX
2009,2009-06-30,2009-09-25,7142000.0,31126000.0,0.0,0.195,31126000.0,1.0,1302208000.0,88939000.0,0.0,0.0,1213269000.0,0.0,19365000.0,474219772.86,2.7343453127740065,0.0,0.32877927335725166,4.8138499420951435,0.0,2.7343453127740065,0.08030222961805282,1.59100985863908,6.933880266031924,0.5568060452669807,0.08316998039764771,0.0,0.011994724051565387,0.02390247948100457,0.0,0.005484530889074557,-4.779171285466126,1.0,0.6956521739130435,0.8261380084727441,1.2422241404654497,0.5573937734323904,0.6045156966853962,0.702097235462345,0.0,1.2328129659806708,1.8132534772886786,0.2927642174170302,Banks—Regional,Financial Services,40.4,2388149040,475383,AX
2008,2008-06-30,2008-09-23,4196000.0,19399000.0,0.0,0.115,19399000.0,1.0,1194245000.0,83082000.0,0.0,0.0,1111163000.0,0.0,14975000.0,454735659.26,2.701947150301396,0.0,0.33839036378632525,4.864122192532679,0.0,2.701947150301396,0.050504321032233214,2.928432355276045,13.538765314585318,0.6837661498278809,0.07435653002859867,0.0,0.005492120463045056,0.016243735581894837,0.0,0.0035135169081721086,6.241338086134915,1.0,0.2777777777777779,0.4098120237452579,0.7517320166189946,1.1102206063190958,0.6128200864649151,0.2642362157276288,0.0,-0.13861934998620717,0.15688034356653588,-0.28721823394112594,Banks—Regional,Financial Services,40.4,2388149040,475383,AX
TTM,,,,,,,,,,,,,,,,488457040.0,30.77064060426926,3.5182336333290443,0.021449786808843643,0.2301009053719313,0.20049664325862146,30.77064060426926,0.1592434666626909,2.8235520621993953,8.718595681028429,1.3129398415707574,0.0,0.0,0.0,0.04275479905680182,4.4310446360312765,0.014037925778874753,10.353456746234752,1.0,,,,,,,,,,,Banks—Regional,Financial Services,40.4,2388149040,475383,AX
