Quarters,Year,Quarter,FillingDate,Date,NetIncome,Revenue,OperatingIncome,EPSDiluted,GrossProfit,GrossProfitRatio,TotalAssets,CommonStockEquity,CurrentAssets,CurrentLiability,TotalLiability,Inventory,RetainedEarnings,MarketCap,EnterpriseValue,bookValuePerShare,currentRatio,debtToAssets,debtToEquity,roic,shareholdersEquityPerShare,roe,priceToSalesRatio,peRatio,pbRatio,payoutRatio,inventoryTurnover,dividendYield,assetTurnover,quickRatio,returnOnAssets,priceToFreeCashFlowsRatio,grossProfitMargin,epsdilutedGrowth,fiveYNetIncomeGrowthPerShare,fiveYRevenueGrowthPerShare,fiveYShareholdersEquityGrowthPerShare,grossProfitGrowth,netIncomeGrowth,operatingIncomeGrowth,threeYNetIncomeGrowthPerShare,threeYRevenueGrowthPerShare,threeYShareholdersEquityGrowthPerShare,Industry,Sector,Symbol
2023Q1,2023,Q1,2023-05-09,2023-03-31,-192183000.0,117356000.0,-122815000.0,-0.77,28914000.0,0.2463785405,1691663000.0,-36656000.0,504268000.0,190180000.0,1728319000.0,19070000.0,-5021324000.0,337374450.0,1796006450.0,-0.14667856442596647,2.651530129351141,0.9575364596849373,-44.19000982103885,-0.069803654005787,-0.14667856442596647,5.242879746835443,2.8747950679982277,-0.4388713491828102,-9.203798832387603,0.0,4.637755637126377,0.0,0.06937315529156812,2.441318750657272,-0.11360596052523464,-9.444444599966408,0.2463785405092198,-0.878048780487805,-0.15782252087843113,-0.07709880133434294,-1.0782330047827615,-0.023505572441742655,-0.9253533967159903,0.06928014428942762,0.22235723384573403,-0.2717741135426448,-1.0448095676637688,Diagnostics & Research,Healthcare,NVTA
2022Q4,2022,Q4,2023-02-28,2022-12-31,-99817000.0,122454000.0,-131957000.0,-0.41,29610000.0,0.241805086,1954116000.0,101836000.0,693130000.0,108093000.0,1852280000.0,30386000.0,-4829141000.0,453743280.0,1947257280.0,0.4174496204109072,6.412348625720444,0.896058882891292,17.19434188302761,-0.062286249180342035,0.4174496204109072,-0.9801740052633646,3.705418197853888,-1.1364378813228209,4.4556274794768065,0.0,3.055486079115382,0.0,0.06266465245666071,5.950875634869973,-0.05108038622067472,-5.218379087072029,0.24180508599147435,0.6771653543307087,0.4743689566698481,0.028046608857157016,-0.8217079882696855,0.7858866103739445,0.6685538392062585,0.19894493380036302,0.48192136212563835,-0.2625994381561133,-0.8929281968762731,Diagnostics & Research,Healthcare,NVTA
2022Q3,2022,Q3,2022-11-08,2022-09-30,-301156000.0,133536000.0,-164729000.0,-1.27,16580000.0,0.1241612749,2026255000.0,158866000.0,729676000.0,113321000.0,1867389000.0,29902000.0,-4729324000.0,585416040.0,2120085040.0,0.6675771302747359,6.4390183637631155,0.8645002726705178,11.0262611257286,-0.07918107423387663,0.6675771302747359,-1.8956604937494492,4.383956685837527,-0.4859740798788668,3.6849674568504276,0.0,3.911310280248813,0.0,0.06590286020268919,5.957368890143927,-0.14862690036545254,-4.1780514855442235,0.12416127486220944,0.8831646734130635,-1.227019550849972,0.49102307278132495,-0.743274519131005,-0.3691499885853436,0.8806575572200244,0.19436497107169232,-0.5367458363562685,-0.05094964790854113,-0.8420202500729956,Diagnostics & Research,Healthcare,NVTA
2022Q2,2022,Q2,2022-08-09,2022-06-30,-2523461000.0,136622000.0,-204471000.0,-10.87,26282000.0,0.1923701893,2290526000.0,385905000.0,894247000.0,139251000.0,1904621000.0,49073000.0,-4428168000.0,566365480.0,2015575480.0,1.6625451819556516,6.4218353907691865,0.7652547930038777,4.542143791865874,-0.08853366137735891,1.6625451819556516,-6.53907308793615,4.145492526825841,-0.05610998941533076,1.4676292870006868,0.0,2.248486948016221,0.0,0.05964656153215462,5.812159338173514,-1.1016949818513302,-3.755465317516627,0.1923701892813749,-12.587499999999997,-15.456134661758956,0.7747470514882878,0.07000958881876494,-0.011025399811853246,-12.875920355880105,0.040398162183978716,-19.29372810951171,0.0001150627187591312,-0.5576500268869194,Diagnostics & Research,Healthcare,NVTA
2022Q1,2022,Q1,2022-05-03,2022-03-31,-181859000.0,123691000.0,-213079000.0,-0.8,26575000.0,0.2148499082,4767765000.0,2843933000.0,1030605000.0,167900000.0,1923832000.0,43457000.0,-1904707000.0,1820905900.0,3224145900.0,12.447730555433974,6.138207266229899,0.36255373324817813,0.607810029279874,-0.037874529842889595,12.447730555433974,-0.06394630253244363,14.721409803461853,-2.5031836477710754,0.6402773553385399,0.0,2.2347607980302366,0.0,0.025943183021814205,5.688570577724836,-0.03814344876477763,-10.813558325563719,0.21484990823907965,0.11111111111111108,-0.25091571438654625,1.2161488203624062,5.40062156935334,-0.11460936198567383,0.11341920009360192,0.060514805735348585,-0.6767959267506345,0.05958753305538235,2.122397148193618,Diagnostics & Research,Healthcare,NVTA
2021Q4,2021,Q4,2022-03-01,2021-12-31,-205124000.0,126121000.0,-226804000.0,-0.9,30015000.0,0.2379857438,4919567000.0,2978398000.0,1178805000.0,144095000.0,1941169000.0,33516000.0,-1722848000.0,3463984230.0,4129241230.0,13.129429708748992,8.180748811547938,0.3228956938689929,0.533342756743726,-0.047877194300386144,13.129429708748992,-0.06887058076187266,27.465562673940106,-4.221817327567715,1.1630360448805028,0.0,2.867466284759518,0.0,0.02563660582323607,7.714341233214199,-0.04169553946516025,-17.754461597601292,0.2379857438491607,0.010989010989010999,-0.318988673764758,1.1818229673275529,3.8032928070481735,0.12609739626322503,-0.03505974487324399,-0.1732536003972852,-1.275411279007005,-0.07953037566512652,5.091950244930946,Diagnostics & Research,Healthcare,NVTA
2021Q3,2021,Q3,2021-11-09,2021-09-30,-198176000.0,114395000.0,-193312000.0,-0.91,26654000.0,0.2329996940425718,5071039000.0,3106717000.0,1365564000.0,156173000.0,1964322000.0,30633000.0,-1517724000.0,6208657120.0,7004073120.0,14.225936881822845,8.743918603087602,0.33859924958179183,0.552689543334652,-0.037802479808558276,14.225936881822845,-0.06378952444010833,54.27385043052581,-7.8322515339899885,1.998462402594121,0.0,2.864264028988346,0.0,0.02255849343694655,8.327495789925274,-0.039079959747893876,-34.41014637174322,0.2329996940425718,-2.367632338211771,-0.17435385621135446,1.6971677753215684,5.489070223613951,-0.01211963974648827,-2.4812910169972944,-2.5030985389824973,-1.006785826834564,-0.016544641096633148,4.56308348497388,Diagnostics & Research,Healthcare,NVTA
2021Q2,2021,Q2,2021-08-09,2021-06-30,133786000.0,116312000.0,128609000.0,0.6653835059134812,26981000.0,0.23197090583946625,4995463000.0,2653985000.0,1644003000.0,133641000.0,2341478000.0,29982000.0,-1319548000.0,6781956179.999999,7384736179.999999,13.19957128505068,12.301636473836622,0.3424157080134514,0.6445119320568881,0.03257916582633975,13.19957128505068,0.05040947857655563,58.30831023454157,12.673142518649184,2.5553860251659293,0.0,2.9794876926155696,0.0,0.023283527472828844,11.86710665140189,0.026781501534492397,-47.41035302835411,0.23197090583946625,2.1881848319883592,1.8610856302871523,2.332898851401193,3.578899993295303,-0.0408460718094561,2.221879224052899,2.1445747748389166,2.4245649718788194,0.05142719592888127,5.455373210342417,Diagnostics & Research,Healthcare,NVTA
2021Q1,2021,Q1,2021-05-04,2021-03-31,-109492000.0,103621000.0,-112364000.0,-0.56,28130000.0,0.27147006880844615,3873314000.0,2376289000.0,779735000.0,145784000.0,1497025000.0,30656000.0,-1453334000.0,7412740000.0,7762659000.0,12.24891237113402,5.348563628381715,0.14048357556345806,0.22898603663106634,-0.035089592893021236,12.24891237113402,-0.04607688711263655,71.5370436494533,-16.925300478573778,3.1194606379947896,0.0,2.462519572025052,0.0,0.026752543171041646,4.919538495308127,-0.028268299445900848,-77.25547414826318,0.27147006880844615,0.582089552238806,0.2950166738835644,3.3168606917525776,2.419244609044963,-0.12566437696204893,0.5327603717706902,0.6610263573094246,0.1502599181862293,0.04972219983387276,5.533123799409865,Diagnostics & Research,Healthcare,NVTA
2020Q4,2020,Q4,2021-02-26,2020-12-31,-234338000.0,100431000.0,-331483000.0,-1.34,32173000.0,0.3203492945405303,3430485000.0,1976293000.0,453932000.0,121745000.0,1454192000.0,32030000.0,-1360847000.0,7519946600.0,7791460600.0,10.98795174024241,3.7285473736087726,0.11552535574415862,0.20053099413902695,-0.0927958883117605,10.98795174024241,-0.1185745231096806,74.87674721948403,-8.02254286543369,3.8050767775830816,0.0,2.13106462691227,0.0,0.02927603531279105,3.299535915232658,-0.0683104575592081,-61.40937642908473,0.3203492945405303,-0.717948717948718,-0.7077645050606777,4.640347205158653,1.535438657312411,0.45678062033054107,-1.27729295834872,-3.1013449141952165,-0.6737164525569405,0.14358984089238755,3.692935206492864,Diagnostics & Research,Healthcare,NVTA
2020Q3,2020,Q3,2020-11-05,2020-09-30,-102902000.0,68728000.0,-80823000.0,-0.78,22085000.0,0.32133919217786056,913172000.0,416551000.0,415104000.0,101440000.0,496621000.0,0.0,-1126509000.0,5743181400.0,5968677400.0,3.144160804323541,4.09211356466877,0.3064811448445638,0.6718745123646325,-0.10798241242620073,3.144160804323541,-0.24703337646530676,83.56392445582587,-13.953036384132476,13.787462759662082,0.0,0.0,0.0,0.07526292965618744,3.830954258675079,-0.11268632853394542,-87.94667013766596,0.32133919217786056,0.3953488372093023,-0.09825852968400055,6.555601622279047,-0.37833835487480727,5.818462488422353,0.38160970655577126,0.4311524331020115,-0.3668548680802868,0.3784333930389834,0.20912799107904792,Diagnostics & Research,Healthcare,NVTA
2020Q2,2020,Q2,2020-08-04,2020-06-30,-166403000.0,46191000.0,-142082000.0,-1.29,3239000.0,0.07012188521573466,969875000.0,464195000.0,471122000.0,126897000.0,505680000.0,0.0,-1023607000.0,3908106670.0,4269928670.0,3.5977693899537293,3.7126330803722705,0.28466761180564504,0.5947759023686167,-0.17694577630453118,3.5977693899537293,-0.3584765023319941,84.60753545062892,-5.871448636743328,8.419105483686812,0.0,0.0,0.0,0.04762572496455729,3.5465062215812826,-0.1715715942776131,-57.969157185873,0.07012188521573466,-0.2524271844660194,-0.6912132223593133,5.323184545104521,-0.37341481764534046,-0.8640560731973475,-0.6889076090817745,-0.45301889879734925,-0.9522354750779629,0.07947602782786563,1.3155146623328389,Diagnostics & Research,Healthcare,NVTA
2020Q1,2020,Q1,2020-05-11,2020-03-31,-98527000.0,64248000.0,-97784000.0,-1.03,23826000.0,0.3708442286141203,790888000.0,326133000.0,357427000.0,121270000.0,464755000.0,0.0,-857204000.0,1361969440.0,1748524440.0,3.2733760237674643,2.947365383029603,0.3444065404962523,0.8352022027823005,-0.15071493416317175,3.2733760237674643,-0.3021068091852097,21.19862781720832,-3.455827945639266,4.176116615000629,0.0,0.0,0.0,0.08123526972213511,2.7405129050878205,-0.1245776898878223,-20.576353884969254,0.3708442286141203,-0.30379746835443033,0.09458521745331605,7.953154041567842,-0.7293302900932682,-0.1940328800487112,-0.2811520707366231,-0.23720836074700136,-0.5540995772613151,1.6396768680304752,0.6831695616341728,Diagnostics & Research,Healthcare,NVTA
2019Q4,2019,Q4,2020-03-02,2019-12-31,-76905000.0,66285000.0,-79036000.0,-0.79,29562000.0,0.44598325412989365,781601000.0,379640000.0,442398000.0,81860000.0,401961000.0,0.0,-758677000.0,1570642620.0,1928444620.0,3.8987820157331528,5.404324456388957,0.34385191421198286,0.7079206616794859,-0.10522101642821922,3.8987820157331528,-0.20257349067537667,23.695294863091195,-5.105788375268188,4.137189495311347,0.0,0.0,0.0,0.08480669804670157,5.18404593207916,-0.09839419345676374,-29.203328561069483,0.44598325412989365,0.03658536585365844,-0.5377440707785532,22.183020870223498,2.3901229125696934,0.21200442786273627,0.02289504110180797,-0.0266682254523726,-0.15205449936650017,1.6714141540037577,0.42633701751271197,Diagnostics & Research,Healthcare,NVTA
2019Q3,2019,Q3,2019-11-06,2019-09-30,-78707000.0,56511000.0,-76983000.0,-0.82,24391000.0,0.4316150837889968,790387000.0,403881000.0,508529000.0,68936000.0,386506000.0,0.0,-681772000.0,1841768790.0,1640250790.0,4.225713299224709,7.37682778229082,0.33552424318719815,0.6566142007175381,-0.09621532825234615,4.225713299224709,-0.1948767087335131,32.59133248394118,-5.8500793766755175,4.560176859025307,0.0,0.0,0.0,0.07149788647839603,7.166821399559011,-0.09958033216639443,-44.48501980580648,0.4316150837889968,-0.5185185185185184,0.02864638040574228,27.380664336810682,-0.03471195564095301,-0.04232596489850406,-0.6169570219409977,-0.4836950237058166,-0.06568462668356262,2.0443973406783966,0.9275321246901902,Diagnostics & Research,Healthcare,NVTA
2019Q2,2019,Q2,2019-08-06,2019-06-30,-48676000.0,53475000.0,-51886000.0,-0.54,25469000.0,0.47627863487611033,502902000.0,341503000.0,287919000.0,40092000.0,161399000.0,0.0,-603065000.0,2161630770.0,1990614770.0,3.7584385283338655,7.181457647410955,0.1495003002573066,0.22015619189289698,-0.10214313389396967,3.7584385283338655,-0.1425346190223805,40.42320280504909,-11.102138476867449,6.329756312536054,0.0,0.0,0.0,0.10633284417242325,6.75803152748678,-0.09679022950793593,-55.73367977310816,0.47627863487611033,-0.1489361702127661,0.2436321519475693,28.093895805422523,0.0,0.31970568423234363,-0.29192876290575154,-0.43303781036816086,0.3067304561513062,2.390782786960787,0.30379341726648124,Diagnostics & Research,Healthcare,NVTA
2019Q1,2019,Q1,2019-05-07,2019-03-31,-37677000.0,40553000.0,-36207000.0,-0.47,19299000.0,0.47589574137548396,476499000.0,316412000.0,321485000.0,41600000.0,160087000.0,0.0,-554389000.0,1873108400.0,1724148400.0,3.9865942622434454,7.728004807692308,0.1570370556916174,0.23648913441968067,-0.08207821766018027,3.9865942622434454,-0.11907576198121436,46.18914506941533,-12.4287257478037,5.919839955501056,0.0,0.0,0.0,0.08510615971911799,7.329711538461538,-0.07907047024233,-60.17052361066495,0.47589574137548396,-0.17499999999999988,0.21801567142051792,63.430978220694556,0.0,-0.2030146603345034,-0.26259173620186993,-0.3977378011117974,0.40704246358185353,3.1294676080371544,0.11284500424289443,Diagnostics & Research,Healthcare,NVTA
2018Q4,2018,Q4,2019-02-28,2018-12-31,-29841000.0,45356000.0,-25904000.0,-0.4,24215000.0,0.5338874680306905,282959000.0,161839000.0,165439000.0,36312000.0,121120000.0,0.0,-516712000.0,830517520.0,806563520.0,2.155209609545624,4.55604207975325,0.2632077438780883,0.46019191912950524,-0.09882781317690502,2.155209609545624,-0.1843869524651042,18.31108386982979,-6.957855969974196,5.131751431978695,0.0,0.0,0.0,0.16029177371986755,4.190928618638466,-0.1054605084128796,-48.32804887983707,0.5338874680306905,0.11111111111111108,0.2727555872888408,101.13228681968299,1.860237289361745,0.43072378138847855,0.059326041042776535,0.1396878113583527,0.4791177552202631,5.101178287478064,-0.5026915035820307,Diagnostics & Research,Healthcare,NVTA
2018Q3,2018,Q3,2018-11-07,2018-09-30,-31723000.0,37366000.0,-30110000.0,-0.45,16925000.0,0.4529518813894985,284400000.0,179395000.0,167326000.0,42857000.0,105005000.0,0.0,-486871000.0,1149102929.52,1106172929.52,2.5572035581072425,3.904286347621159,0.20565752461322082,0.32603472783522397,-0.1245944782838983,2.5572035581072425,-0.17683324507372,30.752634200074933,-9.055755520600195,6.405434541207948,0.0,0.0,0.0,0.13138537271448664,3.608908696362321,-0.1115436005625879,-59.681257376129636,0.4529518813894985,0.042553191489361625,0.46660785575023317,24.5666916976483,-0.41585293491486497,0.003914822943235067,-0.0016418805847620852,-0.0013968338432885459,0.3605988427848989,6.757653044787534,-0.4943912001361621,Diagnostics & Research,Healthcare,NVTA
2018Q2,2018,Q2,2018-08-09,2018-06-30,-31671000.0,37306000.0,-30068000.0,-0.47,16859000.0,0.4519112207151665,239076000.0,138647000.0,122513000.0,32656000.0,100429000.0,0.0,-455148000.0,498378554.09999996,508446554.09999996,2.044741776339609,3.7516229789318962,0.245260921213338,0.42291575007032245,-0.14920233221684653,2.044741776339609,-0.2284290320021349,13.359206403795636,-3.934029191531685,3.594585920358897,0.0,0.0,0.0,0.15604243002225235,3.3746325330720235,-0.13247251919891584,-18.47351746237675,0.4519112207151665,0.28787878787878796,0.3405300387684973,26.198492704158028,0.0,0.7570609692548202,0.12317275747508305,0.17565455791638107,0.38751688711762594,8.717449839829815,-0.6438890990696816,Diagnostics & Research,Healthcare,NVTA
2018Q1,2018,Q1,2018-05-10,2018-03-31,-36120000.0,27671000.0,-36475000.0,-0.66,9595000.0,0.34675291821762855,208388000.0,101960000.0,89215000.0,35245000.0,106428000.0,0.0,-423477000.0,255050412.19000003,331687412.19000006,1.8748936568813315,2.5312810327706057,0.2809854694128261,0.5742840329540997,-0.2206754271332462,1.8748936568813315,-0.35425657120439386,9.21724593220339,-1.7652990876937984,2.5014752078265987,0.0,0.0,0.0,0.1327859569648924,2.1693573556532844,-0.1733305180720579,-7.3347255684007715,0.34675291821762855,0.15384615384615383,-0.09412564524676827,63.16442595789166,0.0,0.14910179640718563,0.10799397426715729,-0.04539852684073257,0.39188498813930533,6.06458995603926,-0.8449683389475172,Diagnostics & Research,Healthcare,NVTA
2017Q4,2017,Q4,2018-03-06,2017-12-31,-40493000.0,25399000.0,-34891000.0,-0.78,8350000.0,0.32875310051576834,211078000.0,121794000.0,86681000.0,33387000.0,89284000.0,0.0,-398598000.0,472323503.56,551961503.56,2.3413815142898495,2.596250037439722,0.18516377831891528,0.32090250751268534,-0.2377570757231898,2.3413815142898495,-0.33247122189927253,18.596145657703058,-2.9160811965030993,3.8780523142355126,0.0,0.0,0.0,0.12032992543040961,2.2488393686165273,-0.1918390358066686,-13.967869394055892,0.32875310051576834,-0.3684210526315791,-0.4245803082207036,81.5628907481019,1.9345465416883667,0.7131719327041445,-0.4777388511787461,-0.1263881714876033,-0.5156493584187611,15.62879140659338,1.8348268964376528,Diagnostics & Research,Healthcare,NVTA
2017Q3,2017,Q3,2017-11-09,2017-09-30,-27402000.0,18148000.0,-30976000.0,-0.57,4874000.0,0.2685695393431783,213238000.0,125394000.0,90947000.0,34801000.0,87844000.0,0.0,-358105000.0,451839165.52,500060165.52,2.600353996864827,2.6133444441251688,0.18303491872930716,0.31125891190966076,-0.15645496398383907,2.600353996864827,-0.21852720225848127,24.897463385497023,-4.122319224144223,3.60335554747436,0.0,0.0,0.0,0.08510678209324792,2.3863969426165914,-0.12850430035922303,-17.695588843111146,0.2685695393431783,0.13636363636363646,0.32972136236013366,17.064562496136475,-0.40599599486898313,0.2672906916276651,0.04044542493959449,-0.10333036509349955,0.32972136236013366,17.064562496136475,-0.40599599486898313,Diagnostics & Research,Healthcare,NVTA
2017Q2,2017,Q2,2017-08-09,2017-06-30,-28557000.0,14336000.0,-28075000.0,-0.66,3846000.0,0.26827566964285715,139208000.0,67164000.0,86206000.0,19655000.0,72044000.0,0.0,-330703000.0,413245999.64000005,472246999.64000005,1.553766619784235,4.3859577715594,0.27997672547554736,0.5802959919004228,-0.2510960328089738,1.553766619784235,-0.4251831338216902,28.82575332310268,-3.6177294502223627,6.152790179858258,0.0,0.0,0.0,0.10298258720763175,3.964792673619944,-0.2051390724670996,-18.840430365642383,0.26827566964285715,-0.03125000000000003,0.06724611978158045,15.39514960950209,0.0,2.811694747274529,-0.06049465240641711,-0.026996378534586824,0.06724611978158045,15.39514960950209,0.0,Diagnostics & Research,Healthcare,NVTA
2017Q1,2017,Q1,2017-05-09,2017-03-31,-26928000.0,10338000.0,-27337000.0,-0.64,1009000.0,0.0976010833816986,152622000.0,82299000.0,107395000.0,19712000.0,70323000.0,0.0,-302146000.0,468038584.16,516862584.16,1.9447690229078143,5.4482041396103895,0.2550156596034648,0.4729219067060353,-0.2093459869038949,1.9447690229078143,-0.3271971712900521,45.27361038498743,-4.34527800207962,5.687050682997364,0.0,0.0,0.0,0.06773597515430278,5.012834821428571,-0.1764359004599599,-20.024754381551364,0.0976010833816986,0.07246376811594193,-0.048214617391657374,29.8058108002181,0.0,-0.05079962370649106,-0.08370895041854476,-0.09558352035908946,-0.048214617391657374,29.8058108002181,0.0,Diagnostics & Research,Healthcare,NVTA
2016Q4,2016,Q4,2017-03-16,2016-12-31,-24848000.0,9236000.0,-24952000.0,-0.69,1063000.0,0.11509311390212212,130651000.0,99074000.0,101800000.0,14753000.0,31577000.0,0.0,-275218000.0,287788476.0,233065476.0,2.7334227239870437,6.9002914661424795,0.09262845290124071,0.12215111936532289,-0.22130180663586133,2.7334227239870437,-0.2508024305064901,31.159427890861846,-2.8954893351577593,2.904783051052749,0.0,0.0,0.0,0.07069214931382078,6.27824849183217,-0.1901860682275681,-13.352594812787084,0.11509311390212212,0.10389610389610399,-0.25458252386246605,42.087669847258354,2.0910271299589036,2.100414078674948,0.004925713828040527,-0.0018469445113627238,-0.25458252386246605,42.087669847258354,2.0910271299589036,Diagnostics & Research,Healthcare,NVTA
2016Q3,2016,Q3,2016-11-07,2016-09-30,-24971000.0,6276000.0,-24906000.0,-0.77,-966000.0,-0.15391969407265774,101698000.0,70844000.0,74964000.0,13314000.0,30854000.0,0.0,-250370000.0,283079732.88,258279732.88,2.19229202206106,5.630464173050924,0.12728863891128636,0.18272542487719495,-0.29040156709108716,2.19229202206106,-0.35247868556264467,45.10511996175908,-2.8340848672460055,3.9958180351194175,0.0,0.0,0.0,0.06171212806544868,5.013369385609133,-0.24554071859820253,-14.020094739240255,-0.15391969407265774,0.0,0.088516813255405,8.322260257423064,-0.4992103986260688,-0.07932960893854749,-0.004990542117760696,-0.033958817668548656,0.088516813255405,8.322260257423064,-0.4992103986260688,Diagnostics & Research,Healthcare,NVTA
2016Q2,2016,Q2,2016-08-08,2016-06-30,-24847000.0,5581000.0,-24088000.0,-0.77,-895000.0,-0.1603655258914173,121193000.0,92693000.0,96751000.0,12267000.0,28500000.0,0.0,-225399000.0,237625316.98,217163316.98,2.88269481848878,7.887095459362517,0.09179573077653,0.12001985047414583,-0.22684509403222616,2.88269481848878,-0.26805691907695295,42.57755186884071,-2.390885388376866,2.5635734842976277,0.0,0.0,0.0,0.04605051446865743,6.952474117551153,-0.2050200919195003,-11.223034854767864,-0.1603655258914173,0.03750000000000003,-0.09101554332452844,7.580288869373389,0.0,0.5595472440944882,0.029034779210629153,0.04805564337654126,-0.09101554332452844,7.580288869373389,0.0,Diagnostics & Research,Healthcare,NVTA
2016Q1,2016,Q1,2016-05-09,2016-03-31,-25590000.0,3955000.0,-25304000.0,-0.8,-2032000.0,-0.5137800252844501,139026000.0,114508000.0,114718000.0,10577000.0,24518000.0,0.0,-200552000.0,326997254.43,308837254.43,3.5823445736323887,10.845986574643094,0.0658437990016256,0.07994201278513291,-0.2001550363069719,3.5823445736323887,-0.22347783560973905,82.67945750442478,-3.194580445779602,2.8556716948160825,0.0,0.0,0.0,0.02844791621711047,9.81989221896568,-0.18406628975875017,-13.066823353846154,-0.5137800252844501,-0.05263157894736847,-0.31878638949962884,14.602732443110337,0.0,0.13347547974413645,-0.050492610837438424,-0.04170268823844222,-0.31878638949962884,14.602732443110337,0.0,Diagnostics & Research,Healthcare,NVTA
2015Q4,2015,Q4,2016-03-10,2015-12-31,-24360000.0,3161000.0,-24291000.0,-0.76,-2345000.0,-0.7418538437203417,156676000.0,138376000.0,131310000.0,10877000.0,18300000.0,0.0,-174962000.0,262144224.49000004,195946224.49000004,4.333747814624608,12.072262572400478,0.04493349332380198,0.05087587442909175,-0.1634876834028806,4.333747814624608,-0.17604208822339135,82.93078914583994,-2.690314290743022,1.894434182878534,0.0,0.0,0.0,0.020175393806326433,11.677668474763262,-0.15548009905792845,-11.955861739031288,-0.7418538437203417,-0.07042253521126768,-0.39617815734664885,15.739764354911129,2.729786029311567,-0.3286118980169972,-0.081369023838061,-0.08171535447096544,-0.39617815734664885,15.739764354911129,2.729786029311567,Diagnostics & Research,Healthcare,NVTA
2015Q3,2015,Q3,2015-11-10,2015-09-30,-22527000.0,2187000.0,-22456000.0,-0.71,-1765000.0,-0.8070416095107453,175672000.0,161101000.0,150519000.0,8457000.0,14571000.0,0.0,-150602000.0,229977187.12,185766187.12,5.057672174210389,17.798155374246186,0.027255339496334078,0.029720485906356883,-0.1324564249270062,5.057672174210389,-0.1398315342549084,105.15646416095107,-2.552239391840902,1.427534199787711,0.0,0.0,0.0,0.012449337401521016,17.411848173111032,-0.12823329841978232,-9.844071017892304,-0.8070416095107453,0.06578947368421058,0.1657942150543712,2.2956735174985536,0.1553340551874251,0.14527845036319612,0.07135790254761316,0.06918134715025907,0.1657942150543712,2.2956735174985536,0.1553340551874251,Diagnostics & Research,Healthcare,NVTA
2015Q2,2015,Q2,2015-08-10,2015-06-30,-24258000.0,1801000.0,-24125000.0,-0.76,-2065000.0,-1.1465852304275403,194844000.0,182647000.0,174075000.0,9439000.0,12197000.0,0.0,-128075000.0,473328083.04,429938083.04,5.741867971460137,18.442101917576014,0.0,0.0,-0.12916610895462455,5.741867971460137,-0.1328135693441447,262.8140383342588,-4.878061701706654,2.5914911443385327,0.0,0.0,0.0,0.009243292069553079,18.108486068439454,-0.12449959967974379,-21.006927172022014,-1.1465852304275403,0.30275229357798167,-0.07671533689803516,1.7989331720218447,0.0,-0.048223350253807105,-0.30160433546171594,-0.29669443697930664,-0.07671533689803516,1.7989331720218447,0.0,Diagnostics & Research,Healthcare,NVTA
2015Q1,2015,Q1,2015-05-15,2015-03-31,-18637000.0,1229000.0,-18605000.0,-1.09,-1970000.0,-1.6029292107404394,218215000.0,206359000.0,188222000.0,9653000.0,11856000.0,0.0,-103817000.0,285983639.88000005,220927639.88000005,12.093617807827169,19.498808660520044,0.0,0.0,-0.08877829047512252,12.093617807827169,-0.09031348281393106,232.6962082017901,-3.8362349074421855,1.3858549415339287,0.0,0.0,0.0,0.005632060124189446,19.095928726820677,-0.08540659441376625,-14.818572976838182,-1.6029292107404394,-1.0981349697502836,-0.7992084127293467,8.082540721707398,0.0,-0.32570659488559894,-0.21770663181966676,-0.21736570045148204,-0.7992084127293467,8.082540721707398,0.0,Diagnostics & Research,Healthcare,NVTA
2014Q4,2014,Q4,2014-12-31,2014-12-31,-15305000.0,875000.0,-15283000.0,-0.519509,-1486000.0,-1.6982857142857142,128778000.0,-83576000.0,109643000.0,7623000.0,212354000.0,0.0,-85180000.0,508077792.20000005,404585792.20000005,-2.804631144828849,14.383182474091566,0.0,0.0,0.19093964343274072,-2.804631144828849,0.1831267349478319,580.6603339428572,-8.299212548186867,-6.0792307863501485,0.0,0.0,0.0,0.006794638835825995,14.040010494555949,-0.11884793986550497,-27.662535645451083,-1.6982857142857142,0.3872117615557828,0.06008583033549896,3.965056613517047,-0.11944948788333741,-0.0775924583031182,-0.21323820848196592,-0.2193234402425403,0.06008583033549896,3.965056613517047,-0.11944948788333741,Diagnostics & Research,Healthcare,NVTA
2014Q3,2014,Q3,2014-09-30,2014-09-30,-12615000.0,310000.0,-12534000.0,-0.847779,-1379000.0,-4.448387096774193,73147000.0,65140000.0,60531000.0,7004000.0,8007000.0,0.0,-69875000.0,253705005.95000002,195944005.95000002,4.377670814342873,8.642347230154197,0.0,0.0,-0.1884330321571929,4.377670814342873,-0.19365980964077373,818.4032450000001,-5.027843954617519,3.8947652126189745,0.0,0.0,0.0,0.00423804120469739,8.44346087949743,-0.17246093482986316,-25.302184696319937,-4.448387096774193,-0.19698332399122923,0.0,0.0,0.0,-1.0830815709969788,-0.19698263592371193,-0.19189806009889693,0.0,0.0,0.0,Diagnostics & Research,Healthcare,NVTA
2014Q2,2014,Q2,2014-06-30,2014-06-30,-10539000.0,301000.0,-10516000.0,-0.708263,-662000.0,-2.1993355481727574,,,,,,,,253705005.95000002,,,0.0,0.0,0.0,0.0,,0.0,842.8737739202659,-6.018241909811178,0.0,0.0,0.0,0.0,0.0,0.0,0.0,-21.74365837761399,-2.1993355481727574,-0.16672157666369053,0.0,0.0,0.0,-0.34279918864097364,-0.1667220192627034,-0.1659829249362457,0.0,0.0,0.0,Diagnostics & Research,Healthcare,NVTA
2014Q1,2014,Q1,2014-03-31,2014-03-31,-9033000.0,118000.0,-9019000.0,-0.607054,-493000.0,-4.177966101694915,,,,,,,,253705005.95000002,,,0.0,0.0,0.0,0.0,,0.0,2150.042423305085,-7.021615353426326,0.0,0.0,0.0,0.0,0.0,0.0,0.0,-27.99040224514563,-4.177966101694915,-0.11093338287861279,0.0,0.0,0.0,-2.572463768115942,-0.11093346451850941,-0.11139864448552064,0.0,0.0,0.0,Diagnostics & Research,Healthcare,NVTA
2013Q4,2013,Q4,2013-12-31,2013-12-31,-8131000.0,88000.0,-8115000.0,-0.546436005394871,-138000.0,-1.5681818181818181,53103000.0,-37280000.0,43806000.0,2229000.0,90383000.0,0.0,-37688000.0,253705005.95000002,212636005.95000002,-2.505366410173508,19.652759084791388,0.0,0.0,0.23002352674395532,-2.505366410173508,0.21810622317596567,2883.01143125,-7.800547471098267,-6.805391790504292,0.0,0.0,0.0,0.0016571568461292206,19.322566173171825,-0.1531175263167806,-30.625906077981654,-1.5681818181818181,0.0,0.0,0.0,0.0,0.0,0.0,0.0,0.0,0.0,0.0,Diagnostics & Research,Healthcare,NVTA
