Quarters,Year,Quarter,FillingDate,Date,NetIncome,Revenue,OperatingIncome,EPSDiluted,GrossProfit,GrossProfitRatio,TotalAssets,CommonStockEquity,CurrentAssets,CurrentLiability,TotalLiability,Inventory,RetainedEarnings,MarketCap,EnterpriseValue,bookValuePerShare,currentRatio,debtToAssets,debtToEquity,roic,shareholdersEquityPerShare,roe,priceToSalesRatio,peRatio,pbRatio,payoutRatio,inventoryTurnover,dividendYield,assetTurnover,quickRatio,returnOnAssets,priceToFreeCashFlowsRatio,grossProfitMargin,epsdilutedGrowth,fiveYNetIncomeGrowthPerShare,fiveYRevenueGrowthPerShare,fiveYShareholdersEquityGrowthPerShare,grossProfitGrowth,netIncomeGrowth,operatingIncomeGrowth,threeYNetIncomeGrowthPerShare,threeYRevenueGrowthPerShare,threeYShareholdersEquityGrowthPerShare,Industry,Sector,Symbol
2019Q2,2019,Q2,2019-04-30,2019-04-30,0.0,0.0,0.0,0.0,0.0,0.0,265795567.0,173881749.0,0.0,0.0,91913818.0,0.0,-1186022.0,0.0,91208364.0,0.0,0.0,0.3434970757055553,0.5250694827091945,,0.0,0.0,0.0,0.0,0.0,0.0,0.0,,0.0,0.0,0.0,0.0,0.0,0.0,0.0,0.0,0.0,0.0,0.0,0.0,0.0,0.0,0.0,Asset Management,Financial Services,JHS
2018Q2,2018,Q2,2018-04-30,2018-04-30,0.0,0.0,0.0,0.0,0.0,0.0,267912215.0,170923229.0,0.0,0.0,96988986.0,0.0,471440.0,0.0,91291452.0,0.0,0.0,0.34078326738480363,0.5341579405804462,,0.0,0.0,0.0,0.0,0.0,0.0,0.0,,0.0,0.0,0.0,0.0,0.0,0.0,0.0,0.0,0.0,0.0,0.0,0.0,0.0,0.0,0.0,Asset Management,Financial Services,JHS
2022Q4,2022,Q4,2022-10-31,2022-10-31,,,,,,,241529937.0,132185235.0,20242142.0,17930822.0,109344702.0,0.0,-42882471.0,0.0,-18482.0,0.0,1.12890206595102,0.0,0.0,,0.0,,0.0,0.0,0.0,0.0,0.0,,,1.12890206595102,,0.0,0.0,0.0,0.0,0.0,0.0,0.0,0.0,0.0,0.0,0.0,0.0,Asset Management,Financial Services,JHS
2022Q2,2022,Q2,2022-04-30,2022-04-30,,,,,,,251310638.0,153000272.0,2222260.0,6892506.0,98310366.0,0.0,-22067437.0,0.0,-5039.0,0.0,0.32241683939049165,0.0,0.0,,0.0,,0.0,0.0,0.0,0.0,0.0,,,0.32241683939049165,,0.0,0.0,0.0,0.0,0.0,0.0,0.0,0.0,0.0,0.0,0.0,0.0,Asset Management,Financial Services,JHS
2021Q2,2021,Q2,2021-04-30,2021-04-30,,,,,,,287475061.0,185978162.0,0.0,0.0,101496899.0,0.0,10910392.0,0.0,91300000.0,0.0,0.0,0.317592766768732,0.4909178530326587,,0.0,,0.0,0.0,0.0,0.0,0.0,,,0.0,,0.0,0.0,0.0,0.0,0.0,0.0,0.0,0.0,0.0,0.0,0.0,0.0,Asset Management,Financial Services,JHS
2020Q4,2020,Q4,2020-10-31,2020-10-31,,,,,,,278259287.0,185774439.0,0.0,0.0,92484848.0,0.0,10706669.0,0.0,91290136.0,0.0,0.0,0.32811124108141626,0.49145620081781005,,0.0,,0.0,0.0,0.0,0.0,0.0,,,0.0,,0.0,0.0,0.0,0.0,0.0,0.0,0.0,0.0,0.0,0.0,0.0,0.0,Asset Management,Financial Services,JHS
2020Q2,2020,Q2,2020-04-30,2020-04-30,,,,,,,267731798.0,174619046.0,0.0,0.0,93112752.0,0.0,-448725.0,0.0,91299042.0,0.0,0.0,0.3410129117348997,0.5228524728052861,,0.0,,0.0,0.0,0.0,0.0,0.0,,,0.0,,0.0,0.0,0.0,0.0,0.0,0.0,0.0,0.0,0.0,0.0,0.0,0.0,Asset Management,Financial Services,JHS
2019Q4,2019,Q4,2019-10-31,2019-10-31,,,,,,,278826930.0,181353295.0,0.0,0.0,97473635.0,0.0,6285524.0,0.0,91299218.0,0.0,0.0,0.3274432638196031,0.5034372273191948,,0.0,,0.0,0.0,0.0,0.0,0.0,,,0.0,,0.0,0.0,0.0,0.0,0.0,0.0,0.0,0.0,0.0,0.0,0.0,0.0,Asset Management,Financial Services,JHS
2018Q4,2018,Q4,2018-10-31,2018-10-31,,,,,,,257690617.0,165633556.0,0.0,0.0,92057061.0,0.0,-9434215.0,0.0,91206370.0,0.0,0.0,0.35430083199342877,0.5512168077825969,,0.0,,0.0,0.0,0.0,0.0,0.0,,,0.0,,0.0,0.0,0.0,0.0,0.0,0.0,0.0,0.0,0.0,0.0,0.0,0.0,Asset Management,Financial Services,JHS
