Quarters,Year,Quarter,FillingDate,Date,NetIncome,Revenue,OperatingIncome,EPSDiluted,GrossProfit,GrossProfitRatio,TotalAssets,CommonStockEquity,CurrentAssets,CurrentLiability,TotalLiability,Inventory,RetainedEarnings,MarketCap,EnterpriseValue,bookValuePerShare,currentRatio,debtToAssets,debtToEquity,roic,shareholdersEquityPerShare,roe,priceToSalesRatio,peRatio,pbRatio,payoutRatio,inventoryTurnover,dividendYield,assetTurnover,quickRatio,returnOnAssets,priceToFreeCashFlowsRatio,grossProfitMargin,epsdilutedGrowth,fiveYNetIncomeGrowthPerShare,fiveYRevenueGrowthPerShare,fiveYShareholdersEquityGrowthPerShare,grossProfitGrowth,netIncomeGrowth,operatingIncomeGrowth,threeYNetIncomeGrowthPerShare,threeYRevenueGrowthPerShare,threeYShareholdersEquityGrowthPerShare,Industry,Sector,Symbol
2023Q1,2023,Q1,2023-04-28,2023-03-31,3548000.0,262595000.0,10265000.0,0.07,82352000.0,0.3136084084,1419890000.0,501655000.0,187828000.0,145122000.0,918235000.0,14175000.0,-168372000.0,4279308200.0,4875268200.0,9.6900714699633,1.2942765397389782,0.4621386163716908,1.3080423797231164,0.006839786136962333,9.6900714699633,0.007072589728000319,16.29622879338906,301.52960822998875,8.530380839421515,0.0,12.715555555555556,0.0,0.18494038270570257,1.070947203042957,0.002498785117156963,-2377.3934444444444,0.31360840838553666,-0.5625,1.7426550743081115,0.45749558570223997,11.577023679891413,-0.061921902765753864,-0.5786723667022919,-0.4038562053545502,2.4306255127405385,0.3312429224204615,2.942268220241264,Waste Management,Industrials,CWST
2022Q4,2022,Q4,2023-02-17,2022-12-31,8421000.0,272127000.0,17219000.0,0.16,87788000.0,0.3225993746,1449215000.0,497900000.0,207479000.0,177600000.0,951315000.0,13472000.0,-171920000.0,4098582180.0,4685758180.0,9.634660784086071,1.1682376126126126,0.4542652401472521,1.322209278971681,0.01021388065168708,9.634660784086071,0.016913034745932917,15.061284547288583,121.67741895261845,8.23173765816429,0.0,13.683120546318289,0.0,0.1877754508475278,0.9686824324324325,0.005810732016988508,189.8370625289486,0.3225993745567327,-0.6363636363636365,-0.6578925026666966,0.46366384968994334,11.69604608149305,-0.16378842288751513,-0.6285726887791108,-0.5254905202821869,-0.140649997852353,0.30029995609507903,2.752598850927791,Waste Management,Industrials,CWST
2022Q3,2022,Q3,2022-10-28,2022-09-30,22672000.0,295268000.0,36288000.0,0.44,104983000.0,0.3555515667,1399347000.0,486559000.0,191483000.0,162832000.0,912788000.0,13432000.0,-180341000.0,3947606030.0,4551897030.0,9.415387890163903,1.1759543578657758,0.4660923988117315,1.3404849154984289,0.02147630992488941,9.415387890163903,0.04659661007195427,13.369569441998456,43.529530147318276,8.113314171559873,0.0,14.166542584871948,0.0,0.21100413264186796,0.9576987324358849,0.016201842716638548,144.17318688141413,0.35555156671227495,0.29411764705882343,0.5235893304141991,0.49558768100954953,7.528568740686366,0.07533699348547548,0.2739941559901101,0.14404615530123902,0.6892300011529029,0.37240749694497716,3.0520868541486172,Waste Management,Industrials,CWST
2022Q2,2022,Q2,2022-07-29,2022-06-30,17796000.0,283666000.0,31719000.0,0.34,97628000.0,0.3441653212,1370719000.0,457566000.0,181156000.0,163014000.0,913153000.0,13071000.0,-203013000.0,3753340560.0000005,4362675560.0,8.860346229812944,1.1112910547560333,0.47321442250381,1.417596587159011,0.018266152149843194,8.860346229812944,0.038892749898375316,13.231548934310071,52.72730613621039,8.202839721482803,0.0,14.23288195241374,0.0,0.2069468651123972,0.9055786619554149,0.012982967333202502,146.73523437194575,0.34416532118759385,3.1923551171393343,1.2684341992839636,0.49117614034435936,5.963755124605858,0.36405298161292127,3.247255369928401,2.119492525570417,0.3727442471973231,0.390792278025658,3.371731690716359,Waste Management,Industrials,CWST
2022Q1,2022,Q1,2022-04-29,2022-03-31,4190000.0,234027000.0,10168000.0,0.0811,71572000.0,0.30582796,1306971000.0,435050000.0,133985000.0,143547000.0,871921000.0,11770000.0,-220809000.0,4513098500.0,5136358500.0,8.449213439502817,0.933387670937045,0.486509647115353,1.4615653373175497,0.00728318690882858,8.449213439502817,0.009631076887714056,19.28452058950463,269.27795346062055,10.373746695782094,0.0,13.802463891248937,0.0,0.17906059124494728,0.7373055514918458,0.0032058859760469055,382.3363690274483,0.3058279600217069,-0.5494444444444444,16.106692006769695,0.41255943621909524,16.17522963193906,-0.09420876784448719,-0.5418261344997266,-0.28242766407904024,3.179796668383683,0.27504520758472506,3.6719263994013636,Waste Management,Industrials,CWST
2021Q4,2021,Q4,2022-02-18,2021-12-31,9145000.0,241836000.0,14170000.0,0.18,79016000.0,0.3267338196,1283580000.0,422457000.0,146479000.0,152193000.0,861123000.0,9729000.0,-224999000.0,4390929680.0,4973206680.0,8.218368220371955,0.9624555662875428,0.4799747580984434,1.4583401387596844,0.010121947693814297,8.218368220371955,0.021647173558492345,18.15664202186606,120.03634991798798,10.393790800010416,0.0,16.735532942748485,0.0,0.18840742298882812,0.7936501678789432,0.007124604621449384,633.6117864357865,0.3267338196132917,-0.41935483870967744,1.6154299187939132,0.3552341460057831,14.880015021782889,-0.10287589268480989,-0.42342853540129877,-0.48260123416219375,1.5585335752189657,0.15609375376634765,23.288015279806107,Waste Management,Industrials,CWST
2021Q3,2021,Q3,2021-10-29,2021-09-30,15861000.0,241969000.0,27387000.0,0.31,88077000.0,0.36400117370406954,1280397000.0,407951000.0,167159000.0,178369000.0,872446000.0,9797000.0,-234144000.0,3902480660.0,4473631660.0,7.938488781645877,0.9371527563646149,0.48237538825848547,1.5139857482883974,0.01771407666582273,7.938488781645877,0.03887966937205694,16.12801912641702,61.510633944896284,9.56605244257276,0.0,15.708073900173522,0.0,0.18897966802483918,0.7679641641765105,0.012387564169550537,131.9832474296537,0.36400117370406954,0.3478260869565217,0.694419272751562,0.2891078681585175,24.65993303451426,0.13909366027779932,0.3460918272086905,0.24792672924450926,-0.4079652274608261,0.16545641236154152,65.33048145293219,Waste Management,Industrials,CWST
2021Q2,2021,Q2,2021-07-30,2021-06-30,11783000.0,215875000.0,21946000.0,0.23,77322000.0,0.3581795020266358,1227833000.0,388492000.0,269255000.0,147558000.0,839341000.0,7994000.0,-250005000.0,3258145380.0,3699257380.0,7.563213020285792,1.8247401021971021,0.49541672198092085,1.565769694099235,0.014114955549508392,7.563213020285792,0.030330096887451995,15.092740613781123,69.12809513706188,8.386647292608343,0.0,17.3321240930698,0.0,0.17581788402820253,1.667852640995405,0.009596581945590321,184.81736797322594,0.3581795020266358,1.8750000000000002,0.8162448902715072,0.19489006125782493,15.035194132659381,0.23927363646562916,1.7332405474367896,0.8274627362811225,4.743036430173665,0.0823527278964729,10.294107346998853,Waste Management,Industrials,CWST
2021Q1,2021,Q1,2021-04-30,2021-03-31,4311000.0,189532000.0,12009000.0,0.08,62393000.0,0.32919506996180065,1194246000.0,373336000.0,239506000.0,123075000.0,820910000.0,7974000.0,-261788000.0,3253449030.0,3710893030.0,7.29471072119424,1.946016656510258,0.5107816982430755,1.6339142220412712,0.007302986527965477,7.29471072119424,0.011547238948293227,17.165697771352594,188.67136569241475,8.714533369404505,0.0,15.94419362929521,0.0,0.15870432055037237,1.7811659557180581,0.0036098090343195622,612.125875823142,0.32919506996180065,-0.9354838709677419,1.4538968905017788,0.2103859866296724,11.494962650502863,-0.06848312929232607,-0.9314811577157207,-0.15477195945945946,1.91278382092959,0.06411780544687438,8.96241062567947,Waste Management,Industrials,CWST
2020Q4,2020,Q4,2021-02-19,2020-12-31,62917000.0,200240000.0,14208000.0,1.24,66980000.0,0.3344986016779864,1193898000.0,362142000.0,247254000.0,131208000.0,831756000.0,7868000.0,-266099000.0,3124510200.0,3579345200.0,7.1802284082798,1.8844430217669654,0.5102420809817925,1.6821495435492155,0.09261783712462465,7.1802284082798,0.17373571692871856,15.603826408310027,12.415206541952097,8.627859237536658,0.0,16.936959837315708,0.0,0.16771952042804328,1.7435598439119566,0.052698806765737106,-1104.0672084805653,0.3344986016779864,3.0,8.268093337524544,0.15934904910786796,14.640866021751277,-0.07308229888875051,3.1620030429317985,-0.31139436824504435,1.618978858185106,0.10353372661885887,8.97122552124095,Waste Management,Industrials,CWST
2020Q3,2020,Q3,2020-10-30,2020-09-30,15117000.0,202667000.0,20633000.0,0.31,72261000.0,0.35655040041052566,994255000.0,147987000.0,115747000.0,137549000.0,846268000.0,8059000.0,-329016000.0,2701464500.0,3295497500.0,3.059479015918958,0.8414964848890214,0.6187145148880318,4.156851615344591,0.024010370303446753,3.059479015918958,0.10215086460297189,13.329572648729195,44.67593603228154,18.254741970578497,0.0,16.181412085866732,0.0,0.20383804959492283,0.6906993144261317,0.015204348984918356,113.88493318156907,0.35655040041052566,0.24,4.555002218670109,0.16968988455888243,9.064156729293591,0.10651558073654391,0.24799801865764054,0.1828135748681495,0.08533775074036083,0.09673004717403527,3.1214228557679413,Waste Management,Industrials,CWST
2020Q2,2020,Q2,2020-08-04,2020-06-30,12113000.0,188767000.0,17444000.0,0.25,65305000.0,0.3459555960522761,966971000.0,130745000.0,98079000.0,128956000.0,836226000.0,7938000.0,-344133000.0,2519897760.0,3130154760.0,2.704248366013072,0.7605617419895158,0.6342796216225719,4.691039810317794,0.020596330134829973,2.704248366013072,0.09264599028643543,13.349249392107732,52.008126805911,19.273377643504528,0.0,15.55328798185941,0.0,0.19521474790867566,0.6126198083067093,0.012526745890000838,157.66112494525433,0.3459555960522761,11.5,8.886342532896663,0.09884085485669798,6.813688405449703,0.20063612295925873,11.630865484880083,1.4877353108956075,1.195160402637469,0.05991801838434803,2.514977669815934,Waste Management,Industrials,CWST
2020Q1,2020,Q1,2020-05-08,2020-03-31,959000.0,182910000.0,7012000.0,0.02,54392000.0,0.29737029140014215,957640000.0,117996000.0,119554000.0,115153000.0,839644000.0,7815000.0,-356246000.0,1875075300.0,2482533300.0,2.457993958962608,1.0382187177060085,0.66170899294098,5.370343062476694,0.007565616606459304,2.457993958962608,0.008127394148954201,10.251354764638346,488.8100364963504,15.891007322282112,0.0,16.44504158669226,0.0,0.19100079361764338,0.8851093762212013,0.0010014201578881416,-370.56824110671937,0.29737029140014215,-0.8947368421052632,1.0870902678842453,0.3209980456504715,5.752882108860001,-0.1321025673756602,-0.8942201632472976,-0.519857573267598,4.708603270492658,0.1841715771209807,5.414685819958583,Waste Management,Industrials,CWST
2019Q4,2019,Q4,2020-02-21,2019-12-31,9066000.0,193620000.0,14604000.0,0.19,62671000.0,0.3236804049168474,932182000.0,122753000.0,102813000.0,130589000.0,809429000.0,7679000.0,-357016000.0,2200740330.0,2790656330.0,2.5674635544121647,0.7873021464288723,0.6365570242720842,4.833991837266706,0.01866314947694743,2.5674635544121647,0.07385562878300327,11.366286179113727,60.68664046988749,17.928199962526374,0.0,17.052871467639015,0.0,0.2077062204590949,0.6503380836058167,0.009725568612137973,121.1394467991413,0.3236804049168474,-0.2692307692307693,2.1047932518131693,0.1825687491122588,5.8776200936839205,-0.06842167850878497,-0.2680445664459874,-0.20995401677035433,1.6559635353917088,0.16657506099969743,5.336193237823562,Waste Management,Industrials,CWST
2019Q3,2019,Q3,2019-11-01,2019-09-30,12386000.0,198547000.0,18485000.0,0.26,67274000.0,0.33883161165870046,935780000.0,110812000.0,113791000.0,126959000.0,824968000.0,6976000.0,-366082000.0,2047808600.0,2651818600.0,2.3235898511218283,0.8962814766972015,0.6508345978755691,5.49613760242573,0.02274074546697358,2.3235898511218283,0.1117748980254846,10.313974021264487,41.33313014694009,18.48002562899325,0.0,18.81780389908257,0.0,0.21217273290730726,0.7695318961239456,0.013236017012545684,524.4068117797696,0.33883161165870046,0.040000000000000036,39.43795037286335,0.18782645360948605,14.532796697911444,0.144407586969465,0.039530004196391105,0.18920483787956768,0.4258184735552042,0.13981850394001052,7.9252450673390396,Waste Management,Industrials,CWST
2019Q2,2019,Q2,2019-08-02,2019-06-30,11915000.0,187459000.0,15544000.0,0.25,58785000.0,0.3135885713676057,865960000.0,96197000.0,105386000.0,120007000.0,769763000.0,7054000.0,-378468000.0,1930835520.0,2489254520.0,2.026736052587224,0.878165440349313,0.648501085500485,5.837770408640602,0.025312653469871636,2.026736052587224,0.12386041144734243,10.300041715788518,40.51270499370541,20.071681237460627,0.0,18.2412815423873,0.0,0.21647535682941477,0.7599556692526269,0.013759296041387594,381.73893238434164,0.3135885713676057,7.249999999999999,35.73162563859651,0.1207942103389419,11.456310998837237,0.2805794575754275,7.9515752625437575,2.4993246285457,0.9875771102625454,0.12290575151471088,4.76105153688327,Waste Management,Industrials,CWST
2019Q1,2019,Q1,2019-05-01,2019-03-31,-1714000.0,163664000.0,4442000.0,-0.04,45905000.0,0.2804831850620784,828313000.0,83034000.0,109153000.0,107081000.0,745279000.0,6793000.0,-390383000.0,1600068050.0,2135183050.0,1.808507394419881,1.0193498379731232,0.6700981392299771,6.6846231664137585,0.006313250010314314,1.808507394419881,-0.020642146590553266,9.776542489490664,-233.38215431738624,19.270034564154443,0.0,17.335345208302666,0.0,0.1975871439902549,0.883844939811918,-0.0020692660866121863,-118.82281672360018,0.2804831850620784,0.8750000000000001,0.8738680255671281,0.1964210366026408,9.586699316719873,-0.13321374622356497,0.8746709564200058,1.8645387310237447,0.7988379155263774,0.16506626620061593,3.6019150426965236,Waste Management,Industrials,CWST
2018Q4,2018,Q4,2019-02-22,2018-12-31,-13676000.0,174724000.0,-5138000.0,-0.32,52960000.0,0.3031066138595728,732410000.0,-15832000.0,97093000.0,111497000.0,748242000.0,6542000.0,-388669000.0,1223246640.0,1763538640.0,-0.36873486118874604,0.8708126676054064,0.743161617127019,-34.37967407781708,-0.01031211275647076,-0.36873486118874604,0.8638201111672562,7.001022412490556,-22.361191868967534,-77.26418898433552,0.0,18.612656679914398,0.0,0.23856036919211918,0.728252778101653,-0.018672601411777557,128.4113625866051,0.3031066138595728,-1.6400000000000001,-0.1816965694749568,0.37711736088656994,-6.3946748840534005,-0.09800047688796538,-1.6132185454219352,-1.1778839495914692,-0.8557977137019911,0.18832433498237855,0.29948428475832195,Waste Management,Industrials,CWST
2018Q3,2018,Q3,2018-11-02,2018-09-30,22302000.0,172832000.0,28884000.0,0.5,58714000.0,0.33971718200333273,702848000.0,-5279000.0,101875000.0,108977000.0,708127000.0,6459000.0,-374993000.0,1291498010.0,1805102010.0,-0.12340166904322214,0.9348302852895565,0.7351333431979603,-97.87592347035424,0.05554049286370827,-0.12340166904322214,-4.224663762076151,7.472563009164969,14.477378822527129,-244.6482307255162,0.0,17.668060071218456,0.0,0.2459023857220907,0.7885608889949255,0.03173090056456019,50.66883793008749,0.33971718200333273,11.5,62.238655472962805,0.21607112333699038,-1.4138783679752505,0.09034522460955635,12.088028169014084,0.9066605056439369,8.266332808609649,0.12786549391578603,0.6747386092066204,Waste Management,Industrials,CWST
2018Q2,2018,Q2,2018-08-03,2018-06-30,1704000.0,165649000.0,15149000.0,0.04,53849000.0,0.3250789319585388,652574000.0,-34716000.0,96875000.0,95743000.0,687290000.0,6461000.0,-397295000.0,1092548210.0,1594346210.0,-0.8137643280748225,1.011823318676039,0.7721576403595608,-14.514633022237584,0.031457905938717695,-0.8137643280748225,-0.04908399585205669,6.5955617601072145,160.29169747652583,-31.471028056227674,0.0,17.303822937625753,0.0,0.2538394113158048,0.8610133377897079,0.002611198116995161,125.42167489381242,0.3250789319585388,1.4444444444444446,9.294301194207199,0.19793509935620926,-3.7687673312261825,0.28686820408650976,1.4358056265984656,17.077565632458235,0.5761625657980872,0.09281091682513262,-0.7494592206677125,Waste Management,Industrials,CWST
2018Q1,2018,Q1,2018-05-04,2018-03-31,-3910000.0,147455000.0,838000.0,-0.09,41845000.0,0.2837814926587773,631375000.0,-38817000.0,84917000.0,84609000.0,670192000.0,6492000.0,-398999000.0,990610600.0,1488189600.0,-0.9161434977578475,1.003640274675271,0.7918764601069095,-12.880207125743874,0.0012923199850260036,-0.9161434977578475,0.10072906200891361,6.718053643484453,-63.338273657289,-25.520019579050416,0.0,16.267714109673445,0.0,0.23354583250841418,0.8230566488198655,-0.006192833102355969,255.57549019607842,0.2837814926587773,-1.1956521739130435,0.7277690105024939,0.39183738885969277,-4.207922934328874,-0.10958612618363656,-1.1952949403126718,-0.9149583925309519,0.5976946697718989,0.20656921094972017,-0.7714941990660668,Waste Management,Industrials,CWST
2017Q4,2017,Q4,2018-03-02,2017-12-31,20021000.0,151222000.0,9854000.0,0.46,46995000.0,0.3107682744574202,614949000.0,-37862000.0,84380000.0,88569000.0,652811000.0,6534000.0,-395107000.0,967599660.0,1448106660.0,-0.9007684438417434,0.9527035418713093,0.7846211637062586,-12.743700808198193,0.10546716741995062,-0.9007684438417434,-0.5287887591780677,6.398537646638717,12.08230932520853,-25.55595742433046,0.0,15.951484542393633,0.0,0.24590982341625078,0.7730695841660175,0.03255717140771023,138.4658929593589,0.3107682744574202,0.6428571428571428,2.6381069180051275,0.22726261435188327,-2.4573821937522826,-0.16634144610799687,0.6573675496688741,-0.4608524374897412,3.7751630429583427,0.05057871920237805,-0.7112633415529919,Waste Management,Industrials,CWST
2017Q3,2017,Q3,2017-11-02,2017-09-30,12080000.0,160269000.0,18277000.0,0.28,56372000.0,0.35173364780462846,592420000.0,-60501000.0,84531000.0,85976000.0,652921000.0,5941000.0,-415128000.0,788678800.0,1270813800.0,-1.4421825463040214,0.9831929840885829,0.8177272880726512,-8.007107320540156,0.04258028439294367,-1.4421825463040214,-0.19966612122113683,4.92096912066588,16.321995033112582,-13.035797755409002,0.0,17.488133310890422,0.0,0.27053273015765844,0.7921396668837816,0.020390938860943248,38.9913877490483,0.35173364780462846,1.21875,1.4239875332255083,-0.01987828178059769,-2.3879191860562283,0.09466570868205915,1.225058220773172,1.3865775502865967,43.83425920054368,0.08999422147073359,-7.399401121065275,Waste Management,Industrials,CWST
2017Q2,2017,Q2,2017-08-03,2017-06-30,-53675000.0,154016000.0,-47279000.0,-1.28,51497000.0,0.33436136505298153,588877000.0,-74633000.0,82653000.0,78044000.0,663510000.0,5309000.0,-427208000.0,686118510.0,1186041510.0,-1.785008729760111,1.0590564297063194,0.8535025141073603,-6.73439363284338,-0.11128831514425193,-1.785008729760111,0.719185882920424,4.454852158217328,-3.195708011178388,-9.193232350300805,0.0,19.31041627425127,0.0,0.26154188395878936,0.8862820972784583,-0.09114806657417424,50.91032945017437,0.33436136505298153,-127.0,-3.1394174074019188,-0.179600008003893,-7.840970557104205,0.31175811299607725,-238.62053571428572,-8.202772699573432,-176.61387862788132,0.04534393410780538,-8.209194453409403,Waste Management,Industrials,CWST
2017Q1,2017,Q1,2017-05-05,2017-03-31,-224000.0,133802000.0,6564000.0,-0.01,39258000.0,0.2934036860435569,621249000.0,-23153000.0,72735000.0,69481000.0,644426000.0,5338000.0,-373532000.0,586750240.0,1092936240.0,-0.556776644863409,1.0468329471366273,0.8183707337959498,-21.958795836392692,0.014567319878504216,-0.556776644863409,0.009674772167753639,4.385212777088534,-654.8551785714286,-25.34229862220878,0.0,17.711502435369052,0.0,0.21537579939766502,0.8415394136526533,-0.00036056396066633505,295.7410483870968,0.2934036860435569,0.9655172413793103,0.9970557162815606,-0.20866263382886446,-1.9098660879573608,-0.15081116158338742,0.9812928010689828,-0.3434686937387478,0.9817999825824063,0.07994812101990346,-1.6435466345150276,Waste Management,Industrials,CWST
2016Q4,2016,Q4,2017-03-02,2016-12-31,-11974000.0,143794000.0,9998000.0,-0.29,46230000.0,0.3215015925560176,631512000.0,-24526000.0,78588000.0,82426000.0,656062000.0,4915000.0,-373308000.0,514047020.0,1020150020.0,-0.5921008159915021,0.9534370222987892,0.8054431269714589,-20.739093207208676,0.020913852632582133,-0.5921008159915021,0.48821658647965427,3.5748850438822206,-10.732566811424753,-20.959268531354482,0.0,19.85025432349949,0.0,0.22769796931808106,0.7812340766263073,-0.018960843182710702,67.65556988681232,0.3215015925560176,-2.611111111111111,0.6852637391042727,-0.18735733162061424,-1.2446442800931061,-0.11656793426332887,-2.588695767546769,-0.4246748762803545,-0.07244901428630787,0.1747614121267624,-9.66256960505249,Waste Management,Industrials,CWST
2016Q3,2016,Q3,2016-11-04,2016-09-30,7537000.0,151133000.0,17378000.0,0.18,52330000.0,0.34625131506686163,635255000.0,-13883000.0,83084000.0,80853000.0,649162000.0,4894000.0,-361334000.0,426183100.0,923223100.0,-0.33552456678831233,1.0275932865818214,0.7880315778703041,-36.05856082979183,0.0345005721735779,-0.33552456678831233,-0.5428941871353454,2.8199208644042004,14.136363937906332,-30.69819923647627,0.0,20.18859828361259,0.0,0.23790918607488332,0.8364810211123892,0.011864526843551016,65.45585931500537,0.34625131506686163,0.5,7.371592029356715,-0.2473817947566375,-1.0983115453894163,0.05755628309284184,0.45081809432146297,0.11426006668376507,22.396955314764167,0.09942536508242014,-2.125319950650837,Waste Management,Industrials,CWST
2016Q2,2016,Q2,2016-07-29,2016-06-30,5195000.0,144670000.0,15596000.0,0.12,49482000.0,0.3420335936959978,631621000.0,-22165000.0,78589000.0,84634000.0,653810000.0,4603000.0,-368872000.0,322886200.0,823719200.0,-0.5388748419721872,0.9285748044521115,0.7967040361229282,-22.703135574103317,0.03104546564135206,-0.5388748419721872,-0.23437852470110535,2.2318808322388883,15.538315688161694,-14.56739002932551,0.0,20.67955681077558,0.0,0.2290455827149509,0.7585722050239856,0.008224869027470588,15.975765672158726,0.3420335936959978,1.631578947368421,2.095705924682879,-0.2654372266715268,-1.1559128578197748,0.4132061461129834,1.6828338590956888,6.900709219858156,27.226900445150918,0.08511097771308412,-2.8334780803209134,Waste Management,Industrials,CWST
2016Q1,2016,Q1,2016-05-05,2016-03-31,-7608000.0,125432000.0,1974000.0,-0.19,35014000.0,0.2791472670450922,620406000.0,-28495000.0,70732000.0,70385000.0,648922000.0,4474000.0,-374067000.0,274673200.0,787703200.0,-0.6950678114938043,1.0049300277047666,0.8295825636760444,-18.062045972977714,0.003982269664804493,-0.6950678114938043,0.26699420951044045,2.1898175904075514,-9.025801787592009,-9.639347253904194,0.0,20.20965578900313,0.0,0.20217728390763468,0.7862754848334162,-0.0122629374957689,-33.810093549975385,0.2791472670450922,-0.11764705882352934,0.0,0.0,0.0,-0.1975523674199019,-0.08406953548019379,-0.5801786473840919,0.45254517497514574,0.2236418498997647,-3.433815203471659,Waste Management,Industrials,CWST
2015Q4,2015,Q4,2016-03-02,2015-12-31,-7018000.0,140024000.0,4702000.0,-0.17,43634000.0,0.31161800834142717,649883000.0,-21523000.0,76668000.0,85346000.0,671480000.0,4282000.0,-366459000.0,244516220.00000003,765851220.0,-0.5263762870209592,0.8983197806575587,0.8057558052757189,-24.3296473539934,0.00969431647870172,-0.5263762870209592,0.32606978581052826,1.7462450722733247,-8.710324166429183,-11.360694141151328,0.0,22.51050910789351,0.0,0.21546032131937595,0.7396948890399081,-0.01079886687296021,22.18840471869329,0.31161800834142717,-3.8333333333333335,0.295795985287473,-0.1988445942098725,-1.316618682871576,-0.06221926110597692,-4.056620209059234,-0.6296471329552615,0.4097258818138143,0.16817768332833494,-1.8516410995105468,Waste Management,Industrials,CWST
2015Q3,2015,Q3,2015-10-23,2015-09-30,2296000.0,146185000.0,12696000.0,0.06,46529000.0,0.31828847008927047,660665000.0,-15483000.0,85756000.0,80897000.0,676221000.0,4586000.0,-359441000.0,236698000.0,766424000.0,-0.37939230580740013,1.060064032040743,0.8048632816934452,-34.34379642188206,0.022610378297994276,-0.37939230580740013,-0.14829167474003746,1.619167493244861,25.772865853658537,-15.2876057611574,0.0,21.73048408198866,0.0,0.22126947848001635,0.763106172045935,0.003475286264597035,123.66666666666667,0.31828847008927047,1.0,2.2704002187930117,-0.33804195546741883,-1.2041381136246718,0.03450652555750717,1.24,0.11937929818374185,1.0828387924142169,-0.08101373496579174,-1.3651173435857118,Waste Management,Industrials,CWST
2015Q2,2015,Q2,2015-07-30,2015-06-30,1025000.0,143714000.0,11342000.0,0.03,44977000.0,0.31296185479493993,657528000.0,-18814000.0,84836000.0,86059000.0,676378000.0,4622000.0,-361737000.0,226907670.0,752039670.0,-0.4651519272133904,0.9857888192983884,0.8034486744290738,-28.079621558413947,0.01664801730731609,-0.4651519272133904,-0.05448070585734028,1.578883546488164,55.34333414634147,-12.060575635165304,0.0,21.362397230636088,0.0,0.2185671180542882,0.7301037660209856,0.001558868975921938,12.807341536377491,0.31296185479493993,1.1304347826086956,1.2262162187997099,-0.341793998346041,-1.248197917041811,0.564743946562761,1.1105598101607161,2.6282789507357647,1.0817137748591046,-0.20865998933717356,-2.782675112784869,Waste Management,Industrials,CWST
2015Q1,2015,Q1,2015-05-07,2015-03-31,-9271000.0,116577000.0,3126000.0,-0.23,28744000.0,0.24656664693721747,654404000.0,-20902000.0,73029000.0,68133000.0,675260000.0,4418000.0,-362761000.0,222293500.0,766135500.0,-0.5171586213721948,1.0718594513671789,0.8357207474281942,-26.164912448569513,0.0064237961736464365,-0.5171586213721948,0.4435460721462061,1.9068383986549662,-5.994323697551505,-10.635034924887572,0.0,19.880715255771843,0.0,0.17814224851926333,0.8233308382134942,-0.014167089443218562,-21.924598086596312,0.24656664693721747,0.0,0.0,0.0,0.0,0.0,0.0,0.0,0.8746222684493796,-0.2906278551894373,-1.8451236164849858,Waste Management,Industrials,CWST
2014Q3,2014,Q3,2014-12-05,2014-10-31,259000.0,141341000.0,10064000.0,0.01,43049000.0,0.3045754593500824,661794000.0,-6924000.0,81644000.0,82156000.0,668455000.0,4199000.0,-347503000.0,181467000.0,702511000.0,-0.17170063978574618,0.9937679536491553,0.7914517206260558,-75.64673599075678,0.01205705920741319,-0.17170063978574618,-0.03740612362796072,1.283894977395094,175.1611969111969,-26.208405545927207,0.0,23.408430578709215,0.0,0.21357250141282635,0.6532937338721456,0.00039136045355503375,-19.276290630975144,0.3045754593500824,2.0,1.1065597616690253,-0.32557315802821973,-1.07319791530444,0.010041998076065789,1.893103448275862,0.07774684086528165,1.2246586075121744,-0.2778000909714254,-1.0503097445390286,Waste Management,Industrials,CWST
2014Q2,2014,Q2,2014-08-28,2014-07-31,-290000.0,141387000.0,9338000.0,-0.01,42621000.0,0.30144921385983153,656602000.0,-7777000.0,78905000.0,90475000.0,664218000.0,4191000.0,-347762000.0,189380560.0,698854560.0,-0.19382897589911025,0.8721193699917105,0.7798773077145669,-65.84402725986884,-0.020967835628377767,-0.19382897589911025,0.037289443230037286,1.3394481812330694,-163.25910344827585,-24.351364279285068,0.0,23.56621331424481,0.0,0.21533135750424154,0.6356120475269411,-0.000441667859677552,-56.61601195814649,0.30144921385983153,0.9666666666666667,0.9331652002346205,-0.33372799237658535,-1.079771195874463,0.37932038834951454,0.9754528525478247,2.5633684915452872,0.937296340858327,-0.26405333342175613,-1.0560806094604622,Waste Management,Industrials,CWST
2014Q1,2014,Q1,2014-06-27,2014-04-30,-11814000.0,118927000.0,-5973000.0,-0.3,30900000.0,0.2598232529198584,649897000.0,-8407000.0,70805000.0,89746000.0,658434000.0,3905000.0,-347472000.0,203571600.0,709126600.0,-0.21061729632227677,0.7889488110890736,0.7816915603549486,-60.42809563459022,-0.012369902042197732,-0.21061729632227677,1.405257523492328,1.7117357706828558,-4.307846622651091,-24.21453550612585,0.0,22.54212548015365,0.0,0.1829936128340337,0.6410536402736612,-0.018178265171250214,76.07309417040359,0.2598232529198584,-0.111111111111111,0.0,0.0,0.0,0.021487603305785124,-0.09897674418604652,-3.6016949152542375,0.0,0.0,0.0,Waste Management,Industrials,CWST
2013Q4,2013,Q4,2014-03-06,2014-01-31,-10750000.0,117852000.0,-1298000.0,-0.27,30250000.0,0.25667786715541524,669442000.0,2726000.0,71617000.0,85656000.0,663029000.0,4396000.0,-335658000.0,204594660.0,713624660.0,0.06835163733012387,0.8361002148127393,0.7644306750995605,187.7263389581805,-0.0026744376922429726,0.06835163733012387,-3.9435069699192957,1.7360304449648711,-4.758015348837209,75.0530667644901,0.0,19.92766151046406,0.0,0.17604512414817117,0.6512094891192678,-0.016058149921875233,655.7521153846154,0.25667786715541524,-26.0,-0.8082193663342488,-0.3754391378496206,-0.9870154606692152,-0.275466455893272,-30.710914454277287,-1.1373544973544973,-0.1059185870903611,-0.3086773198544349,-0.9588860556275064,Waste Management,Industrials,CWST
2013Q3,2013,Q3,2013-12-06,2013-10-31,-339000.0,132296000.0,9450000.0,-0.01,41751000.0,0.3155877728729516,678513000.0,11873000.0,76441000.0,89580000.0,662673000.0,4040000.0,-324908000.0,235342110.0,739618110.0,0.2981592627005851,0.8533266354096897,0.7505073594757948,42.889665627895226,0.04165742748147602,0.2981592627005851,-0.02855217720879306,1.778905711434964,-173.55612831858406,19.82162132569696,0.0,22.412128712871286,0.0,0.19497931506102315,0.6316923420406341,-0.0004996219674494077,-53.64534077957602,0.3155877728729516,0.0,-1.1053258710269598,-0.460952465401921,-0.9444685379556575,0.04016044246244301,-0.774869109947644,-0.029475197699496764,0.8077692735650616,-0.3860559448204459,-0.8395706277756747,Waste Management,Industrials,CWST
2013Q2,2013,Q2,2013-08-29,2013-07-31,-191000.0,128558000.0,9737000.0,0.0,40139000.0,0.312224832371381,674744000.0,11657000.0,73831000.0,97773000.0,658887000.0,3665000.0,-324568000.0,189187739.99999997,685413740.0,0.29390852705360293,0.7551266709623311,0.7397546328681692,42.81933602127477,-0.010564651477799461,0.29390852705360293,-0.016385004718195074,1.47161390189642,-247.62793193717278,16.22953933258986,0.0,24.125238744884037,0.0,0.1905285560153184,0.5634173033455043,-0.0002830703200028455,38.76003687768899,0.312224832371381,1.0,-1.0563741441467163,-0.4771086455832972,-0.9419178433530406,0.3287979607375774,0.9857409481149683,3.1487004686834257,0.9570122271304167,-0.39955452969544936,-0.8431749285603497,Waste Management,Industrials,CWST
2013Q1,2013,Q1,2013-06-27,2013-04-30,-13395000.0,98804000.0,2347000.0,-0.34,30207000.0,0.3057264888061212,659627000.0,11285000.0,61053000.0,88098000.0,644176000.0,3494000.0,-324377000.0,172285400.0,666735400.0,0.2855877514867772,0.6930123271810937,0.7522508933078846,43.97031457687196,0.005433782247393162,0.2855877514867772,-1.1869738591050067,1.7437087567304967,-3.2154796565882795,15.266761187416925,0.0,19.632799084144246,0.0,0.14978768303905085,0.6396739994097482,-0.020306931038298916,85.88504486540378,0.3057264888061212,-0.17241379310344845,0.0,0.0,0.0,-0.020334695466043978,-0.17427895152099587,46.13461538461539,0.0,0.0,0.0,Waste Management,Industrials,CWST
2012Q4,2012,Q4,2013-03-05,2013-01-31,-11407000.0,115002000.0,-52000.0,-0.29,30834000.0,0.26811707622476133,673153000.0,24247000.0,69813000.0,98591000.0,646218000.0,3923000.0,-310982000.0,178104200.0,670574200.0,0.6180729033902626,0.7081072308831435,0.7332389516202111,20.356415226625973,-6.984178672679489e-05,0.6180729033902626,-0.4704499525714521,1.5487052399088712,-3.9033970369071627,7.345411803522086,0.0,21.455008921743563,0.0,0.17084080439365196,0.5064255357994137,-0.016945627517072643,-61.54257083621285,0.26811707622476133,0.573529411764706,-0.6051215757812255,-0.4729476732666259,-0.8801559219697151,-0.11551590602679211,0.45595459531644966,-1.011888431641518,-0.7172580166374555,-0.39898778949237507,-0.7084600088480024,Waste Management,Industrials,CWST
2012Q3,2012,Q3,2012-12-04,2012-10-31,-20967000.0,120335000.0,4374000.0,-0.68,34861000.0,0.28969958864835665,669475000.0,32079000.0,94029000.0,168374000.0,634410000.0,4017000.0,-299573000.0,141393760.0,627327760.0,1.0390969162995596,0.5584532053642486,0.7286829231860786,15.207300726331868,0.00854824999859992,1.0390969162995596,-0.6536051622556813,1.1750011218681182,-1.6859083321409836,4.40767355590885,0.0,21.278068210107044,0.0,0.1797453228275888,0.3041859194412439,-0.031318570521677434,-204.91849275362318,0.28969958864835665,-1.1935483870967745,-7.081953812252941,-0.3475102585515901,-0.8060751347645718,-0.041859058927000876,-1.5047186716043484,-0.23943661971830985,-10.268085970999993,-0.249969318209274,-0.5570212891034664,Waste Management,Industrials,CWST
2012Q2,2012,Q2,2012-08-30,2012-07-31,-8371000.0,121195000.0,5751000.0,-0.31,36384000.0,0.30021040471966665,643274000.0,7043000.0,72552000.0,90292000.0,633718000.0,3823000.0,-278606000.0,136309600.0,623610600.0,0.26092916419679907,0.8035263367740221,0.7629812490478396,69.68706517109186,0.012471250470436308,0.26092916419679907,-1.1885560130626154,1.124713065720533,-4.07088758810178,19.35391168536135,0.0,22.184410149097566,0.0,0.18840338642631288,0.6843684933327426,-0.013013117271955652,-12.417746196592876,0.30021040471966665,0.8306010928961748,-5.506388603784262,-0.25397326530441694,-0.9501763965228,0.14877494316746653,0.8295979643765903,1.1520262232678633,-1.8677436569745436,-0.1510441145417869,-0.8926134166991785,Waste Management,Industrials,CWST
2012Q1,2012,Q1,2012-06-28,2012-04-30,-49125000.0,109178000.0,-37829000.0,-1.83,31672000.0,0.2900950740991775,633743000.0,16431000.0,67356000.0,88335000.0,615512000.0,3595000.0,-270235000.0,161911530.0,634142530.0,0.6119325164798332,0.7625063678043811,0.7523002226454573,29.01618891120443,-0.07613701477866822,0.6119325164798332,-2.989775424502465,1.4830050926010734,-0.823977251908397,9.854027752419208,0.0,21.559388038942977,0.0,0.1722748811426714,0.7584196524593876,-0.07751564908803726,53.82697140957447,0.2900950740991775,-0.9891304347826086,0.0,0.0,0.0,-0.04544906570223026,-0.9941140653541709,-9.558597285067874,0.0,0.0,0.0,Waste Management,Industrials,CWST
2011Q4,2011,Q4,2012-03-02,2012-01-31,-24635000.0,114578000.0,4420000.0,-0.92,33180000.0,0.28958438792787444,674369000.0,64916000.0,64795000.0,84190000.0,608009000.0,3830000.0,-221110000.0,183998920.0,657153920.0,2.4202520319141003,0.769628221879083,0.7033033843489247,7.306149485488939,0.008367583335340236,2.4202520319141003,-0.3794904183868384,1.6058835029412277,-1.8672510655571344,2.8344155524061865,0.0,21.252741514360313,0.0,0.1699040139745451,0.5925169260007127,-0.03653044549793955,-23.638093525179855,0.28958438792787444,-29.666666666666668,-26.470179473795906,-0.1912549479958235,-0.5932123644802345,-0.23263720252549783,-31.202614379084967,-0.6198176500946155,-5.161422492342076,-0.097130843692849,-0.540232554386073,Waste Management,Industrials,CWST
2011Q3,2011,Q3,2011-12-01,2011-10-31,-765000.0,129866000.0,11626000.0,-0.03,43239000.0,0.33295088783823323,697940000.0,91325000.0,76470000.0,94429000.0,605345000.0,3781000.0,-196475000.0,168046520.0,629153520.0,3.412870436114952,0.8098147814760296,0.6670028942315959,5.097486996988776,0.02258440535240572,3.412870436114952,-0.00837667670407884,1.2939993531794312,-54.917163398692814,1.8400932931836846,0.0,22.911134620470776,0.0,0.18607043585408486,0.5662349490093086,-0.001096082757830186,38.77400092293493,0.33295088783823323,0.75,-1.302165024523091,-0.17062347363204858,-0.4326406669998828,0.030260430317615383,0.7501632919660353,0.13358034321372855,-1.3537032731331367,-0.21255886664256562,-0.36436090105409213,Waste Management,Industrials,CWST
2011Q2,2011,Q2,2011-08-31,2011-07-31,-3062000.0,127193000.0,10256000.0,-0.12,41969000.0,0.32996312690163765,694872000.0,91812000.0,78025000.0,86713000.0,603060000.0,3396000.0,-195711000.0,165759360.0,632253360.0,3.4562565878632734,0.8998074106535352,0.675517217559493,5.112599660175141,0.022144732887736353,3.4562565878632734,-0.0333507602492049,1.3032113402467116,-13.533585891574136,1.8054215135276437,0.0,25.09540636042403,0.0,0.18304522271727744,0.8030168486847417,-0.004406566964851081,-77.45764485981309,0.32996312690163765,0.0,-53.88534063692386,-0.15806055202173636,-0.41854652615332905,0.4164838502818185,-1.0626829617801798,4.873111782477341,-2.3493758068748503,-0.22757432117362958,-0.3169751195692662,Waste Management,Industrials,CWST
2011Q1,2011,Q1,2011-06-20,2011-04-30,48849000.0,109549000.0,-2648000.0,0.0,29629000.0,0.2704634455814293,690581000.0,93987000.0,72405000.0,83921000.0,596594000.0,3461000.0,-192649000.0,0.0,463290000.0,0.0,0.8627757057232397,0.6735010085710438,4.9486311936757215,0.0013862787962443453,0.0,0.5197420919914456,0.0,0.0,0.0,0.0,23.091592025426177,,0.15863309300429637,0.8061271910487244,0.07073609033552906,0.0,0.2704634455814293,1.0,0.0,0.0,0.0,-0.14599066120943102,8.674626865671641,-1.4210526315789473,0.0,0.0,0.0,Waste Management,Industrials,CWST
2010Q4,2010,Q4,2011-03-03,2011-01-31,-6365000.0,111627000.0,6289000.0,-0.24,34694000.0,0.31080294194056995,745159000.0,43416000.0,83208000.0,86844000.0,701743000.0,3538000.0,-241498000.0,209442300.0,771867300.0,1.6624928202182654,0.9581318225784164,0.7621943773073935,13.081721024507095,0.012143214892587803,1.6624928202182654,-0.14660493827160495,1.8762691821871054,-8.226327572663001,4.8240809839690435,0.0,21.744771057094404,0.0,0.14980292796570932,0.6960181474828429,-0.00854180114579573,116.16322795341098,0.31080294194056995,-4.999999999999999,-5.738051511744792,-0.18112809800239713,-0.7172848034023179,-0.27767483500239426,-4.515597920277297,-0.5453954026311985,-0.3454364117941877,-0.23149645925563486,-0.6776433359589907,Waste Management,Industrials,CWST
2010Q3,2010,Q3,2010-12-02,2010-10-31,-1154000.0,141009000.0,13834000.0,-0.04,48031000.0,0.3406236481359346,752225000.0,48429000.0,87653000.0,93092000.0,703796000.0,4038000.0,-235133000.0,122733180.0,684484180.0,1.8585079438176375,0.9415739268680445,0.7521619196384061,11.682979206673688,0.029223406812396727,1.8585079438176375,-0.023828697681141466,0.8703925281365019,-26.588643847487003,2.5342910239732395,0.0,23.02575532441803,0.0,0.18745588088670279,0.6679843595582864,-0.0015341154574761541,29.319918776875298,0.3406236481359346,0.6363636363636365,-1.2655338372590608,-0.014014118667444406,-0.6830752197882214,0.06745044003911459,0.6023432115782219,-0.048948164443833354,-1.3965850303495302,-0.09415843584132613,-0.6531498680341518,Waste Management,Industrials,CWST
2010Q2,2010,Q2,2010-09-03,2010-07-31,-2902000.0,139841000.0,14546000.0,-0.11,44996000.0,0.3217654335995881,751288000.0,48549000.0,85294000.0,89626000.0,702739000.0,4054000.0,-233979000.0,103360950.0,669394950.0,1.8741169658367112,0.9516658112601254,0.7564728839007145,11.706296731137613,0.031620856512199605,1.8741169658367112,-0.05977466065212466,0.7391319427063594,-8.90428583735355,2.129002657109312,0.0,23.395411938825852,0.0,0.18613501080810554,0.6720594470354585,-0.003862699790226917,-31.27411497730711,0.3217654335995881,0.0,-1.8960534228982915,0.016338407818778274,-0.6700396384472818,0.07258468212915067,0.4368329128662915,0.40215924426450744,-2.6277967413260175,-0.10307593260274034,-0.6421432580632667,Waste Management,Industrials,CWST
2010Q1,2010,Q1,2010-06-11,2010-04-30,-5153000.0,130721000.0,10374000.0,0.0,41951000.0,0.32092012760000305,754814000.0,50296000.0,82064000.0,90080000.0,704518000.0,3604000.0,-231077000.0,0.0,568376000.0,0.0,0.91101243339254,0.7556974300953613,11.341080801654208,0.0188382512954654,0.0,-0.10245347542548115,0.0,0.0,0.0,0.0,24.630965593784683,,0.1731830623173391,0.65922513321492,-0.0068268474087656034,0.0,0.32092012760000305,1.0,0.0,0.0,0.0,0.015959507894991766,-0.17755941499085923,-0.07142857142857142,0.0,0.0,0.0,Waste Management,Industrials,CWST
2009Q4,2009,Q4,2010-03-05,2010-01-31,-4376000.0,126056000.0,11172000.0,-0.17,41292000.0,0.32756869962556323,753077000.0,54790000.0,80015000.0,80563000.0,698287000.0,3556000.0,-225924000.0,113196720.0,684718720.0,2.120027859464479,0.9931978699899457,0.76179859430045,10.470761087789743,0.02342815513699256,2.120027859464479,-0.07986858915860559,0.8979875610839627,-6.466905850091408,2.0660105858733346,0.0,23.836895388076492,0.0,0.1673879297867283,0.8111415910529648,-0.00581082678132515,-40.54323782234957,0.32756869962556323,-1.8333333333333337,-4.0020098566178195,0.0407282159798637,-0.6250492707672254,-0.12254829044391083,-1.8214055448098,-0.19591190441917375,-4.06427953245188,-0.0765670920943189,-0.6436730105725644,Waste Management,Industrials,CWST
2009Q3,2009,Q3,2009-12-03,2009-10-31,-1551000.0,133733000.0,13894000.0,-0.06,47059000.0,0.3518877165695827,758418000.0,60362000.0,78904000.0,77419000.0,698056000.0,3431000.0,-221548000.0,71795070.0,640349070.0,2.345703959895854,1.0191813379144654,0.7523001827488272,9.45227129651105,0.03360128862231385,2.345703959895854,-0.025694973658924487,0.5368538057173622,-11.572383945841393,1.1894084026374208,0.0,25.262022733896824,0.0,0.176331521667471,0.7584443095364187,-0.0020450463992152087,-47.42078599735799,0.3518877165695827,0.4545454545454546,-1.437111000343242,0.012158615001558347,-0.5802521426887538,0.040782926020126065,0.44168466522678185,0.47855698627221455,-1.637050727075453,-0.11187453609915429,-0.610047595121358,Waste Management,Industrials,CWST
2009Q2,2009,Q2,2009-09-03,2009-07-31,-2778000.0,135861000.0,9397000.0,-0.11,45215000.0,0.3328033799250705,761871000.0,62417000.0,78050000.0,83551000.0,699454000.0,3309000.0,-219997000.0,70898880.0,639535880.0,2.429811585175958,0.9341599741475266,0.7485177936947331,9.136517294967717,0.019234030174096188,2.429811585175958,-0.04450710543601903,0.5218486541391569,-6.380388768898488,1.1358905426406265,0.0,27.393774554245997,0.0,0.17832546454714773,0.8243827123553279,-0.0036462865760739024,13.825834633385336,0.3328033799250705,0.0,-1.9316426025425044,0.04326123396677798,-0.5506844546982245,0.15580265848670757,0.9594156318480643,1.181003929424455,-50.492810680267716,-0.07001566460743704,-0.5912275749564988,Waste Management,Industrials,CWST
2009Q1,2009,Q1,2009-06-16,2009-04-30,-68450000.0,117648000.0,-51916000.0,0.0,39120000.0,0.3325173398612811,750962000.0,66310000.0,76735000.0,597784000.0,684652000.0,3114000.0,-217219000.0,0.0,560650000.0,0.0,0.12836576422252854,0.7490232528410226,8.482702458151108,-0.09048082977780778,0.0,-1.0322726587241744,0.0,0.0,0.0,0.0,25.217726396917147,,0.1566630535233474,0.12406822531215289,-0.09114975191820625,0.0,0.3325173398612811,1.0,0.0,0.0,0.0,0.09668918729500155,-16.93293162169243,-28.30983692793267,0.0,0.0,0.0,Waste Management,Industrials,CWST
2008Q4,2008,Q4,2009-03-06,2009-01-31,-3817000.0,121151000.0,1901000.0,-0.15,35671000.0,0.2944342184546558,845152000.0,134792000.0,90213000.0,83968000.0,710360000.0,3525000.0,-148769000.0,70672560.0,649596560.0,5.264078731547293,1.0743735708841464,0.6885223013138465,4.317066294735593,0.0014141880562937364,5.264078731547293,-0.02831770431479613,0.5833427705920711,-4.628802724652869,0.5243082675529704,0.0,24.24964539007092,0.0,0.14334817878914088,0.6622641958841463,-0.004516347355268638,2208.5175,0.2944342184546558,-2.8749999999999996,-3.4072759268355206,0.08882909457444411,-0.05280043044687999,-0.33709347704887566,-2.8475314617618586,-0.8812320379857553,-3.8978227592224317,-0.09359559285260695,-0.10481715445863844,Waste Management,Industrials,CWST
2008Q3,2008,Q3,2008-12-04,2008-10-31,2066000.0,157538000.0,16006000.0,0.08,53810000.0,0.34156838350112356,856456000.0,137242000.0,101634000.0,96854000.0,719214000.0,4582000.0,-144952000.0,128827440.0,701673440.0,5.369195258401471,1.0493526338612758,0.6724875533594253,4.196645341804987,0.009559856436474,5.369195258401471,0.015053700762157358,0.817754700453224,15.588993223620523,0.9386881566867286,0.0,22.638149279790486,0.0,0.1839417319745556,0.7015920870588721,0.0024122663627787065,35.1795303113053,0.34156838350112356,0.0,-0.6602713644627348,0.3173083222028463,-0.02956629018153085,0.006509296322621675,-0.050551470588235295,0.02919238683127572,-0.5153729854624177,0.12298105729478093,-0.08441014048741723,Waste Management,Industrials,CWST
2008Q2,2008,Q2,2008-09-04,2008-07-31,2176000.0,157904000.0,15552000.0,0.08,53462000.0,0.3385728037288479,855389000.0,128899000.0,109962000.0,113081000.0,726490000.0,4105000.0,-147018000.0,329111160.0,893853160.0,5.06022062576061,0.9724180012557371,0.6634724084597767,4.402881325689106,0.010867533758821117,5.06022062576061,0.01688143430127464,2.0842484040936267,37.811484375,2.5532483572409403,0.0,25.442630937880633,0.0,0.1845990537638431,0.6452100706573164,0.0025438718524554327,-126.87400154202004,0.3385728037288479,0.0,-0.6723169096933991,0.29324707856382265,-0.036550082793191156,0.1763592756397562,1.2788671023965141,1.5043478260869565,-0.3167197195523522,0.16707952448760358,-0.10908856936415516,Waste Management,Industrials,CWST
2008Q1,2008,Q1,2008-06-20,2008-04-30,-7803000.0,136718000.0,6210000.0,0.0,45447000.0,0.3324141663862842,836087000.0,124682000.0,95485000.0,112824000.0,711405000.0,3876000.0,-149194000.0,0.0,559171000.0,0.0,0.8463181592568957,0.672160911484092,4.5073466899793075,0.010507316371990112,0.0,-0.06258321169054074,0.0,0.0,0.0,0.0,23.547729618163054,,0.16352126034730835,0.6187956463163866,-0.009332760825129443,0.0,0.3324141663862842,1.0,0.0,0.0,0.0,0.01680239842491498,-0.6948305821025196,-0.1468608325319412,0.0,0.0,0.0,Waste Management,Industrials,CWST
2007Q4,2007,Q4,2008-03-07,2008-01-31,-4604000.0,141359000.0,7279000.0,-0.18,44696000.0,0.31618786210994704,830141000.0,131073000.0,94088000.0,106632000.0,699068000.0,3692000.0,-141930000.0,308283950.0,859151950.0,5.1573086759787525,0.8823617675744617,0.6670746294906528,4.224867058814554,0.011829372649823786,5.1573086759787525,-0.03512546443584873,2.180858311108596,-16.7400059730669,2.3520019378514267,0.0,26.181744312026,0.0,0.1702831205783114,0.6309831945382249,-0.00554604579222084,-3626.87,0.31618786210994704,-2.6363636363636362,-4.487104009583946,0.3777133187352078,-0.005214100309961389,-0.17939302697045917,-2.6268551236749116,-0.5241550630842648,-4.211735216874472,0.18677090280665554,-0.0878720577638012,Waste Management,Industrials,CWST
2007Q3,2007,Q3,2007-12-07,2007-10-31,2830000.0,151395000.0,15297000.0,0.11,54467000.0,0.3597674956240299,832046000.0,135794000.0,98627000.0,109606000.0,696252000.0,3589000.0,-137326000.0,373302390.0,922158390.0,5.358244880243065,0.8998321259785048,0.6622518466527091,4.057793422389796,0.027152129900894995,5.358244880243065,0.020840390591631442,2.4657511146339046,32.97724293286219,2.7490344934238626,0.0,27.006965728615214,0.0,0.18195508421409393,0.5499242742185647,0.0034012542575771053,-67.65175607104023,0.3597674956240299,0.5714285714285713,-0.4281541484099494,0.23706054331120188,0.0426602934077694,0.06536919315403424,0.6236374067699368,0.21202757309246495,-0.1901608458757864,0.16346659244756745,-0.04117832178156043,Waste Management,Industrials,CWST
2007Q2,2007,Q2,2007-09-07,2007-07-31,1743000.0,152433000.0,12621000.0,0.07,51125000.0,0.3353932547414274,831639000.0,132639000.0,95672000.0,190017000.0,699000000.0,3536000.0,-139230000.0,281889510.0,750308510.0,5.237059264816204,0.503491792839588,0.5685122992067472,3.5645398412231697,0.014390212813493692,5.237059264816204,0.01314093140026689,1.8492682686819784,40.431656626506026,2.1252385045122475,0.0,28.650452488687783,0.0,0.1832922698430449,0.352978943989222,0.0020958613052057444,-136.5082372881356,0.3353932547414274,0.0,1.0270657911454133,0.22988106687980034,0.06314080662998404,0.24008538093967546,1.0899659337256116,1.6317765430244782,-0.40712788023541974,0.1871997657133531,-0.03157423657678129,Waste Management,Industrials,CWST
2007Q1,2007,Q1,2007-06-22,2007-04-30,-19374000.0,122162000.0,-19977000.0,0.0,41227000.0,0.33747810284703916,832566000.0,129496000.0,93273000.0,186625000.0,703070000.0,3524000.0,-143101000.0,0.0,466831000.0,0.0,0.49978834561286,0.5755627782061723,3.7004540680793228,-0.01963629032407503,0.0,-0.1496107987891518,0.0,0.0,0.0,0.0,22.966799091940977,,0.14672950853145578,0.40042330877427995,-0.02327022722522899,0.0,0.33747810284703916,1.0,0.0,0.0,0.0,-0.05641765082852696,-21.927810650887572,-3.2659936479128855,0.0,0.0,0.0,Waste Management,Industrials,CWST
2006Q4,,,,,,,,,,,,,,,,,,315912500.0,786506500.0,5.949669607881929,0.9775419908154921,0.5679340309859453,3.2089900642432463,0.07534281876596814,5.949669607881929,-0.005619621456978306,2.366527582177209,-93.46523668639053,2.100956998257585,0.0,28.185812931575644,0.0,0.15712131787370925,0.7745287173142653,-0.00099457281038028,-186.81992903607332,0.3273005123902556,-1.3333333333333333,-7.1076992727784685,0.23007780543193368,-0.21114069481945838,-0.18538267922065815,-1.3535564853556485,-0.39604028224977733,-1.539939830208486,0.2155501953859629,0.07056234888655802,Waste Management,Industrials,CWST
