Quarters,Year,Quarter,FillingDate,Date,NetIncome,Revenue,OperatingIncome,EPSDiluted,GrossProfit,GrossProfitRatio,TotalAssets,CommonStockEquity,CurrentAssets,CurrentLiability,TotalLiability,Inventory,RetainedEarnings,MarketCap,EnterpriseValue,bookValuePerShare,currentRatio,debtToAssets,debtToEquity,roic,shareholdersEquityPerShare,roe,priceToSalesRatio,peRatio,pbRatio,payoutRatio,inventoryTurnover,dividendYield,assetTurnover,quickRatio,returnOnAssets,priceToFreeCashFlowsRatio,grossProfitMargin,epsdilutedGrowth,fiveYNetIncomeGrowthPerShare,fiveYRevenueGrowthPerShare,fiveYShareholdersEquityGrowthPerShare,grossProfitGrowth,netIncomeGrowth,operatingIncomeGrowth,threeYNetIncomeGrowthPerShare,threeYRevenueGrowthPerShare,threeYShareholdersEquityGrowthPerShare,Industry,Sector,Symbol
2023Q1,2023,Q1,2023-04-19,2023-03-31,613379.0,1755738.0,1905905.0,0.0534,1755738.0,1.0,73669010.0,42833300.0,1334239.0,22842102.0,30835710.0,0.0,-1918595.0,59509330.26499999,88063986.26499999,3.7262727224880154,0.05841139313711146,0.3886281083456938,0.6684016407794869,0.012939602099618468,3.7262727224880154,0.014320143439800342,33.894197348921075,24.254714566768666,1.3893239667501684,2.342545147453695,0.0,0.024145255770843116,0.023832789391360083,0.05841139313711146,0.008326146910349413,45.430749783760625,1.0,0.06586826347305398,-0.5588837394443588,-0.022013214871894587,0.3006881137727994,0.08499779074833379,0.06445981240292589,0.05183730257061762,-0.4931552201889628,0.08326724826255734,0.09552068701696688,REIT—Mortgage,Real Estate,LOAN
2022Q4,2022,Q4,2023-03-10,2022-12-31,576235.0,1618195.0,1811977.0,0.0501,1618195.0,1.0,76280001.0,42863573.0,1467042.0,31036947.0,33416428.0,0.0,-1885056.0,61268056.85,92185080.85,3.728906314906248,0.047267600128324476,0.4066670633630432,0.7237045777774989,0.011791081431321574,3.728906314906248,0.013443466320458166,37.86197389684185,26.581193805478666,1.4293735347260947,2.4935451682039447,0.0,0.023452155558284202,0.02121388278429624,0.047267600128324476,0.0075542080813554265,53.43059065916098,1.0,-0.2220496894409938,-0.5198474239316546,-0.07274092101325212,0.35918998763356574,0.0024891941837852974,-0.22132825601366443,0.0452955622255848,-0.5752270843382624,-0.05878885355725145,0.12678654588494076,REIT—Mortgage,Real Estate,LOAN
2022Q3,2022,Q3,2022-10-21,2022-09-30,740023.0,1614177.0,1733459.0,0.0644,1614177.0,1.0,74766158.0,43103068.0,1241897.0,29297738.0,31663090.0,0.0,-1642294.0,64831489.8,94103838.8,3.749741125338138,0.04238883561591,0.3929860485809636,0.681669736363082,0.014253407071374902,3.749741125338138,0.017168685069007154,40.16380471286606,21.90184960467445,1.5041038331656575,1.941653164834066,0.0,0.022163118639300497,0.021589674301573714,0.04238883561591,0.00989783372311307,55.314091843342624,1.0,-0.4633333333333333,-0.4567817278398809,-0.08075181851546757,0.31476337446529373,-0.07386733313366864,-0.4542740078788585,0.00022618860090233096,-0.4592871042237958,-0.07405811972017719,0.09354552340243753,REIT—Mortgage,Real Estate,LOAN
2022Q2,2022,Q2,2022-07-22,2022-06-30,1356034.0,1742922.0,1733067.0,0.12,1742922.0,1.0,70922706.0,43299929.0,1169954.0,25174147.0,27622777.0,0.0,-1442167.0,64371691.99999999,89542032.0,3.7668670011035283,0.04647442473423231,0.3565566435099078,0.5840185557810037,0.025146051034088436,3.7668670011035283,0.031317233799621244,36.93320297752854,11.86763974944581,1.4866465947322915,1.059610599734225,0.0,0.022321426629581215,0.02457495065120612,0.04647442473423231,0.01911988524521329,46.23154377840468,1.0,0.26182965299684535,0.14013321042257024,0.09679443113207525,0.3316824155733147,-0.0243088405045831,0.24064870759850834,-0.01345868128490189,0.051147328158927495,0.05046552479636605,0.09843084476893046,REIT—Mortgage,Real Estate,LOAN
2022Q1,2022,Q1,2022-04-14,2022-03-31,1093004.0,1786346.0,1756710.0,0.0951,1786346.0,1.0,70048655.0,43377497.0,1174283.0,24234299.0,26671158.0,0.0,-1361333.0,72992900.75,97245380.75,3.7736150107721262,0.04845541436952643,0.3482985647618787,0.5624539839170527,0.019791818573318472,3.7736150107721262,0.025197488919196976,40.861569231268746,16.695478870617123,1.6827365753722487,1.3146045211179465,0.0,0.019685037657583435,0.02550150320516504,0.04845541436952643,0.015603497311975512,50.170700588566426,1.0,0.1668711656441718,-0.022276509907775327,0.15277612209581345,0.3284615190413852,0.1793475892756934,0.18394776350594572,0.27644501152405226,-0.18123671022793833,0.06413818295422026,0.09681906225144084,REIT—Mortgage,Real Estate,LOAN
2021Q4,2021,Q4,2022-03-11,2021-12-31,923186.0,1514690.0,1376252.0,0.0815,1514690.0,1.0,67205717.0,43386242.0,1097989.0,21477898.0,23819475.0,0.0,-1349322.0,62325461.0,83830892.0,3.828681363463962,0.05112180903364007,0.3221151111296082,0.49895948582041283,0.016908053265559782,3.828681363463962,0.021278312143282657,41.147337739075326,16.877817958677884,1.4365259152889989,1.5564230826723975,0.0,0.023054269907446013,0.02253811234541252,0.05112180903364007,0.013736718261632414,43.01137507021861,1.0,-0.18500000000000003,-0.06263517698661854,0.06676148046439552,0.3958328522865541,0.0,-0.16801232860046053,0.0,-0.2751889524488058,-0.16410219743604912,0.15234801389870037,REIT—Mortgage,Real Estate,LOAN
2021Q3,2021,Q3,2021-10-20,2021-09-30,1109615.0,1444899.0,0.0,0.1,0.0,0.0,55116277.0,45106992.0,0.0,0.0,10009285.0,0.0,374695.0,77056933.6,86426985.6,3.980531423586261,0.0,0.17199536173315916,0.21016129827499913,0.0,3.980531423586261,0.024599623047353723,53.33032523380527,17.36118689815837,1.7083146133974085,1.294924816265101,0.0,0.018646835954551924,0.02621546807307032,0.0,0.02013225603028303,68.71022196621063,0.0,-0.09090909090909087,0.026931822871194045,0.0076613229459304615,0.30797814754497416,0.0,0.04866452072634347,0.0,-0.2367078633754711,-0.19166914672864943,0.10574169396305419,REIT—Mortgage,Real Estate,LOAN
2021Q2,2021,Q2,2021-07-23,2021-06-30,1058122.0,1398371.0,0.0,0.11,0.0,0.0,54954350.0,33076519.0,0.0,0.0,21877831.0,0.0,701948.0,75516568.25,96749547.25,3.438327246153694,0.0,0.38916238659905905,0.6465664056123923,0.0,3.438327246153694,0.03199012568402376,54.00324252290701,17.842122234014603,2.283086930943368,1.000068045083648,0.0,0.014012739515609544,0.025446047492145754,0.0,0.01925456310555943,78.3479048349245,0.0,-0.0833333333333333,0.1276039180021456,0.10770663074568315,0.3429221794863403,0.0,-0.04317600005063891,0.0,-0.06025808866685485,-0.06016103305681456,0.19906327163090787,REIT—Mortgage,Real Estate,LOAN
2021Q1,2021,Q1,2021-04-14,2021-03-31,1105869.0,1414850.0,0.0,0.12,0.0,0.0,60066031.0,33073325.0,0.0,0.0,26992706.0,0.0,702020.0,58681664.5,84899256.5,3.4379952276234427,0.0,0.43990630910838774,0.7989346701609228,0.0,3.4379952276234427,0.03343688607057198,41.475537689507725,13.265961994594296,1.774289839319149,0.9568891071184743,0.0,0.01803278773730081,0.023554910761458502,0.0,0.018410888510346224,55.100930529537976,0.0,0.19682054480965638,0.20094202427856106,0.15664122871316427,0.35420302338921317,0.0,0.14589392904770737,0.0,-0.04969687682592667,-0.05828825837894161,0.20006233059389386,REIT—Mortgage,Real Estate,LOAN
2020Q4,2020,Q4,2021-03-11,2020-12-31,965071.0,1430595.0,0.0,0.10026565847353909,0.0,0.0,59843415.0,31964190.0,0.0,0.0,27879225.0,0.0,-403849.0,50146979.4,76299778.4,3.320906501100244,0.0,0.43922047229423655,0.8223093718314151,0.0,3.320906501100244,0.030192255771223985,35.053232675914565,12.990489663454813,1.5688487460498763,0.9968126697413973,0.0,0.019183508388941967,0.023905637738086974,0.0,0.01612660306902606,52.769796600431235,0.0,-0.1644528460538409,0.22919079932099498,0.13844083572713456,0.35959527859900625,0.0,-0.16146625736486914,0.0,-0.03962966245080991,-0.020990773662220834,0.2104736576832322,REIT—Mortgage,Real Estate,LOAN
2020Q3,2020,Q3,2020-10-20,2020-09-30,1150903.0,1456310.0,0.0,0.12,0.0,0.0,59020856.0,33016042.0,0.0,0.0,26004814.0,0.0,651269.0,41965610.400000006,67228213.4,3.4301882362230574,0.0,0.4306836552828038,0.76990809498001,0.0,3.4301882362230574,0.03485890283275021,28.81639925565299,9.11580089720854,1.271067270873959,0.8364597190206299,0.0,0.02293983075246774,0.02467449811300602,0.0,0.01949993744584118,32.9146947287842,0.0,0.09090909090909087,0.35159821917230993,0.2548943495868441,0.3583135520488629,0.0,0.04896270627844788,0.0,0.008945520662038695,-0.009543745743852713,0.2027192570796727,REIT—Mortgage,Real Estate,LOAN
2020Q2,2020,Q2,2020-07-23,2020-06-30,1097182.0,1416553.0,0.0,0.11,0.0,0.0,57042312.0,32851937.0,0.0,0.0,24190375.0,0.0,463050.0,44868367.300000004,68383276.30000001,3.411981215995796,0.0,0.4156376936474805,0.7216906266440241,0.0,3.411981215995796,0.03339778716853134,31.674330081543015,10.223547073320562,1.3657753970488864,0.9656975779770357,0.0,0.02361454324637304,0.024833372812799032,0.0,0.019234528923021212,52.214595365800584,0.0,0.0,0.39012515017871496,0.2524560225041831,0.21415133825703928,0.0,0.07966763167890481,0.0,0.10132688075664437,0.06422304976977279,0.20622134688507918,REIT—Mortgage,Real Estate,LOAN
2020Q1,2020,Q1,2020-04-13,2020-03-31,1016222.0,1361002.0,0.0,0.11,0.0,0.0,57937611.0,32831870.0,0.0,0.0,25105741.0,0.0,425414.0,39478884.51,63752289.51,3.4013713904704246,0.0,0.42262645244381924,0.7457987315373751,0.0,3.4013713904704246,0.030952303356464313,29.00722005551792,9.712170300879137,1.2024561656098174,1.1405588542660954,0.0,0.02935901088356258,0.023490820151352114,0.0,0.01753993619101761,34.99314787681851,0.0,-0.06791232165289464,0.34756592306379713,0.1798315727130546,0.49328616737663766,0.0,-0.10790499156820797,0.0,0.0825506454739264,0.04593208681225156,0.19741706329594327,REIT—Mortgage,Real Estate,LOAN
2019Q4,2019,Q4,2020-03-17,2019-12-31,1139141.0,1443705.0,0.0,0.11801464878826183,0.0,0.0,54443026.0,31943418.0,0.0,0.0,22499608.0,0.0,-590808.0,61390148.04000001,82123346.04,3.3093280431190175,0.0,0.3829986415523634,0.6527668704707805,0.0,3.3093280431190175,0.035661211959221145,42.52264004072855,13.472903714289979,1.9218403002458913,1.0174868607134675,0.0,0.018880244420404237,0.02651772148006615,0.0,0.02092354308153261,50.84554474339171,0.0,-0.016544593431151375,0.8130830301575462,0.266960481454972,0.4528326457258904,0.0,-0.009415905993987663,0.0,0.3578699267213458,0.1936672342389873,0.2064907896643194,REIT—Mortgage,Real Estate,LOAN
2019Q3,2019,Q3,2019-10-21,2019-09-30,1149969.0,1464789.0,0.0,0.12,0.0,0.0,61178253.0,33119133.0,0.0,0.0,28059120.0,0.0,588173.0,62201435.52,89550796.52000001,3.428975790300217,0.0,0.44910277186241326,0.8295906477986607,0.0,3.428975790300217,0.03472219517340626,42.464433798997675,13.52241571729325,1.8781118310071705,1.00781586286239,0.0,0.018632319178989904,0.02394296875394595,0.0,0.01879702253021184,53.40425877973227,0.0,0.09090909090909087,0.5228920689851596,0.3261304708274032,0.35532091492595913,0.0,0.060814930773041294,0.0,0.2486585518813703,0.198506623427772,0.12674035823404117,REIT—Mortgage,Real Estate,LOAN
2019Q2,2019,Q2,2019-07-26,2019-06-30,1084043.0,1394234.0,0.0,0.11,0.0,0.0,56985658.0,33124855.0,0.0,0.0,23860803.0,0.0,597161.0,62302594.65,85516996.65,3.4293164827285407,0.0,0.40960430780671164,0.7046542845244153,0.0,3.4293164827285407,0.03272596966839553,44.68589537337348,14.368109625263942,1.8808412791542786,1.0695498241305925,0.0,0.01860978674344825,0.024466401704091933,0.0,0.01902308472072043,66.71049029633001,0.0,-0.0833333333333333,0.14201667845550833,0.20346921943500204,0.5535617169592705,0.0,-0.03327575428699335,0.0,0.1505182487328662,0.0999278183678838,0.3394028070731184,REIT—Mortgage,Real Estate,LOAN
2019Q1,2019,Q1,2019-04-15,2019-03-31,1121357.0,1410094.0,0.0,0.12,0.0,0.0,55799588.0,33220794.0,0.0,0.0,22578794.0,0.0,672556.0,61603882.78,83442494.78,3.4405082302508725,0.0,0.39450531426862867,0.6626341923073843,0.0,3.4405082302508725,0.03375467184799978,43.687784488126326,13.734226205392217,1.854377194596854,1.0333167760133481,0.0,0.01880915532772527,0.025270688378559353,0.0,0.020096151964419523,54.73273520265828,0.0,0.06762725076430616,1.373301242413754,0.24494608214573535,0.6159527428307877,0.0,0.03322497599737584,-1.0,0.21324200668594803,0.14847492154381448,0.3551928780953824,REIT—Mortgage,Real Estate,LOAN
2018Q4,2018,Q4,2019-03-18,2018-12-31,1085298.0,1544028.0,1082298.0,0.11239877954978474,0.0,0.0,55903132.0,32081375.0,55787961.0,23821757.0,23821757.0,0.0,-448801.0,54265489.22,76136455.22,3.3225044147128027,2.341891112397797,0.3948731888581842,0.6880829764933704,0.019984813138882077,3.3225044147128027,0.03382953504954198,35.14540488903051,12.500135727698751,1.6914951188968677,1.0684917875090527,0.0,0.021369603714410223,0.027619704742124287,0.033602013487082416,0.019413903321194956,48.31049593818022,0.0,-0.13539400346319436,7.251527555057236,0.43700955261992636,0.5902066568694574,0.0,-0.08707962517454282,-0.09009451331778569,0.3779348560700433,0.22480960202280847,0.360249472206241,REIT—Mortgage,Real Estate,LOAN
2018Q3,2018,Q3,2018-10-18,2018-09-30,1188820.0,1461783.0,1189462.0,0.13,0.0,0.0,61161223.0,33359901.0,61013627.0,152394.0,27801322.0,0.0,784249.0,58937878.32,85948238.32,3.599874586730797,400.3676457078363,0.4439263093218394,0.8138835903619738,0.019646352760095083,3.599874586730797,0.03563619688199914,40.31917071138466,12.394197254420352,1.7667282142114271,0.8194158913880991,0.0,0.01652821628072478,0.02390048675122144,5.137006706300773,0.019437479201486862,48.805956892868146,0.0,0.08333333333333341,1.820258875214425,0.4237212788634286,0.7314314888081946,-1.0,0.2521961516261002,0.2528723767311152,0.45008902147477814,0.3082956940077574,0.42550731916007056,REIT—Mortgage,Real Estate,LOAN
2018Q2,2018,Q2,2018-07-27,2018-06-30,949388.0,1254543.0,949388.0,0.12,1254626.0,1.0000661595497324,52720220.0,23259174.0,52546795.0,3617511.0,29461046.0,0.0,569568.0,61240133.8,89955602.8,2.8675111042948114,14.525676632358547,0.5471327509634824,1.2401540570615277,0.018220972988841403,2.8675111042948114,0.04081778656456158,48.81469491280888,16.126213360607043,2.6329453401913585,1.0249465971762861,0.0,0.01588944928137959,0.023796239848771494,0.19358476035041774,0.018008043213780217,60.95073968796156,1.0000661595497324,0.0,2.1679534699264593,0.4410396910282385,0.40529355146263324,-0.009586586357428735,-0.03214335958765157,-0.31135052875224045,0.4278550934680328,0.3166804257773864,0.020401996477683922,REIT—Mortgage,Real Estate,LOAN
2018Q1,2018,Q1,2018-04-16,2018-03-31,980918.0,1266437.0,1378623.0,0.12,1266770.0,1.0002629424124532,46856193.0,23230857.0,46740009.0,144273.0,23625336.0,0.0,593252.0,56357091.300000004,79331899.30000001,2.8648472166625107,323.96920421700526,0.4942855686120296,0.9969645114685179,0.0297173405549333,2.8648472166625107,0.04222478748846846,44.5005091449476,14.363354352759355,2.425958340667329,0.9093349291174185,0.0,0.01582734274293535,0.02702816679963735,4.737608561546512,0.020934649983194324,55.03541578980777,1.0002629424124532,0.1493909506046553,1.992569273478782,0.5272493322447058,0.4231255856873769,0.0,0.15865853687346296,0.6284269511621808,0.5483599554815656,0.3068406655604683,0.2577387850898332,REIT—Mortgage,Real Estate,LOAN
2017Q4,2017,Q4,2018-03-19,2017-12-31,846598.0,1231081.0,846598.0,0.10440311883164914,0.0,0.0,45896696.0,22246673.0,45795486.0,18272607.0,23650023.0,0.0,-387666.0,48207612.63,70363181.63,2.7434768861110475,2.5062371231428555,0.4856996677930804,1.0020379227042173,0.01900815073494652,2.7434768861110475,0.03805503861184097,39.15876585699885,14.235685836134742,2.1669582966405807,0.9817717499923222,0.0,0.017241384807401942,0.02682286759813822,0.036748231929904694,0.01844572864242777,58.834686760868664,0.0,-0.1299740097362571,12.99059280530171,1.5142731811040715,0.3858863509222848,0.0,-0.118788909579368,-0.12885307978843819,0.6039663295427478,0.2860238894085106,0.2044175527488477,REIT—Mortgage,Real Estate,LOAN
2017Q3,2017,Q3,2017-10-19,2017-09-30,960721.0,1238354.0,971820.0,0.12,0.0,0.0,45174110.0,23119957.0,45040476.0,16695508.0,22054153.0,0.0,488884.0,47423019.15,68843975.15,2.8520273671778655,2.697760140032876,0.47666993328700885,0.9313659190629118,0.02173890813767312,2.8520273671778655,0.04155375375481883,38.29520407734783,12.34047635838084,2.0511724632532835,0.8644007989832636,0.0,0.017511495785902532,0.027412914166986355,0.03716724282962818,0.02126707089525394,46.95729668151275,0.0,0.1999999999999999,2.1712771001637687,0.3445206340759691,0.45754641201626994,0.0,0.14362561989177042,0.1407168127258087,0.5158683401814237,0.3357869685108035,0.12727898272473678,REIT—Mortgage,Real Estate,LOAN
2017Q2,2017,Q2,2017-07-27,2017-06-30,840066.0,1122409.0,851938.0,0.1,0.0,0.0,41959861.0,22965978.0,41823968.0,13629010.0,18993883.0,0.0,358611.0,48308359.4,66689201.4,2.8286526555070717,3.068745859016906,0.44103749533393355,0.805795076525807,0.020496885612377773,2.8286526555070717,0.03657871656935315,43.03988955897538,14.376358345653795,2.1034749489005,0.9683810557741892,0.0,0.016839818410392966,0.026749588136147542,0.04271388750907072,0.020020705025691102,55.11393878961984,0.0,0.0,4.587477719876469,0.4420793506605146,0.4754097935000895,0.0,0.06183032526110758,0.07683634814680926,0.05288379401431807,0.1526343399329568,0.28144675427404314,REIT—Mortgage,Real Estate,LOAN
2017Q1,2017,Q1,2017-04-25,2017-03-31,791149.0,1096663.0,791149.0,0.1,0.0,0.0,36055086.0,23108305.0,27457377.0,7625679.0,12946781.0,0.0,332049.0,47996712.400000006,60414202.400000006,2.8405903796860885,3.600646840760016,0.347749801512053,0.5425819418602965,0.022194325415930572,2.8405903796860885,0.03423656559838552,43.76614547951377,15.166774021075677,2.0770330147537868,1.0282551074449946,0.0,0.016949140041516677,0.03041631907354208,0.06633179812578001,0.02194278499294108,63.59496823346253,0.0,0.1505943886318667,2.287304337241886,0.3370103481905344,0.34513999427148884,0.0,0.11897673221324727,0.11111906958845777,0.9874452772690517,0.14922111617126937,0.3341807396222314,REIT—Mortgage,Real Estate,LOAN
2016Q4,2016,Q4,2017-03-15,2016-12-31,707029.0,1019326.0,712029.0,0.08691160063704696,0.0,0.0,35333524.0,22313890.0,27967715.0,7717303.0,13019634.0,0.0,-459100.0,61826273.599999994,73515153.6,2.742936847482912,3.624027072670336,0.3335410020240268,0.528154391726409,0.020881185935017758,2.742936847482912,0.03168560031442299,60.65407298548256,21.861293384005464,2.770752818087747,1.1491593697005356,0.0,0.01314148423785968,0.0288486933825225,0.05737989035806939,0.020010146737698735,82.55534211858081,0.0,-0.13088399362953043,40.94647332589357,0.3196084709038775,0.31790869115020876,0.0,-0.024169784732679035,-0.01726886401183646,5.380438207454687,0.12601846738549713,0.31281584305039595,REIT—Mortgage,Real Estate,LOAN
2016Q3,2016,Q3,2016-10-26,2016-09-30,724541.0,961513.0,724541.0,0.1,0.0,0.0,33087790.0,23124675.0,24746382.0,4679556.0,9963115.0,0.0,459863.0,54482148.42,63870243.42,3.0432705860243683,5.288190161630719,0.28852377266659396,0.41283235331956014,0.022176688529185366,3.0432705860243683,0.03133194304352385,56.662934791313276,18.798849347379928,2.3560179081435737,0.9058162340019406,0.0,0.012046165928344277,0.029059450631184494,0.09891045218819905,0.021897533803254918,71.60346860966214,0.0,0.0,2.490114232845984,0.28062869527848044,0.33877503497796346,0.0,0.020386865991141655,0.003930974471528494,1.0962262291941025,0.14208793168695022,0.46372169214693726,REIT—Mortgage,Real Estate,LOAN
2016Q2,2016,Q2,2016-07-28,2016-06-30,710065.0,955249.0,721704.0,0.1,0.0,0.0,34165505.0,18637510.0,25189552.0,10249461.0,15527995.0,0.0,391623.0,38726046.24,53346669.24,2.560332459077289,2.4576465045332627,0.43166705716774856,0.7913140220984456,0.02156742005649934,2.560332459077289,0.03809870524549685,40.5402635752563,13.6346835289727,2.077855155543847,0.8704273552421257,0.0,0.015959801219304643,0.027959457938643083,0.04174512201178189,0.02078309686919599,46.71152086673012,0.0,0.0,2.723097580167947,0.2770759947485153,0.06907158990458112,0.0,0.021200188689014042,0.037181388611044044,1.640163448631699,0.22265698962945818,0.25475318611769354,REIT—Mortgage,Real Estate,LOAN
2016Q1,2016,Q1,2016-05-02,2016-03-31,695324.0,923671.0,695832.0,0.1,0.0,0.0,30329798.0,18441645.0,20357404.0,11888153.0,11888153.0,0.0,299618.0,31598569.65,43048408.65,2.538759084305577,1.7124110027857145,0.3795316407976077,0.6241914970166706,0.023214018686690107,2.538759084305577,0.03770401176250817,34.209766951652696,11.361095564801444,1.7134355232410123,0.8879932233030933,0.0,0.01954021991625181,0.03045424173283317,0.03584131193466302,0.02292544117834217,44.505153042684626,0.0,0.22593400176530865,2.937512405952639,0.24771512309423127,0.07445016055663568,-1.0,0.17348121870416908,0.14826794106775096,1.3680143332564552,0.24345267387526875,0.26113985686837554,REIT—Mortgage,Real Estate,LOAN
2015Q4,2015,Q4,2016-03-08,2015-12-31,592531.0,948369.0,605984.0,0.08157045962996619,1145205.0,1.2075521236986868,31656410.0,17742923.0,20721273.0,13913487.0,13913487.0,0.0,-395707.0,31889131.209999997,44699014.20999999,2.4425698980966373,1.4892940209740377,0.40802854777278913,0.7279927326517733,0.019778560985878785,2.4425698980966373,0.03339534303338858,33.62523575738979,13.454625669374261,1.7972873584583555,0.9754088815606272,0.0,0.018124043461515176,0.029958198039512378,0.03517507868444481,0.018717567784849894,51.52000466907713,1.2075521236986868,-0.09366155966704232,9.236723526136068,0.46141139012132404,0.04600093813608654,0.11001099150339341,-0.07272869539361977,-0.054641893262195596,9.93089074728106,1.1621647472460344,0.23388110178113097,REIT—Mortgage,Real Estate,LOAN
2015Q3,2015,Q3,2015-10-29,2015-09-30,639005.0,870883.0,641010.0,0.09,1031706.0,1.1846665970055679,29772987.0,18240558.0,16072086.0,11532429.0,11532429.0,0.0,207166.0,29614476.299999997,40747035.3,2.5253287291796545,1.3936427442995747,0.37596842399454244,0.6136710839657428,0.021709564918242726,2.5253287291796545,0.0350320971540454,34.00511469393707,11.586167674744328,1.6235510064988143,0.903590738726614,0.0,0.019497187596729512,0.029250776887115828,0.03327364946274545,0.0214625761264733,40.327468237216586,1.1846665970055679,0.12499999999999993,4.173018268890159,0.3079283772115107,0.0803424293212678,0.13131364081960276,0.20467197924737812,0.1752184937270712,1.3673054459539975,0.06119600541306434,0.2905850311035467,REIT—Mortgage,Real Estate,LOAN
2015Q2,2015,Q2,2015-07-31,2015-06-30,530439.0,760118.0,545439.0,0.08,911954.0,1.199753196214272,26536086.0,18184394.0,15265708.0,8351692.0,8351692.0,0.0,145559.0,28407272.95,36451142.95,2.81017786538359,1.8278581154573228,0.3048388899553612,0.44484468385363846,0.02075994462126943,2.81017786538359,0.029170012484331344,37.372188199726885,13.388567276350342,1.5621786983937984,0.9183468787174397,0.0,0.017147967735495005,0.02864469160975737,0.04298757664913888,0.019989345828921416,58.97895561308914,1.199753196214272,0.0,0.7588348016862199,0.2396139063991113,0.21316083583094048,0.00021167827972462083,0.1153142583200868,0.14685363207428154,3.4266801501560384,0.2253476824690831,0.4657734437602317,REIT—Mortgage,Real Estate,LOAN
2015Q1,2015,Q1,2015-05-01,2015-03-31,475596.0,727509.0,475596.0,0.08,911761.0,1.253264220786272,24510292.0,13866032.0,17534291.0,10644260.0,10644260.0,0.0,102248.0,24106622.76,34262006.760000005,2.2777759981838286,1.647300141108917,0.42478751375136614,0.7508756650785171,0.019589830963380465,2.2777759981838286,0.034299358316784496,33.13584128856138,12.67179641965029,1.738537943659729,1.023337033953187,0.0,0.02018926520091278,0.029681776128982876,0.04467957377967092,0.01940393039789163,86.90923457965152,1.253264220786272,0.2290562561673325,0.8473848582672744,0.36447496932220896,-0.0013060831409708762,0.014248814174727906,0.20026953293576383,0.20150062526052523,1.640815837832644,0.1852725896771786,0.07862351962457967,REIT—Mortgage,Real Estate,LOAN
2014Q4,2014,Q4,2015-03-23,2014-12-31,396241.0,718646.0,395835.0,0.06509059255714673,898952.0,1.2508968254189128,24444317.0,13866454.0,19426863.0,10577863.0,10577863.0,0.0,113346.0,24532749.93,34654538.93,2.277845320212743,1.8365583861314898,0.4160257371887298,0.7333861274122425,0.016463076606095205,2.277845320212743,0.028575510364798384,34.1374611839487,15.478427226107344,1.7692158305216317,1.070484881675546,0.0,0.017289949198940047,0.029399307822754878,0.02471595633257871,0.016209943603660515,51.47623489248485,1.2508968254189128,-0.18636759303566583,32.067085305919846,0.46081980185314014,0.015722645495723643,0.0,-0.07640221062470427,0.0,30.917060556842767,0.24326955481140838,0.09444449928149727,REIT—Mortgage,Real Estate,LOAN
2014Q3,2014,Q3,2014-10-30,2014-09-30,429019.0,627550.0,0.0,0.08,0.0,0.0,23527105.0,13883416.0,0.0,0.0,9643689.0,0.0,141275.0,15419858.14,24679240.14,2.530010237824406,0.0,0.39611609673183334,0.67126599102123,0.0,2.530010237824406,0.03090154469188275,24.571521217432874,8.985533356331537,1.1106674423643288,0.7024467447828651,0.0,0.019543824415494914,0.026673490002276097,0.0,0.01823509522314794,37.14518587217314,0.0,-0.20000000000000004,2.1104517002275047,0.3178221893518129,0.13835562775399401,-1.0,0.019105602219603966,-1.0,1.8616348279954786,0.15738383756863805,0.11298501033481648,REIT—Mortgage,Real Estate,LOAN
2014Q2,2014,Q2,2014-08-13,2014-06-30,420976.0,513788.0,331089.0,0.1,630082.0,1.2263462751173635,17730022.0,9456028.0,11802135.0,8273994.0,8273994.0,0.0,13620.0,14470693.290000001,22254663.29,2.2073899255451637,1.4264132896398038,0.44666977852593753,0.837504394022522,0.023734445607770632,2.2073899255451637,0.04451932671942173,28.164716361612186,8.593538164883508,1.5303141329530752,0.202871422598913,0.0,0.005901859592243489,0.028978418639300053,0.04057774274431429,0.023743681761929005,36.47914533986751,1.2263462751173635,1.0,4.447033683566639,0.59819647425947,0.017256767178887463,0.034770327306170044,1.02130898021309,0.046484945414088034,2.7508136164784376,0.16720177808386,-0.07830022274045392,REIT—Mortgage,Real Estate,LOAN
2014Q1,2014,Q1,2014-05-01,2014-03-31,208269.0,499265.0,316382.0,0.05,608910.0,1.2196128308613663,16035479.0,9061810.0,12740571.0,6973669.0,6973669.0,0.0,-321952.0,8299570.5,14918104.5,2.129089631806851,1.8269537886010936,0.4128012016354485,0.7304793413236429,0.012998432045336496,2.129089631806851,0.022983156786558094,16.623577659158965,9.962561038848797,0.9158844094060679,0.20436070658619382,0.0,0.00512821717702139,0.031135022533470936,0.027141953539808097,0.01298801239426649,-285.8963313813297,1.2196128308613663,2.670648199254864,0.9009693135140784,0.6817293073467547,0.004173224530278921,0.038471771222746746,2.5923313095073826,0.7666188319773967,1.0128736156098805,0.15102938886708542,-0.09892958694815925,REIT—Mortgage,Real Estate,LOAN
2013Q4,2013,Q4,2014-03-24,2013-12-31,57976.0,473619.0,179089.0,0.013621572345219551,586352.0,1.2380246569499957,16124454.0,8892687.0,11908996.0,7231767.0,7231767.0,0.0,-487660.0,7278510.518999999,12926952.519,2.08935385873281,1.6467615729323137,0.41362423806722387,0.749994349289478,0.004419158637534143,2.08935385873281,0.006519514293036514,15.367860071069783,31.385877427728715,0.8184827059582779,0.7341313647026356,0.0,0.005847624989878785,0.029372715504041254,1.6441978841409022,0.003595532599119325,30.391709545283724,1.2380246569499957,-0.727568553095609,1.0595623883326681,0.7340428681838151,-0.005950047620506554,0.0022460079516202366,-0.7010328948386199,-0.38884566296061207,2.375462709267571,0.24560807536922544,-0.10525954731703377,REIT—Mortgage,Real Estate,LOAN
2013Q3,2013,Q3,2013-10-30,2013-09-30,193921.0,472341.0,293034.0,0.05,585038.0,1.2385924575677318,15939867.0,8863743.0,11640310.0,7076124.0,7076124.0,0.0,-503073.0,8142700.54,14693120.54,2.0791319841414677,1.645012156372613,0.4152773043840328,0.7468024512894834,0.012237002023905076,2.0791319841414677,0.02187800345745584,17.23902972640529,10.49744553194342,0.91865259856925,0.22004837021261237,0.0,0.005240521837979811,0.029632681376827046,0.03423526778219262,0.012165785323051943,27.356261095096993,1.2385924575677318,0.25000000000000006,2.0161996136127387,0.7917906975260572,-0.04095342986453769,0.05641618288355799,0.2278843292323863,0.1861611696701802,1.6598044121165125,0.20189048894626876,-0.11054173950786834,REIT—Mortgage,Real Estate,LOAN
2013Q2,2013,Q2,2013-07-31,2013-06-30,157931.0,458788.0,247044.0,0.04,553795.0,1.207082574086506,15760405.0,8722273.0,12095896.0,7038132.0,7038132.0,0.0,-654323.0,7224009.779999999,12789101.78,2.040506840232988,1.7186230664613849,0.4225440272632588,0.7635010965604951,0.009988966651592872,2.040506840232988,0.018106633442911038,15.745855994489828,11.435389157290208,0.8282255989923727,0.0,0.0,0.0,0.029110165633433913,1.7113619068241404,0.010020745025270606,26.75311463753356,1.207082574086506,0.0,1.2919239277945325,0.9430495982218975,-0.06434802525566634,0.036368672114918565,-0.08783694026187051,-0.043399470284838065,-0.20726069558881335,0.1326373424957711,-0.11910807699785886,REIT—Mortgage,Real Estate,LOAN
2013Q1,2013,Q1,2013-05-03,2013-03-31,173139.0,438006.0,258252.0,0.04,534361.0,1.2199855709739136,13241669.0,8622405.0,9623726.0,4619264.0,4619264.0,0.0,-769468.0,5782344.300000001,9905296.3,2.013067044451158,2.0833894750332522,0.32922322707205565,0.5055973362420345,0.012990555676697463,2.013067044451158,0.020080128456039816,13.201518472349695,8.349280491397085,0.670618499131043,0.0,0.0,0.0,0.03307785446079342,0.08316606281866548,0.013075315505923007,-270.0515738838035,1.2199855709739136,4.3602202546694615,-0.06379464059064975,1.0016784397360028,-0.06771450827011422,1.2526347295292055,4.416856990895723,1.431843007269577,-0.04416022638003069,0.1675574769633797,-0.11736807608572268,REIT—Mortgage,Real Estate,LOAN
2012Q4,2012,Q4,2013-03-22,2012-12-31,31963.0,258631.0,106196.0,0.0074623799208912555,237216.0,0.9171986343477774,14339351.0,8478985.0,11442804.0,5860366.0,5860366.0,0.0,-942607.0,4668707.62,9827479.620000001,1.9795828743715589,1.9525749756926445,0.37654877127981595,0.6368055846307076,0.0021628052099304795,1.9795828743715589,0.0037696729030656383,18.051616472889947,36.516500484935705,0.5506210495713816,0.0,0.0,0.0,0.01803645088260968,0.06843173276208346,0.0022290409098710256,21.17058885946456,0.9171986343477774,-0.8134405019777186,-0.924364521404223,0.290906923226007,-0.06986307765688295,-0.5171765280576418,-0.8022091584158416,-0.5166603705743401,2.791011016110364,-0.2528062672652024,-0.1172766928937408,REIT—Mortgage,Real Estate,LOAN
2012Q3,2012,Q3,2012-10-29,2012-09-30,161600.0,491310.0,219713.0,0.04,491310.0,1.0,13403616.0,8461413.0,10014492.0,4442203.0,4942203.0,0.0,-974569.0,4292690.9166,8693795.9166,1.9567317676234859,2.2543976490943796,0.34389712447745446,0.5447630318955002,0.011987605543217513,1.9567317676234859,0.019098464996330992,8.737234977102034,6.64092035365099,0.5073255396705019,0.0,0.0,0.0,0.03665503398485901,2.242220808008999,0.012056448051033392,21.80015802367567,1.0,1.0,-0.26691296029607564,4.947426064530198,-0.06550468737103692,0.1851331890843567,1.017982017982018,0.39153097350737526,0.4867938395527985,0.30926195012271174,-0.11958592642113601,REIT—Mortgage,Real Estate,LOAN
2012Q2,2012,Q2,2012-08-06,2012-06-30,80080.0,414561.0,157893.0,0.02,414561.0,1.0,11722916.0,8290844.0,6871669.0,2932072.0,3432072.0,0.0,-1136170.0,4410948.18,7383907.18,1.917197966265838,2.3436221893596065,0.2678058087254059,0.37866651453096933,0.0067131209426597276,1.917197966265838,0.009658847760252153,10.64004616932128,13.770442619880122,0.5320264354268396,0.0,0.0,0.0,0.03536330039386105,2.3266239710348176,0.006831064898869871,97.99276164663542,1.0,-0.3333333333333333,1.1665074303886018,5.656242953889382,-0.07129095363474305,0.058023204177364444,-0.30345229500639315,-0.12563406800310112,0.026419035278806312,0.277416625754672,-0.11647571521653166,REIT—Mortgage,Real Estate,LOAN
2012Q1,2012,Q1,2012-05-08,2012-03-31,114967.0,391826.0,180580.0,0.03,391826.0,1.0,10454964.0,8206452.0,7581086.0,1748512.0,2248512.0,0.0,-1216249.0,4313574.33,5931406.33,2.1117433068552223,4.335735757032265,0.158725080258526,0.20221467206534566,0.011224850371145713,2.1117433068552223,0.01400934289264106,11.008902752752498,9.380027159967643,0.5256320673050913,0.0,0.0,0.0,0.037477508291754995,4.3055701076115005,0.010996403239647692,60.7999539092562,1.0,14.788656416321702,1.6135127868519503,12.040446324125156,-0.025083558785194877,0.06186771166161242,14.59751626256653,9.209181365897784,0.14929197201948893,0.4455227173840478,-0.0040080726777886036,REIT—Mortgage,Real Estate,LOAN
2011Q4,2011,Q4,2012-03-20,2011-12-31,-8455.0,368997.0,17688.0,-0.002175701467511283,368997.0,1.0,10089171.0,8088068.0,7264363.0,1501103.0,2001103.0,0.0,-1331217.0,3924964.0300000003,5362524.03,2.0812798837292785,4.839350131203521,0.1644798170236187,0.20517446193577996,-0.0005805635459376837,2.0812798837292785,-0.0010453670765379322,10.63684536730651,-116.05452483737434,0.4852783173929794,0.0,0.0,0.0,0.036573569820553146,4.828382862468465,-0.0008380272274104582,50.761940869880114,1.0,-1.0725233822503761,0.946872909933896,0.3696577156457494,-0.04812224820565522,0.05115072028623437,-1.087109270363273,-0.8338718160643174,0.9904864157808226,0.47965425796006367,-0.009791395238205745,REIT—Mortgage,Real Estate,LOAN
2011Q3,2011,Q3,2011-11-14,2011-09-30,97062.0,351041.0,106472.0,0.03,351041.0,1.0,10289697.0,8075956.0,7632129.0,1713741.0,2213741.0,0.0,-1322759.0,4227736.8,4924076.8,2.2731754824472516,4.4534903465576186,0.19042980565900045,0.242629479407763,0.007458901826996597,2.2731754824472516,0.012018639031713397,12.043427405915548,10.889268714842059,0.5234967600120655,0.0,0.0,0.0,0.034115776198269006,4.43501614304612,0.009432930823910559,5.3988499274021455,1.0,0.0,1.7428469175794072,39.172012710955464,0.031976839009559034,0.027610513774519993,0.11436148838704492,-0.027750636922318307,0.8115844699399426,0.5979514899972269,0.04855351482521614,REIT—Mortgage,Real Estate,LOAN
2011Q2,2011,Q2,2011-08-10,2011-06-30,87101.0,341609.0,109511.0,0.03,341609.0,1.0,10176375.0,7961787.0,9212225.0,1714588.0,2214588.0,0.0,-1419822.0,4388285.88,6239304.88,2.394912074415717,5.37285050402779,0.18272371055508468,0.23354869955702157,0.006883097788238964,2.394912074415717,0.010939880707685347,12.845931693837105,12.595394656777765,0.5511684600454647,0.0,0.0,0.0,0.033568829765019466,5.346073225754525,0.008559138199997544,-8.532972462150527,1.0,0.4999999999999999,-0.8139256809939056,0.0,0.07740064802137961,0.008288051097842097,0.07774258209804746,-0.19125162471936666,0.6252740227492405,0.8602519992794464,0.09816059793764574,REIT—Mortgage,Real Estate,LOAN
2011Q1,2011,Q1,2011-05-12,2011-03-31,80818.0,338801.0,135408.0,0.02,338801.0,1.0,9542273.0,7855181.0,8648007.0,1187092.0,1687092.0,0.0,-1506923.0,5319134.4,6490071.4,2.362844901982548,7.2850351952502415,0.14711851149092045,0.17871580553013355,0.008275689193341297,2.362844901982548,0.010288496216700799,15.699878099533356,16.454052315078325,0.6771498199723215,0.0,0.0,0.0,0.03550527217152559,7.260539199994609,0.008469470533907382,151.24497142369702,1.0,3.0195358867660906,1.206914847165938,0.0,0.16282223884606428,0.14076715354518946,3.454758071864654,58.80918727915194,-0.4369674349212658,0.9948402981248727,0.09427355010266794,REIT—Mortgage,Real Estate,LOAN
2010Q4,2010,Q4,2011-03-16,2010-12-31,-32923.0,296994.0,2264.0,-0.009903265463643859,296994.0,1.0,8876459.0,7763113.0,8647336.0,613346.0,1113346.0,0.0,-1587741.0,4222062.93,4636039.93,2.3351507719000293,14.098626224023635,0.09012602885903039,0.10305144340936426,-0.0030077769212948223,2.3351507719000293,-0.004240953339208125,14.215987292672578,-32.06013220241169,0.5438620988770871,0.0,0.0,0.0,0.03345861226869859,14.07673482830246,-0.003709024060157322,37.13401229573079,1.0,-1.4951632731821929,0.8535252297382978,-0.5394889074817439,0.1346593741204661,-0.030894531785343696,-1.5790797481267809,-0.980600992228401,-1.1003752463616556,0.9099026189630273,0.09720587114685798,REIT—Mortgage,Real Estate,LOAN
2010Q3,2010,Q3,2010-10-27,2010-09-30,56854.0,306462.0,116707.0,0.02,306462.0,1.0,8289459.0,7771010.0,8168760.0,518449.0,518449.0,0.0,-1554818.0,4768271.543699999,4108353.5436999993,2.3375261959915883,15.756149592341773,0.03619054029943329,0.038605020454226674,0.007033556487126663,2.3375261959915883,0.007316166109682011,15.559095560624154,20.967177083846344,0.6135974015861516,0.0,0.0,0.0,0.036970084537483086,15.61471234393354,0.006858589927279934,116.29079686120527,1.0,-0.6,1.5547817551297785,-0.800871182739546,0.03964033159314598,-0.02719432179259687,-0.6330603261886782,-0.05104687563524007,-0.6645206238906781,3.825481954619559,0.11635499021645851,REIT—Mortgage,Real Estate,LOAN
2010Q2,2010,Q2,2010-08-03,2010-06-30,154941.0,315029.0,122985.0,0.05,315029.0,1.0,8287363.0,7700810.0,8165906.0,586553.0,586553.0,0.0,-1611672.0,4554508.83,4576093.83,2.3164099782851886,13.921855314012545,0.03619969343686285,0.038956940893230714,0.010828750505343442,2.3164099782851886,0.020120091263126867,14.457427189242896,7.3487792611381115,0.5914324376266913,0.0,0.0,0.0,0.03801317741240489,13.73138829739171,0.018696055669336555,-251.89474199435872,1.0,0.25000000000000006,9.838377259670464,-0.5865860950954509,-0.06002561554579354,0.08192695776408608,0.10206128371457836,-0.14571206290548894,1.4190701345277381,5.579638898366401,0.12209116626295674,REIT—Mortgage,Real Estate,LOAN
2010Q1,2010,Q1,2010-05-05,2010-03-31,140592.0,291174.0,143962.0,0.04,291174.0,1.0,8364995.0,7582276.0,8242780.0,782719.0,782719.0,0.0,-1766613.0,4488019.65,4834945.65,2.2807548536468643,10.530956831251062,0.05480385822107485,0.06046126519266774,0.012424868177932239,2.2807548536468643,0.01854218970662635,15.41353159966206,7.980574374786617,0.5919092961005376,0.0,0.0,0.0,0.034808628098402926,10.509534072892059,0.01680718278970878,51.43154695056268,1.0,19.32065403422983,1.7063949665945306,-0.8380295505604499,-0.11796679451082323,0.08381318930830017,20.4841075794621,1.9559164733178653,1.8770096155010658,10.327788294145067,0.052943034308495764,REIT—Mortgage,Real Estate,LOAN
2009Q4,2009,Q4,2010-03-16,2009-12-31,6544.0,268657.0,48703.0,0.0019684405793544153,268657.0,1.0,7798086.0,7455385.0,7675113.0,342701.0,342701.0,0.0,-1907205.0,3324459.0,2617010.0,2.2425859365388474,22.39594573695437,0.0,0.0,0.0006241410395661442,2.2425859365388474,0.0008777548040778578,12.374362104840001,127.00408771393643,0.44591379251373336,0.0,0.0,0.0,0.03445165903530687,22.318420430637786,0.0008391802809048272,24.165756820213858,1.0,-0.9343853140215196,1.0593809563440064,-0.7274868378931688,-0.18759175251635316,-0.06912836789000998,-0.9217159331522975,-0.6532212127253567,1.0480661163816556,0.16568363614370937,0.025651415826531427,REIT—Mortgage,Real Estate,LOAN
2009Q3,2009,Q3,2009-11-02,2009-09-30,83593.0,288608.0,140444.0,0.03,288608.0,1.0,7837048.0,7391545.0,7713317.0,445503.0,445503.0,0.0,-1913749.0,3159472.0,3076180.0,2.222513049648802,17.31372628242683,0.01997971685257,0.021183933805449334,0.011434783323290612,2.222513049648802,0.011309272959848042,10.947277968732676,9.44897300013159,0.42744405939488966,0.0,0.0,0.0,0.036826111056101736,17.24988159451227,0.010666388670836264,21.45083475344391,1.0,0.4999999999999999,-0.9333689486237765,-0.8623145854619347,-0.25982230009328494,0.15636080983079778,0.3931934467758871,0.806516342307346,1.6834237648052328,34.281268300035684,0.008977093649120794,REIT—Mortgage,Real Estate,LOAN
2009Q2,2009,Q2,2009-08-03,2009-06-30,60001.0,249583.0,77743.0,0.02,249583.0,1.0,7628945.0,7216712.0,7504454.0,412233.0,412233.0,0.0,-1997342.0,2860153.6,2921391.6,2.169943712113923,18.20439896854449,0.020714266520469083,0.02189750678702434,0.006515768880777894,2.169943712113923,0.008314174100338216,11.459729228352893,11.917108048199196,0.3963236443410794,0.0,0.0,0.0,0.03271527059114989,1.3866381391106486,0.007864914480311498,35.38305168617166,1.0,-0.3333333333333333,1.2109898941019803,-0.7917078116803128,-0.18975251080423736,0.07589545515288154,-0.2991274281909612,-0.21244200417367343,-0.8718696945989847,0.0,-0.023806015019640248,REIT—Mortgage,Real Estate,LOAN
2009Q1,2009,Q1,2009-05-12,2009-03-31,85609.0,231977.0,98714.0,0.03,231977.0,1.0,7268961.0,7051414.0,7143247.0,217547.0,217547.0,0.0,-2057343.0,1829168.0000000002,1311777.0000000002,2.1202413884345233,32.83541947257374,0.0,0.0,0.011103185463753256,2.1202413884345233,0.012140685541935278,7.885126542717598,5.341634641217629,0.25940442583572604,0.0,0.0,0.0,0.031913364234585934,4.801298110293408,0.011777336540944434,15.253871492307052,1.0,1.1311795440859762,-0.636401523539088,-0.9149435718440878,-0.25423635884969426,0.0,1.1125572259138397,2.8507255615133675,1.2190952971083733,0.0,0.04343024636313176,REIT—Mortgage,Real Estate,LOAN
2008Q4,2008,Q4,2009-03-18,2008-12-31,-760582.0,213422.0,-53338.0,-0.22869419320696624,0.0,0.0,7184867.0,6990282.0,6857931.0,194585.0,194585.0,0.0,-2142952.0,2361289.6,1476993.6,2.1018600259790245,35.24388313590462,0.0,0.0,-0.0076485794830755465,2.1018600259790245,-0.10880562472300831,11.063946547216315,-0.7761456358420261,0.33779604313531264,0.0,0.0,0.0,0.029704377269614037,7.642202636379988,-0.10585888367870971,23.83479796909225,0.0,-12.434709660348311,-2.5330732271585177,-0.9401488101515993,-0.21339080512052336,0.0,-16.582822840049992,-2.2048339733453806,-2.382513528810354,-0.6692029094767231,0.021302440195620474,REIT—Mortgage,Real Estate,LOAN
2008Q3,2008,Q3,2008-10-30,2008-09-30,48809.0,200126.0,44270.0,0.02,0.0,0.0,7173350.0,7016372.0,6808183.0,156978.0,156978.0,0.0,-1382369.0,3152635.6859999998,2839807.6859999998,2.1679155620647252,43.37030029685688,0.0,0.0,0.0049547386825373975,2.1679155620647252,0.006956444156609712,15.753253880055563,16.147819490257945,0.4493256181399731,0.0,0.0,0.0,0.02789854112792489,6.075258953483928,0.00680421281549067,19.58949691490353,0.0,0.0,-0.9611871286835536,-0.9168274536691943,-0.2283719654786174,0.0,-0.06447779502807965,0.47488006396588484,1.4892285488653296,-0.866429136019678,-0.035795852180891236,REIT—Mortgage,Real Estate,LOAN
2008Q2,2008,Q2,2008-08-05,2008-06-30,52173.0,178775.0,30016.0,0.02,0.0,0.0,7161064.0,7058200.0,6782338.0,102864.0,102864.0,0.0,-1431178.0,3042272.4,1907955.4,2.1808395592715497,65.93500155545186,0.0,0.0,0.004252642316737979,2.1808395592715497,0.007391827944801791,17.017325688714866,14.57781036168133,0.4310266640219886,0.0,0.0,0.0,0.024964865556291634,18.52770648623425,0.007285649171687336,2.447431513048179,0.0,-0.5,1.2078650018879271,-0.8940147880874527,-0.07428509714659644,0.0,-0.6266450075496812,5.048010788941335,4.057051307849052,-0.7590138578910255,-0.11503864102795841,REIT—Mortgage,Real Estate,LOAN
2008Q1,2008,Q1,2008-05-12,2008-03-31,139741.0,165343.0,-7415.0,0.04,0.0,0.0,7422268.0,6988429.0,7029984.0,433839.0,433839.0,0.0,-1483352.0,3139366.1999999997,3173412.1999999997,2.1592817461053126,16.204131025564784,0.04237087639519349,0.045001244199518946,-0.0012044164251562525,2.1592817461053126,0.019996053476396485,18.9869918895871,5.616401414044554,0.4492234520805749,0.0,0.0,0.0,0.022276614102320208,11.053994684664126,0.018827264119269205,-2.848557014399913,0.0,-0.5945771756592978,0.9140094792605862,-0.9308207644158458,-0.10364222487641522,0.0,-0.5623753198232477,0.9038548811638552,1.7212097198225655,-0.90552438117123,-0.1649439232690004,REIT—Mortgage,Real Estate,LOAN
2007Q4,2007,Q4,2008-03-18,2007-12-31,319317.0,151386.0,-77123.0,0.09866242746704733,0.0,0.0,7089462.0,6888062.0,6883671.0,201400.0,201400.0,0.0,-1623093.0,4207398.0,3585674.0,2.128270394196128,34.17910129096326,0.0,0.0,-0.011196618148907487,2.128270394196128,0.04635803220122003,27.79251714161151,3.2940604477682056,0.6108246412416148,0.0,0.0,0.0,0.021353665482655805,28.69379344587885,0.04504107645968058,-76.26657240741748,0.0,0.9732485493409465,2.396962167543783,-0.9205995260930075,-0.11028555905323201,0.0,0.9354304936812438,0.29784773939802256,3.9762997977494887,-0.8422658340811167,-0.22900416302942633,REIT—Mortgage,Real Estate,LOAN
2007Q3,2007,Q3,2007-11-13,2007-09-30,164985.0,61828.0,-109838.0,0.05,0.0,0.0,7297338.0,6776796.0,7055357.0,520542.0,520542.0,0.0,-1942410.0,3883752.0,2339882.0,2.0938914740179086,13.553866931006528,0.0,0.0,-0.01620795431941584,2.0938914740179086,0.024345575696833724,62.815423432748915,5.88500772797527,0.5730956044714935,0.0,0.0,0.0,0.008472678667207138,8.305393224754198,0.022608929447971302,-47.405609940678175,0.0,1.4545454545454546,2.709506839317583,-0.9697661894001867,-0.14881117708317887,-1.0,1.4583693348039528,0.8350478616202968,-0.8648637455804626,-0.9696900352546374,-0.3026579639936144,REIT—Mortgage,Real Estate,LOAN
2007Q2,2007,Q2,2007-08-10,2007-06-30,-359939.0,46612.0,-665878.0,-0.11,12612.0,0.2705741010898481,7468486.0,6681247.0,7213046.0,787239.0,787239.0,0.0,-2107393.0,5340159.0,3114141.0,2.0643687856485173,9.16246019315608,0.01399292975845439,0.015641690840048274,-0.08727842177509083,2.0643687856485173,-0.05387302699630773,114.56618467347464,-3.709072231683702,0.7992757938750056,0.0,0.0,0.0,0.006241157846449736,7.714627959234743,-0.048194372996079794,-60.4028888461582,0.2705741010898481,-1.2,-3.543040678260301,-0.9694850275332004,-0.17177677865259516,0.7988874625588361,-1.3063403069233972,-1.7473728075785269,-0.300626903269759,-0.960026112896177,-0.22917372648512188,REIT—Mortgage,Real Estate,LOAN
2007Q1,2007,Q1,2007-05-09,2007-03-31,-156065.0,25024.0,-242369.0,-0.05,7011.0,0.2801710358056266,7996571.0,7010419.0,7254309.0,810208.0,926004.0,0.0,-1747454.0,5243065.2,1879478.2000000002,2.1660762067196875,8.953637831272957,0.01306885163653271,0.014907240209180078,-0.033076879511180525,2.1660762067196875,-0.02226186480437189,209.52146739130436,-8.398848556691123,0.7478961243258071,0.0,0.0,0.0,0.0031293413139206793,8.488140082546703,-0.019516490255635822,-19.826975393376973,0.2801710358056266,-0.22091865220081194,0.8069513994199012,-0.9857013440014333,-0.14157437467465356,0.0,-0.17747581898568002,0.30370942812983,-1.6811281182569455,-0.9905715651057547,-0.23811463744464004,REIT—Mortgage,Real Estate,LOAN
