Year,Date,FillingDate,NetIncome,Revenue,OperatingIncome,EPSDiluted,GrossProfit,GrossProfitRatio,TotalAssets,CommonStockEquity,CurrentAssets,CurrentLiability,TotalLiability,Inventory,RetainedEarnings,EnterpriseValue,bookValuePerShare,currentRatio,debtToAssets,debtToEquity,roic,shareholdersEquityPerShare,roe,priceToSalesRatio,peRatio,pbRatio,payoutRatio,inventoryTurnover,dividendYield,assetTurnover,quickRatio,returnOnAssets,priceToFreeCashFlowsRatio,grossProfitMargin,epsdilutedGrowth,fiveYNetIncomeGrowthPerShare,fiveYRevenueGrowthPerShare,fiveYShareholdersEquityGrowthPerShare,grossProfitGrowth,netIncomeGrowth,operatingIncomeGrowth,threeYNetIncomeGrowthPerShare,threeYRevenueGrowthPerShare,threeYShareholdersEquityGrowthPerShare,Industry,Sector,Price,MarketCap,AvgVolume,Symbol
2022,2022-06-30,2022-09-23,-23408478.0,1089435.0,-13695666.0,-41.74,543546.0,0.498924672,12787580.0,9078541.0,9597776.0,3319541.0,3709039.0,2490854.0,-93452587.0,3049193.6546208,16.18771675501802,2.8912961159389203,0.06207382475808558,0.08743409320947056,-1.6159780376139068,16.18771675501802,-2.5784405225465195,7.740053931277038,-0.3602235760317608,0.9288150656169092,0.0,0.21915736530523267,0.0,0.08519477493004932,1.9007739322996764,-1.8305635624566963,-0.5397399974256196,0.49892467196299,-0.10833775889537986,-0.4234009141888296,0.0,-0.6899377439037292,0.0,-1.3122768448496684,-0.3802961944378431,0.12100141144037925,0.0,-0.7585106062021401,Biotechnology,Healthcare,0.9802,3262292,125578,INM
2021,2021-06-30,2021-09-24,-10123562.0,0.0,-9922266.0,-37.66,0.0,0.0,9781216.0,7376567.0,8378269.0,2215361.0,2404649.0,0.0,-74852470.0,19485461.3053,27.44330023475314,3.781897848702762,0.02758051759617618,0.036571348162363335,-1.2436574392769744,27.44330023475314,-1.3723947738832982,0.0,-2.6254411545363183,3.6031417196237765,0.0,0.0,0.0,0.0,3.3500215089098346,-1.0350003516945132,-2.7142387263240293,0.0,0.08570041272153439,-0.4956114049150671,0.0,1.6327674556164966,0.0,-0.17689615783182858,-0.13501103850534818,-0.02508960185971488,0.0,-0.7702454690747561,Biotechnology,Healthcare,0.9802,3262292,125578,INM
2020,2020-06-30,2020-06-30,-8601916.093132999,0.0,-8741999.560697,-41.19,0.0,0.0,7500459.071606,5580407.087421,6298591.301801,1672586.030165,1920051.984185,0.0,-55957670.962074,-3723788.1253955998,26.722504105871817,3.765780168078796,0.0421680637111027,0.05667683934868085,-1.3941961928464177,26.722504105871817,-1.5414495678143074,0.0,-0.2037904234331964,0.3141326601257953,0.0,0.0,0.0,0.0,3.515867498856177,-1.146851947462351,-0.2436984910508135,0.0,0.13247683235046334,0.33517628336657795,0.0,0.17052337483316957,0.0,0.12534778046523523,0.15608587702317403,-0.40472398743183663,0.0,-0.4881526507411853,Biotechnology,Healthcare,0.9802,3262292,125578,INM
2019,2019-06-30,2019-06-30,-9834670.170629,0.0,-10358873.400365,-47.48,0.0,0.0,15073785.03961,13883302.864107,14128820.840951,1190482.175503,1190482.175503,0.0,-49185035.03961,-7508720.589254001,67.03282699267545,11.868149840195063,0.0,0.0,-0.7267699913342984,67.03282699267545,-0.7083811587842634,0.0,-0.23363977416286252,0.16550601395958217,0.0,0.0,0.0,0.0,11.596677256190647,-0.6524353468479241,-0.3426272923989522,0.0,-0.29232444202504065,-0.7256623907453293,0.0,0.8495028276565466,0.0,-0.5502237154588405,-0.5823760415461022,-0.8856362241814005,0.0,5.430780695275023,Biotechnology,Healthcare,0.9802,3262292,125578,INM
2018,2018-06-30,2018-06-30,-6344032.846715999,0.0,-6546404.349148001,-36.74,0.0,0.0,21337548.6618,20624532.390511,20326750.304136,713016.27129,713016.27129,0.0,-39016934.306569,-14026078.556913,119.44617642244654,28.50811562457128,0.0,0.0,-0.3108060407980112,119.44617642244654,-0.3075964451749113,0.0,-0.6816157780348548,0.20966259029865272,0.0,0.0,0.0,0.0,28.291133436184335,-0.29731779162025007,-1.202933755256144,0.0,-0.2530695770804912,-32.88432939395965,0.0,111.57483900164706,0.0,-0.8439620665679758,-0.9033314235157486,0.40700149924149337,0.0,4.232089814000568,Biotechnology,Healthcare,0.9802,3262292,125578,INM
2017,2017-06-30,2017-06-30,-3440435.658486,0.0,-3439445.315864,-29.32,0.0,0.0,6409645.075967,6125402.903365,5339639.078551,284242.172603,284242.172603,0.0,-32904404.256628,-3869822.7596360394,52.20795642405414,18.785527248304756,0.0,0.0,-0.5615859838389605,52.20795642405414,-0.5616668344536146,0.0,-0.374312645416444,0.2102389986470124,0.0,0.0,0.0,0.0,18.30516617340999,-0.5367591524507235,-0.5399652367704937,0.0,-0.16441620333598095,-4.67243502709135,0.0,783.7874027123514,0.0,-0.8723898455717096,-0.8719485132602375,-0.06565535449300544,0.0,0.4404698021017178,Biotechnology,Healthcare,0.9802,3262292,125578,INM
2016,2016-06-30,2016-06-30,-1837456.909213,0.0,-1837361.066023,-25.18,0.0,0.0,1216745.505419,760579.07836,145050.936017,456166.427059,456166.427059,0.0,-29618871.059995,200798.50084526002,10.42374637995779,0.317978104947735,0.0,0.0,-2.4158026938238555,10.42374637995779,-2.415865702189731,0.0,-0.13209721441370864,0.31912912965688167,0.0,0.0,0.0,0.0,0.2361368330621752,-1.5101406999487956,-0.6272610382833833,0.0,0.5936087798579729,-0.13222995842158444,-1.0,-0.10213065516916682,0.0,0.4692002011686383,0.4681446243909814,-22.22426374497327,0.0,10.649568636516308,Biotechnology,Healthcare,0.9802,3262292,125578,INM
2015,2015-06-30,2015-06-30,-3461675.971352,0.0,-3454625.3554720003,-61.96,0.0,0.0,1338017.094843,1275508.938138,202036.558152,62508.156705,62508.156705,0.0,-28955780.586638,9666102.673198989,22.829534787957975,3.2321631096160477,0.0,0.0,-2.711189993455338,22.829534787957975,-2.713956655141427,0.0,-2.8310817093808947,7.683433046423446,0.0,0.0,0.0,0.0,2.636392927130069,-2.587168717570223,-6.078224172343451,0.0,-1.251453488372093,0.2923168367783293,-1.0,1.0940719923574735,0.0,-2.0000726837759695,-2.002772650505718,-10.985441178382896,0.0,342.172430766091,Biotechnology,Healthcare,0.9802,3262292,125578,INM
2014,2014-06-30,2014-06-30,-1153864.0347190003,0.0,-1150478.493565,-27.52,0.0,0.0,1589914.611628,1519807.102888,185713.616212,70107.50874,70107.50874,0.0,-29666097.723289,827136.9563677291,36.24370073421887,2.648983248010361,0.0,0.0,-0.7581019821089489,36.24370073421887,-0.7592174247155317,0.0,-0.7230039717269573,0.5489172134736416,0.0,0.0,0.0,0.0,0.422851183871635,-0.7257396254365486,-1.2965925573737012,0.0,-24.481481481481477,0.9436907432191619,-1.0,1.1330315129323667,0.0,-25.059579738018673,-22.390365013723414,-0.2371909100835338,-1.0,2.121920530899339,Biotechnology,Healthcare,0.9802,3262292,125578,INM
2013,2013-06-30,2013-06-30,-44277.92183600001,0.0,-49186.0,-1.08,0.0,0.0,5094.282238,-44111.1618,5094.282238,49205.444039,49205.444039,0.0,-28913114.925487,13137.321731839998,-1.0802292592139098,0.1035308660960827,0.0,0.0,1.0563738865241237,-1.0802292592139098,1.0037804498724403,0.0,-0.3902458970825307,-0.3917212021343767,0.0,0.0,0.0,0.0,0.09518658734768703,-8.69168997071183,-0.4401008093267289,0.0,0.7911025145067698,0.9968120699152789,-1.0,0.973666437134405,0.0,0.7902467371546296,0.708473691756289,0.9876150697886528,-1.0,0.9955487783890062,Biotechnology,Healthcare,0.9802,3262292,125578,INM
2012,2012-06-30,2012-06-30,-211095.27086900003,0.0,-168718.906696,-5.17,0.0,0.0,47307.049454,2716.547046,47307.049454,44590.502409,44590.502409,0.0,-29861417.756366,30358.921081750013,0.06652496745438961,1.0609220999593783,0.0,0.0,-69.03427024844872,0.06652496745438961,-77.70720230294882,0.0,-0.3565173546566743,27.703966202818343,0.0,0.0,0.0,0.0,1.0448040923305848,-4.462237093739336,-0.4309928753390061,0.0,0.7675359712230216,0.9930369329551705,-1.0,1.0001783484851292,-1.0,0.45531710764780836,0.5646595884627543,0.98942142823859,-1.0,1.0002441780747813,Biotechnology,Healthcare,0.9802,3262292,125578,INM
2011,2011-06-30,2011-06-30,-387556.271425,39658.447941,-387556.271425,-22.24,39658.447941,1.0,248498.740346,202294.222112,248498.740346,46204.518234,46204.518234,0.0,-31159795.357866,-170740.51400124998,11.609424511449067,5.37823463687021,0.0,0.0,-1.609374769987902,11.609424511449067,-1.9158049467692155,1.5075864977796811,-0.15427060545018248,0.29555238906254144,0.0,0.0,0.0,0.15959214878023573,5.37823463687021,-1.5595904867983703,-0.10637479724787853,1.0,0.7459737292975444,0.9698154512708106,-0.9985491286985488,1.0420484907739458,-0.4391213291502219,0.05796244120564995,0.05796244120564995,0.934609282736775,-0.9876303227598697,1.283011691821879,Biotechnology,Healthcare,0.9802,3262292,125578,INM
2010,2010-06-30,2010-06-30,-411402.144009,79463.997723,-411402.144009,-87.55,70707.712741,0.8898081492,137490.7504029998,-1140360.497107,12976.947159,1277851.24751,1277851.24751,0.0,-28330959.112039,124892.39016665,-242.6815273690147,0.010155287780394366,0.7059939694596514,-0.08512013603351971,0.3146098943410297,-242.6815273690147,0.3607649905908641,0.3501554203532908,-0.0676339438936937,-0.02439995913243144,0.0,0.0,0.0,0.5779588626149954,0.0,-2.9922168786128314,-0.14238588511543346,0.8898081491882256,0.8208402398346533,0.9737315119303199,-0.9957249796123417,0.6127982642929439,0.18770337997339528,0.7771048296929823,0.47052364921149575,0.8820723244184365,-0.9751946460599552,0.34938889215081126,Biotechnology,Healthcare,0.9802,3262292,125578,INM
2009,2009-06-30,2009-06-30,-1845720.3152599998,168422.412679,-776998.148069,-488.67,59533.140962000005,0.3534751701,25421.422111,-1029022.783066,22524.656531,1054444.205177,1054444.205177,0.0,-25419496.10233,72387.60962264,-272.4444752623775,0.021361639070527197,2.2640531291558004,-0.05593214380201772,1.4006922488225255,-272.4444752623775,1.7936632168246347,0.08806523495723186,-0.0080359733931577,-0.014413829886688415,0.0,0.0,0.0,6.625216006547589,0.021361639070527197,-72.60491986643602,0.1476133747483843,0.3534751700503515,-0.4468822170900693,-2.717888858831895,-0.7102111612996294,-14.728991077223528,-0.7266542268897256,-0.601683160498503,0.38824202155589954,0.3368044359371701,-0.9715737963617401,0.013225936118975079,Biotechnology,Healthcare,0.9802,3262292,125578,INM
2008,2008-06-30,2008-06-30,-1152362.939675,623372.961289,-1270107.093732,-337.74,217794.26213400002,0.349380348,1381115.150324,-138979.17076,588327.765769,1496155.433287,1520094.321085,0.0,-27785758.498723,3343.8893342800075,-41.02100671782763,0.39322636718062437,0.027850201216731662,-0.2767633065419795,11.30376649717653,-41.02100671782763,8.29162336610131,0.018720237812608388,-0.010126748856199068,-0.0839671874386999,0.0,0.0,0.0,0.45135480639884445,0.3875860511029959,-0.834371369689677,-0.011956587084396668,0.34938034797603146,0.5293675013586389,-0.015815896331574684,2.640974665803758,-1.622977185709126,3.7036651705763073,0.3908216055759034,0.2842893223350663,0.8979483919487999,-0.9534866323365713,0.9345504160378808,Biotechnology,Healthcare,0.9802,3262292,125578,INM
TTM,,,,,,,,,,,,,,,,-5845397.0,3.7220333808967094,5.2177410010005865,0.03369752861843921,0.040069624249594635,-1.0590959223607699,3.7220333808967094,-1.7348647711548826,1.3945864792792917,-0.16068907942829966,0.2633506741317433,0.0,1.6969933026600628,0.0,0.15880773662040742,23.276238077005942,-1.378259049276037,-0.3020442174634816,0.03521208043247975,,,,,,,,,,,Biotechnology,Healthcare,0.9802,3262292,125578,INM
