Quarters,Year,Quarter,FillingDate,Date,NetIncome,Revenue,OperatingIncome,EPSDiluted,GrossProfit,GrossProfitRatio,TotalAssets,CommonStockEquity,CurrentAssets,CurrentLiability,TotalLiability,Inventory,RetainedEarnings,MarketCap,EnterpriseValue,bookValuePerShare,currentRatio,debtToAssets,debtToEquity,roic,shareholdersEquityPerShare,roe,priceToSalesRatio,peRatio,pbRatio,payoutRatio,inventoryTurnover,dividendYield,assetTurnover,quickRatio,returnOnAssets,priceToFreeCashFlowsRatio,grossProfitMargin,epsdilutedGrowth,fiveYNetIncomeGrowthPerShare,fiveYRevenueGrowthPerShare,fiveYShareholdersEquityGrowthPerShare,grossProfitGrowth,netIncomeGrowth,operatingIncomeGrowth,threeYNetIncomeGrowthPerShare,threeYRevenueGrowthPerShare,threeYShareholdersEquityGrowthPerShare,Industry,Sector,Symbol
2023Q1,2023,Q1,2023-04-24,2023-03-31,12798000.0,554361000.0,40676000.0,0.41,295694000.0,0.5333961083,1826100000.0,703903000.0,831170000.0,317227000.0,1122197000.0,752808000.0,87905000.0,297460380.0,970644380.0,22.859188776670024,2.6201111506902,0.3928870269974262,1.0192469701080973,0.030544186322502626,22.859188776670024,0.01818148239175,0.5365824435701646,5.810680965775902,0.4225871746533258,0.26894827316768244,0.3436028841351314,0.01157128892257853,0.3035764744537539,0.24702184870770774,0.00700837851158206,7.299462099089593,0.5333961083120926,3.1578947368421053,-0.4423187394287696,0.32182255181852165,-0.08748962004812,0.034140984569757844,3.186197471814144,1.355982636700973,1.0433599336361759,0.4049562000195267,-0.46623680275080476,Rental & Leasing Services,Industrials,AAN
2022Q4,2022,Q4,2023-03-01,2022-12-31,-5854000.0,589584000.0,-114264000.0,-0.19,285932000.0,0.4849724552,1858463000.0,695402000.0,861382000.0,337239000.0,1163061000.0,789759000.0,79073000.0,367617850.0,1078715850.0,22.605142541364625,2.554218225057007,0.39754033306016856,1.0624272003819373,-0.036011880521686856,22.605142541364625,-0.008418152378048957,0.6235207366549974,-15.699429877007173,0.5286407718125631,-0.5915613255893406,0.3844869130962737,0.009420108408772861,0.31724279687031703,0.21238053724509917,-0.0031499147413749963,16.502866313521277,0.484972455154821,0.6274509803921569,-1.0751325086278833,0.5188182498334991,-0.08291096672092949,-0.03968134019822198,0.6251280737704918,-4.0945726356841075,-1.3132166390092495,0.48838795669481777,-0.08858280292848868,Rental & Leasing Services,Industrials,AAN
2022Q3,2022,Q3,2022-10-24,2022-09-30,-15616000.0,593384000.0,36924000.0,-0.51,297747000.0,0.5017779381,1887771000.0,703720000.0,918671000.0,323195000.0,1184051000.0,811541000.0,88524000.0,300105000.0,1032837000.0,22.79255060728745,2.842466622317796,0.4081591464218912,1.0949113283692378,0.014235245249718946,22.79255060728745,-0.022190644006138804,0.5057517560298221,-4.804447361680328,0.4264551241971239,-0.22131147540983606,0.36429089842657364,0.011515969410706253,0.3143304987734211,0.25870449728492084,-0.008272189794207031,7.357859121778998,0.501777938063716,-1.9999999999999998,-2.4120204121052007,0.6207997529546966,0.024477040821444734,0.015691786032263677,-1.9232497192062898,0.6609986504723346,-1.8565027204675244,0.3439968018896164,-0.17746162383782121,Rental & Leasing Services,Industrials,AAN
2022Q2,2022,Q2,2022-07-25,2022-06-30,-5342000.0,610384000.0,22230000.0,-0.17,293147000.0,0.4802665207,1931846000.0,720513000.0,945513000.0,311128000.0,1211333000.0,852921000.0,107611000.0,448532850.0,1226744850.0,23.372790086612387,3.03898395515672,0.4174561533372743,1.1192872300707968,0.004356410631951202,23.372790086612387,-0.007414161854123381,0.7348371680778002,-20.990867184575066,0.6225187470593868,-0.6553725196555598,0.3719418328309421,0.0078054483634810694,0.31595893254431257,0.24427245378108045,-0.0027652307689122217,-98.36246710526316,0.48026652074759496,-1.25,-1.3371171627059106,0.7159500396069456,0.07136889113698457,0.028777281389170618,-1.2480958573286272,-0.5891018650302212,-1.2750165639042008,0.3843264975118285,-0.1446421022792837,Rental & Leasing Services,Industrials,AAN
2022Q1,2022,Q1,2022-04-25,2022-03-31,21532000.0,456082000.0,54101000.0,0.68,284947000.0,0.6247714227,1446362000.0,730908000.0,833957000.0,298905000.0,715454000.0,769018000.0,116494000.0,623724960.0,928190960.0,23.530616186980875,2.7900403138120806,0.21985090869367419,0.4350533856518194,0.029484079393524303,23.530616186980875,0.029459247949126292,1.3675719717068422,7.241837265465353,0.8533563184422663,0.14443618799925692,0.222537053749067,0.004986172110219864,0.31533046360454714,0.14439035814054632,0.014887006157517965,157.94503925044316,0.6247714226827632,0.3600000000000001,-0.07247227025100063,0.2398959730215629,0.11862706013366416,0.028322007657912877,0.32195481335952847,1.7201468148222636,-0.1681619475218422,-0.02374077937720227,-0.1268473667131929,Rental & Leasing Services,Industrials,AAN
2021Q4,2021,Q4,2022-02-24,2021-12-31,16288000.0,444802000.0,19889000.0,0.5,277099000.0,0.6229715694,1441265000.0,718166000.0,844217000.0,310959000.0,723099000.0,772154000.0,98546000.0,775119250.0,1082121250.0,22.838797901097152,2.7148820262478335,0.2288503502131808,0.45927264727096523,0.011887986310246778,22.838797901097152,0.022679993204913627,1.7426163776242014,11.897090649557954,1.0793037403608636,0.19652504911591356,0.21718854010987446,0.0041296871416881984,0.30861916441459414,0.17964426178370782,0.011301183335472658,37.99976713403275,0.6229715693724399,-0.3150684931506849,0.7078067268271505,0.2690311685878378,0.09936527230088513,-0.026499954328595216,-0.33103334976178744,-0.4012583539045096,-0.4298680046818334,-0.03209574862645416,-0.11847855149141065,Rental & Leasing Services,Industrials,AAN
2021Q3,2021,Q3,2021-10-26,2021-09-30,24348000.0,452153000.0,33218000.0,0.73,284642000.0,0.6295258463,1416412000.0,721530000.0,848565000.0,314565000.0,694882000.0,775012000.0,85421000.0,894636900.0,1171540900.0,22.21117438817916,2.697582375661628,0.20597820408186318,0.4043490915138664,0.018890198529071027,22.21117438817916,0.03374495862957881,1.9786154244249181,9.185938270083785,1.2399164275913683,0.0,0.21613987912445226,0.0,0.3192242087754128,0.15507764690922385,0.017189913669186648,103.91879428505052,0.6295258463396239,-0.23157894736842102,0.847026771603394,0.314228393209324,0.10679663520928785,-0.03406406949911769,-0.2616224412433662,-0.2459195023949513,0.17980063710170407,0.005045325957484451,-0.13323186299332032,Rental & Leasing Services,Industrials,AAN
2021Q2,2021,Q2,2021-07-27,2021-06-30,32975000.0,467495000.0,44051000.0,0.95,294680000.0,0.6303382924,1363541000.0,733515000.0,840368000.0,288459000.0,630026000.0,737305000.0,64320000.0,1081645880.0,1295958880.0,21.69392523364486,2.9133013703853927,0.1923609191069429,0.35758232619646496,0.02603699701174698,21.69392523364486,0.04495477256770482,2.3137057722542487,8.20049946929492,1.4746063543349488,0.10128885519332828,0.23438739734573888,0.003087886767525061,0.34285364356480663,0.2646753958101498,0.02418335788949507,51.112649087987904,0.6303382923881539,-0.0865384615384616,0.8430647516939469,0.2744814107736942,0.08140571831375332,-0.027676956986550875,-0.09217300333122264,-0.09343294025642608,0.7641352459659011,0.03780095998533231,-0.13407716305575654,Rental & Leasing Services,Industrials,AAN
2021Q1,2021,Q1,2021-04-27,2021-03-31,36323000.0,481054000.0,48591000.0,1.04,303068000.0,0.6300082735,1335610000.0,739388000.0,830913000.0,267957000.0,596222000.0,705536000.0,34732000.0,879848160.0,1075707160.0,21.58040978343354,3.1009191773306912,0.19236378883057179,0.3474806191066125,0.02895666936839045,21.58040978343354,0.04912576346924754,1.8290008190348692,6.055723370866944,1.1899681358096155,0.0944305261129312,0.25227061411465895,0.0038983999239141447,0.3601755003331811,0.3350724183357778,0.027195813149048,-128.76454851456168,0.6300082734994408,12.0,0.5497662039987625,0.19356511644377916,0.10547088218527673,0.11091235658516917,11.63408695652174,-0.08642926976009627,0.4225415082976574,0.030893043699153435,-0.13853688670281583,Rental & Leasing Services,Industrials,AAN
2020Q4,2020,Q4,2021-02-23,2020-12-31,2875000.0,430172000.0,53188000.0,0.08,272810000.0,0.6341881852,1353457000.0,711325000.0,843279000.0,299742000.0,642132000.0,697235000.0,1881000.0,644279760.0,847945760.0,20.933021394308586,2.813349480553276,0.20672175030311268,0.39333497346501245,0.0408974693736458,20.933021394308586,0.004041753066460479,1.4977259328826609,56.02432695652175,0.9057459810916247,0.0,0.22569434982466458,0.0,0.31783204047117863,0.3710057315958391,0.002124190129424134,-134.1690462307372,0.6341881851910398,-0.9175257731958764,-0.7172942703118236,0.11910352456698885,0.1119812713876343,-0.0241590476599276,-0.9118449697973201,0.2861011703259503,-0.9665954557354741,0.003216777517086038,-0.15074880333147184,Rental & Leasing Services,Industrials,AAN
2020Q3,2020,Q3,2020-09-30,2020-09-30,32613000.0,440961000.0,41356000.0,0.97,279564000.0,0.6339880398,1676747000.0,725885000.0,1199713000.0,302747000.0,950862000.0,661522000.0,0.0,1913552534.85,2055165534.85,21.489551240997642,3.9627576821570485,0.3426128092073521,0.7914132403893178,0.021167631974793,21.489551240997642,0.04492860439325789,4.339505159980134,14.668633174270996,2.6361648675065608,0.0,0.24397828038976785,0.0,0.2629860080262556,1.5541689925911735,0.019450161533016014,17.858133088667604,0.6339880397586181,0.4696969696969696,1.8966462645035906,0.23431049906414175,0.1611468586866792,0.05927152443344789,0.45762939125770985,0.36357941244353587,1.6954322212310595,0.10093125500981595,-0.03409003041024071,Rental & Leasing Services,Industrials,AAN
2020Q2,2020,Q2,2020-07-29,2020-06-30,22374000.0,430955000.0,30329000.0,0.66,263921000.0,0.6124096483,2715702000.0,1521199000.0,1716400000.0,249182000.0,1194503000.0,1119640000.0,1805869000.0,1533544308.6,1841993308.6,45.034521802013224,6.888137987495084,0.10524019203874357,0.18787877194239544,0.012762679416010421,45.034521802013224,0.014708134833115194,3.558478979475815,17.135339105658353,1.0081155119086984,0.0,0.14918545246686435,0.0,0.15869009191730168,2.044076217383278,0.008238753736602912,10.269636696399871,0.6124096483391538,1.0688216892596454,0.18556189953627425,0.20394466960691485,1.4814156949269972,-0.01244541566416087,1.0691037575592852,-0.08743794192868963,0.2885800400804797,0.10566664607305695,1.064305780658313,Rental & Leasing Services,Industrials,AAN
2020Q1,2020,Q1,2020-05-07,2020-03-31,-323774000.0,432831000.0,33235000.0,-9.59,267247000.0,0.6174396011,3152955000.0,1446614000.0,2115564000.0,400762000.0,1706341000.0,1277573000.0,1740193000.0,769474435.02,1221717435.02,42.82646104953893,5.278853783542352,0.2049090456413111,0.44660773364560274,0.010934407234419432,42.82646104953893,-0.22381506054828723,1.7777710815999779,-0.5941447082069592,0.53191413536714,0.0,0.12960824939161988,0.0,0.1372778869346375,1.902286144893977,-0.10268906470279468,21.95174264741962,0.6174396011376264,-16.721311475409834,-15.115518023916431,0.1306916269901908,1.4361890371011343,-0.014532353938964852,-16.776922327258553,0.10573244169411451,-13.82547450077381,0.08205569403997597,1.0359364089360616,Rental & Leasing Services,Industrials,AAN
2019Q4,2019,Q4,2019-12-31,2019-12-31,20522000.0,434952000.0,30057000.0,0.61,271188000.0,0.6234894885,1940331000.0,837781000.0,938876000.0,268288000.0,1102550000.0,781598000.0,0.0,1929090648.99,2557154648.99,24.802190055221207,3.4995079914122136,0.348825535436995,0.8078925160632672,0.012155885591200889,24.802190055221207,0.02449566175408609,4.435180546336148,23.50027591109541,2.302619239383562,0.0,0.2095245893669124,0.0,0.22416381534903065,0.3420913346851145,0.010576545960457262,1766.5665283791209,0.6234894884952822,0.05172413793103453,0.9931272472870797,0.22847094452823014,0.46929422509506863,-0.7093852776554327,-0.4843848144518982,-0.4599504096593359,1.0030960098764525,0.15520221542864707,0.19387485023485868,Rental & Leasing Services,Industrials,AAN
2019Q3,2019,Q3,2019-11-04,2019-09-30,39801000.0,963808000.0,55656000.0,0.58,933153000.0,0.9681938726,3219620000.0,1867655000.0,1687494000.0,254234000.0,1351965000.0,1281872000.0,2139353000.0,4331124000.0,4902413000.0,27.710014836795253,6.637562245805046,0.10780992787968767,0.18585177669323297,0.019358980261999798,27.710014836795253,0.021310681041198723,4.493762243102361,27.20486922439135,2.319017163234109,0.0595211175598603,0.023914244167904438,0.000546971178844106,0.2993545822177773,1.303570726181392,0.01236201787788621,49.70818652374012,0.9681938726385338,-0.06451612903225812,3.5958219776115232,0.46198664781528953,0.6687193741280043,-0.0004166925537362004,-0.06679953106682297,-0.08938300692092475,0.45521397132224334,0.350202570098707,0.3808072750663167,Rental & Leasing Services,Industrials,AAN
2019Q2,2019,Q2,2019-07-25,2019-06-30,42650000.0,968141000.0,61119000.0,0.62,933542000.0,0.964262437,3180198000.0,1849558000.0,1628447000.0,226913000.0,1330640000.0,1292724000.0,2101915000.0,4256835430.0,4891349430.0,27.325158449923915,7.176525805044224,0.10935388299722218,0.18802708539013105,0.020878889340921573,27.325158449923915,0.023059563420017106,4.3969168024079135,24.95214202813599,2.3015420062523044,0.05512309495896835,0.026764413749570674,0.0005522882053253349,0.30442790040117,1.1783987695724794,0.013411114653867464,76.49437420259125,0.9642624369797375,-0.2439024390243902,4.35245788081143,0.5365560498936969,0.6606269556667826,-0.04180852428729055,-0.23945219159028497,-0.18793845663265307,0.19080436824455993,0.31844112761812404,0.36211323139203,Rental & Leasing Services,Industrials,AAN
2019Q1,2019,Q1,2019-04-25,2019-03-31,56078000.0,1012103000.0,75264000.0,0.82,974275000.0,0.9626243574,3237966000.0,1813508000.0,1655735000.0,246779000.0,1424458000.0,1301066000.0,2061651000.0,3590134900.0,4280825900.0,26.949029631170685,6.709383699585459,0.12609335613777292,0.22513603469077612,0.027019124864931365,26.949029631170685,0.0309223890934035,3.5472031008701683,16.005095135347194,1.9796631170085823,0.04219123363886016,0.029074620349774722,0.0006590281607523997,0.31257369595604156,1.1919814895108578,0.017318897110099363,25.47441584889059,0.9626243574023593,-0.0786516853932585,0.5751273562026669,0.8617393155390735,0.6563956610238596,0.031872033146151904,-0.09175129164439694,-0.13119163328677463,0.2181853110251134,0.27853719322782894,0.380482013982752,Rental & Leasing Services,Industrials,AAN
2018Q4,2018,Q4,2019-02-14,2018-12-31,61743000.0,993184000.0,86629000.0,0.89,944182000.0,0.9506617102,2826692000.0,1760708000.0,1602508000.0,349661000.0,1065984000.0,1318470000.0,2005344000.0,2857675950.0,3267149950.0,25.908385938580615,4.583033280806267,0.12062651325294727,0.19365732421275986,0.031014757419429294,25.908385938580615,0.03506714344456889,2.8772875418854915,11.57084993440552,1.6230266177015154,0.033315517548548015,0.037165805820382716,0.0007198156949880899,0.3513591151777413,0.6255716250882998,0.02184284669146833,-88.1590606200833,0.950661710216838,0.435483870967742,2.014299129838574,1.006324978759075,0.7097135161418432,0.03417599509299218,0.41223696248856356,0.5158180227471566,2.0358035496807396,0.2919538931175463,0.3762771934784982,Rental & Leasing Services,Industrials,AAN
2018Q3,2018,Q3,2018-10-25,2018-09-30,43720000.0,953071000.0,57150000.0,0.62,912980000.0,0.9579349282,2698898000.0,1763506000.0,1512872000.0,290942000.0,935392000.0,1196812000.0,1945961000.0,3736183510.0,3998537510.0,25.62527790290472,5.199909260264932,0.1101708919714639,0.16860730839588864,0.022698001252135433,25.62527790290472,0.02479152324970825,3.9201523391226885,21.364269842177492,2.118611170021537,0.047461116193961574,0.03349816011203096,0.0005553795723486826,0.3531333899984364,0.8080064067752335,0.016199204267815976,49.11313488359865,0.9579349282477381,0.14814814814814806,1.2871690509097988,0.9536628718718185,0.5721540154505477,0.04145967249767577,0.13555492065141164,0.06252440180712812,0.9059740513289386,0.30942797607955785,0.38461295009107144,Rental & Leasing Services,Industrials,AAN
2018Q2,2018,Q2,2018-07-26,2018-06-30,38501000.0,927859000.0,53787000.0,0.54,876635000.0,0.9447933361,2618950000.0,1744813000.0,1523694000.0,243147000.0,874137000.0,1137428000.0,1904309000.0,3026075250.0,3204693250.0,25.0529542680738,6.266554800182606,0.10421772084232231,0.15642994406850477,0.020534534534773947,25.0529542680738,0.022065974978407427,3.2613524792021202,19.649328913534713,1.7343264005942187,0.0,0.04503493847522656,0.0,0.3542866415930048,1.2506878554948242,0.01470092976192749,55.34862272053847,0.9447933360564482,-0.26027397260273966,0.6229375935933599,0.8316821447176206,0.5643771940268506,-0.02717929881137731,-0.26308234123186464,-0.24326795914347618,-0.01052883435810073,0.2572079598892813,0.38042531457073286,Rental & Leasing Services,Industrials,AAN
2018Q1,2018,Q1,2018-04-26,2018-03-31,52246000.0,954809000.0,71078000.0,0.73,901127000.0,0.9437772371,2719009000.0,1756192000.0,1597785000.0,259476000.0,962817000.0,1132096000.0,1867895000.0,3266893000.0,3436002000.0,25.050880821624705,6.157737131757851,0.1318564962455071,0.2041456742770722,0.02630709774362079,25.050880821624705,0.029749594577358283,3.4215146694260317,15.632263713968534,1.8602140312676518,0.04040500708188187,0.0474182401492453,0.0006461797187725462,0.3511606618440763,1.4815320106676533,0.019215089026921206,18.218026789797126,0.9437772371228172,-0.7044534412955465,0.10706683951663538,0.7337545186341838,0.5963383445312292,0.10695811226977964,-0.7057558008560486,0.0901199349713199,0.09748698410691314,0.20180443998668895,0.4250227483605303,Rental & Leasing Services,Industrials,AAN
2017Q4,2017,Q4,2018-03-01,2017-12-31,177560000.0,884627000.0,65202000.0,2.47,814057000.0,0.9202262649,2692264000.0,1728004000.0,1567556000.0,372090000.0,964260000.0,1152135000.0,1819524000.0,2793684250.0,3111445250.0,24.648798231224593,4.212840979332957,0.10088386577245025,0.15717903430779095,0.09532356290460536,24.648798231224593,0.10275439177224127,3.1580363814353394,3.9334369368100925,1.6167116800655554,0.011905834647443117,0.061251502645089335,0.000756706846881497,0.32858107525859276,0.9058534225590583,0.0659519274484226,-75.49273766416256,0.920226264855131,6.057142857142858,4.224015659660292,0.6771733468220016,0.6392236417073505,0.03866524274867209,6.006826881338542,0.48429247860134766,7.309061269402779,0.2038579067546553,0.4602072162191093,Rental & Leasing Services,Industrials,AAN
2017Q3,2017,Q3,2017-10-27,2017-09-30,25341000.0,838883000.0,43928000.0,0.35,783753000.0,0.9342816579,2595004000.0,1573956000.0,1473232000.0,394247000.0,1021048000.0,1048269000.0,1644089000.0,3086647980.0,3333085980.0,22.247985751844627,3.7368248838925853,0.10558673512641985,0.17408237587327727,0.015358731944527375,22.247985751844627,0.016100195939403643,3.679473752597204,30.45112643542086,1.9610764087433195,0.07675308788129909,0.052591462687535354,0.000630133404457738,0.3232684805110127,0.8268826395635224,0.009765302866585177,62.505527925154915,0.9342816578712407,-0.3137254901960785,-0.061492111621662716,0.6980674565596632,0.5442780139293434,0.04516286475544283,-0.3025732764552085,-0.2976801445313125,1.7877316736094293,0.21230607018977726,0.3397915908052475,Rental & Leasing Services,Industrials,AAN
2017Q2,2017,Q2,2017-08-04,2017-06-30,36335000.0,815644000.0,62547000.0,0.51,749886000.0,0.9193790428,2548130000.0,1542073000.0,1533663000.0,250727000.0,1006057000.0,994236000.0,1620699000.0,2749685400.0,2890463400.0,21.815819256995727,6.116864159025553,0.15741465309854677,0.26011284809474,0.020520149368504565,21.815819256995727,0.023562438354085703,3.3711832613247936,18.91898582633824,1.7831097490196637,0.0535571762763176,0.06613922650155496,0.0007077173264985151,0.32009512858449135,1.7609950264630454,0.014259476557318504,-954.4204790003471,0.9193790428176999,-0.3108108108108108,0.07684172969218132,0.6239025216166452,0.5339172155601438,-0.034992626222850216,-0.3182926829268293,-0.29275876885501706,3.3664777046870626,0.23960208961980203,0.3258088726004244,Rental & Leasing Services,Industrials,AAN
2017Q1,2017,Q1,2017-05-03,2017-03-31,53300000.0,844554000.0,88438000.0,0.74,777078000.0,0.9201045759,2624484000.0,1500193000.0,1603292000.0,275841000.0,1124291000.0,984555000.0,1586319000.0,2120997320.0,2257223320.0,21.035264589584678,5.812377420325477,0.1846900190666051,0.32310242748766327,0.0287425013701051,21.035264589584678,0.03552876196596038,2.511381533922046,9.94839268292683,1.413816302302437,0.03671669793621013,0.06853451559333912,0.0009226791479397061,0.3217981134577311,1.9375799826711766,0.020308754025553214,23.13806844338748,0.9201045759063363,1.4666666666666668,-0.2028549729702046,0.5329562520485897,0.5175013850964136,0.09370430161252412,1.4640562156164763,1.3447782167192512,0.41262717044941205,0.4658811809524186,0.2929118959584337,Rental & Leasing Services,Industrials,AAN
2016Q4,2016,Q4,2017-02-24,2016-12-31,21631000.0,794954000.0,37717000.0,0.3,710501000.0,0.8937636643,2615736000.0,1481598000.0,1584758000.0,412422000.0,1134138000.0,999381000.0,1534983000.0,2281462820.0,2470730820.0,20.77453097394767,3.842564169709666,0.1343078965155505,0.23711830064565423,0.01378576846012895,20.77453097394767,0.014599776727560377,2.869930612337318,26.367976746336275,1.5398662930160543,0.09088807729647265,0.08450530878613861,0.0008617278277627159,0.30391216850630187,1.214838199708066,0.008269565430150443,-348.3681203237135,0.8937636643126521,-0.25000000000000006,-0.24535693817073298,0.617644651115551,0.6161542450512499,0.00841360653899596,-0.26584985066521855,-0.2608422991749466,0.006289734303532957,0.5302464782947798,0.3709266367216843,Rental & Leasing Services,Industrials,AAN
2016Q3,2016,Q3,2016-11-02,2016-09-30,29464000.0,768982000.0,51027000.0,0.4,704573000.0,0.9162412124,2551390000.0,1457096000.0,1533450000.0,263657000.0,1094294000.0,957981000.0,1515318000.0,1845695360.0000002,2022379360.0000002,20.067981489643014,5.81607922414349,0.19447046511901356,0.34051977357703267,0.01699827107944415,20.067981489643014,0.020221042402147834,2.400180186272241,15.660597339125715,1.2666944113496985,0.061702416508281295,0.06723411007107656,0.000984994620130594,0.30139727756242674,1.9093860584016356,0.011548214894626067,15.2340400805573,0.9162412124080928,-0.24528301886792453,0.11607148006560312,0.6836646990799968,0.6495646351396565,-0.023429714322147483,-0.23472117607334875,-0.23872113146744645,0.4609444459108793,0.494047570435276,0.23120450831689215,Rental & Leasing Services,Industrials,AAN
2016Q2,2016,Q2,2016-08-04,2016-06-30,38501000.0,789353000.0,67028000.0,0.53,721477000.0,0.9140105884,2541447000.0,1459648000.0,1520018000.0,234803000.0,1081799000.0,1027635000.0,1487672000.0,1592738290.0,1844006290.0,20.060856777669358,6.4735884975915985,0.19418347106982756,0.33810000767308285,0.021616222099820368,20.060856777669358,0.026376907309159467,2.0177769515033197,10.342187800316875,1.0911797159315122,0.047271499441572946,0.06605068920385156,0.0011426861596954513,0.31059195804594786,1.8056583604127716,0.015149243718243976,14.103641072867504,0.9140105884186163,-0.22058823529411767,2.9045576225933734,0.7909247278153378,0.596760303761199,-0.07023404044192032,-0.22512930947732807,-0.2209669920966992,0.5534350641938613,0.491525472326783,0.2526565330308162,Rental & Leasing Services,Industrials,AAN
2016Q1,2016,Q1,2016-05-06,2016-03-31,49687000.0,854427000.0,86040000.0,0.68,775977000.0,0.9081840813,2548767000.0,1417922000.0,1513229000.0,244491000.0,1130845000.0,1102233000.0,1450991000.0,1823113400.0,2222249400.0,19.52146377729438,6.189303491744073,0.20325161146546547,0.36535225491952306,0.02769716095191231,19.52146377729438,0.03504212502521295,2.1337263452582844,9.172989916879668,1.2857642380892604,0.036548795459576955,0.07117369920878798,0.0009960982130897617,0.3352315060576349,1.2979618881676627,0.019494524215042018,10.102981939895708,0.908184081261477,1.2666666666666668,0.23424200808414714,0.7686981095636388,0.5365752024433874,0.10482320880923295,1.2869833379361133,1.1190030538863167,0.016184588106795912,0.49745954210462456,0.24398265238528885,Rental & Leasing Services,Industrials,AAN
2015Q4,2015,Q4,2016-02-29,2015-12-31,21726000.0,821199000.0,40604000.0,0.3,702354000.0,0.855278684,2658875000.0,1366618000.0,1595426000.0,314387000.0,1292257000.0,1138938000.0,1403120000.0,1625424440.0,2220932440.0,18.824976582731832,5.074720010687465,0.2260941187532321,0.43988590813233835,0.013039697121392387,18.824976582731832,0.01589763928178906,1.9793307590486593,18.70367808156126,1.1893773095334614,0.0834944306361042,0.10434720766187448,0.0011160161957451556,0.30885205208969957,1.251164965472491,0.008171125005876545,-23.32430891975663,0.8552786839730686,-0.09090909090909098,-0.2214749652388159,0.8701586784625824,0.5393581585110424,0.018509549152394902,-0.10200876250309994,-0.03507604562737643,-0.382729658383021,0.5034966858739413,0.25192094070982113,Rental & Leasing Services,Industrials,AAN
2015Q3,2015,Q3,2015-11-09,2015-09-30,24194000.0,767694000.0,42080000.0,0.33,689590000.0,0.8982615469,2335674000.0,1343362000.0,1285815000.0,279801000.0,992312000.0,1052615000.0,1383208000.0,2621080460.0,3048329460.0,18.50717769266801,4.595462489412118,0.21157104972697388,0.36785393661574467,0.015156256795853031,18.50717769266801,0.018010037502921773,3.4142255377793758,27.083992518806316,1.9511348839702178,0.1380507563858808,0.07419996864950623,0.0012742836593425293,0.3286819992858592,0.5901801637592432,0.010358466121556347,-121.15560968845337,0.8982615469184336,-0.41071428571428575,0.032195429820677114,0.8963256516693774,0.5500738120321585,0.0026943439134436563,-0.40329502293691116,-0.3986509660455013,-0.12668507949554045,0.5145747666077404,0.2846209058858802,Rental & Leasing Services,Industrials,AAN
2015Q2,2015,Q2,2015-08-06,2015-06-30,40546000.0,769049000.0,69976000.0,0.56,687737000.0,0.8942694159,2354707000.0,1317089000.0,1301923000.0,288760000.0,1037618000.0,1038133000.0,1360685000.0,2627832120.0,3031546120.0,18.14872126991126,4.5086680980745255,0.2101569324761,0.37572100290868726,0.024331903932289598,18.14872126991126,0.03078455594117026,3.416989190545726,16.20278276525428,1.995181889758399,0.0,0.07832522422464173,0.0,0.32660071932516443,0.6819330932262087,0.017219127475307967,-148.591016115352,0.8942694158629684,-0.1764705882352941,0.8629974952529381,0.940312024364621,0.5593387622966909,-0.05434247543512756,-0.17661393497552952,-0.16495423573073664,0.17041274668984777,0.49134333159320426,0.27607566181097504,Rental & Leasing Services,Industrials,AAN
2015Q1,2015,Q1,2015-05-07,2015-03-31,49243000.0,821814000.0,83799000.0,0.68,727258000.0,0.8849423349,2404660000.0,1274797000.0,1349103000.0,312236000.0,1129863000.0,1048279000.0,1321808000.0,2052956270.0,2443787270.0,17.579284857343794,4.320779794770623,0.21652458143770845,0.4084320876186561,0.02952972247055528,17.579284857343794,0.038628110985513775,2.4980789692071443,10.42257919907398,1.6104181842285479,0.03387283471762484,0.09020117735831777,0.0008124868631517417,0.3417589181006878,0.7758106047989342,0.020478154915871682,9.539272016764942,0.8849423348835624,1.2666666666666668,0.49491176902745404,0.8625658261799819,0.5470784840581402,0.10933355298582478,1.228795148003983,1.0807220539305755,-0.27570754397629627,0.4670171792629249,0.2681841488807402,Rental & Leasing Services,Industrials,AAN
2014Q4,2014,Q4,2015-03-02,2014-12-31,22094000.0,759742000.0,40274000.0,0.3,655581000.0,0.8628995106,2456844000.0,1223521000.0,1387975000.0,309462000.0,1233323000.0,1087032000.0,1274233000.0,2215774740.0,2818307740.0,16.880342705775227,4.485122567552721,0.2418716857887599,0.48568107944203653,0.014299377612131788,16.880342705775227,0.018057720300673222,2.916483148226635,25.072132026794606,1.8109821899256326,0.07549560966778311,0.09582146615739003,0.0007527841029544366,0.30923493717956857,0.7594696602490775,0.00899283796610611,-45.77384964984403,0.8628995106233431,1.3076923076923075,-0.008983326183277922,0.9118741021298342,0.5486362688585056,0.03936412409314596,1.3769768692845616,1.0801611487009968,-0.24158253915364414,0.5211647398487109,0.31320594222178166,Rental & Leasing Services,Industrials,AAN
2014Q3,2014,Q3,2014-11-05,2014-09-30,9295000.0,707564000.0,19361000.0,0.13,630752000.0,0.8914416222,2287928000.0,1201246000.0,1212365000.0,294104000.0,1086682000.0,1036407000.0,1253807000.0,1759308800.0,2306144800.0,16.605557091512303,4.122232271577401,0.24355530418789403,0.46388250200208786,0.0077535032995529555,16.605557091512303,0.007737798918789324,2.486430626770158,47.31868746637977,1.4645699548635334,0.32641204948897257,0.07411374103030952,0.0017245409106121678,0.3092597319496068,0.3407706117563855,0.004062627844932183,527.5288755622189,0.8914416222419456,0.08333333333333341,-0.5759580244420277,0.9165102069468485,0.5680520835457027,0.06761452594341619,0.09288653733098177,0.01680584002941022,-0.6466088506696627,0.5549310298280439,0.3649573943990366,Rental & Leasing Services,Industrials,AAN
2014Q2,2014,Q2,2014-08-08,2014-06-30,8505000.0,672510000.0,19041000.0,0.12,590805000.0,0.8785073828,2369487000.0,1188788000.0,1206358000.0,305057000.0,1180699000.0,1038148000.0,1246029000.0,2574847440.0,3169939440.0,16.45472413697644,3.9545330872591022,0.2585635624926408,0.5153677527027527,0.006628539937109084,16.45472413697644,0.007154345434173292,3.8287124949814872,75.68628571428572,2.1659433305181413,0.0,0.07870265125974331,0.0,0.28382092832752404,0.318140544226161,0.003589384537665748,-28.085466028207115,0.878507382789847,-0.7735849056603774,-0.6565727891729181,0.8107192566929796,0.5970640145166329,0.197165974674926,-0.77816322804455,-0.6940860819690567,-0.13132165136404378,0.5367020407640789,0.30972722663133145,Rental & Leasing Services,Industrials,AAN
2014Q1,2014,Q1,2014-05-09,2014-03-31,38339000.0,585423000.0,62243000.0,0.53,493503000.0,0.8429853286,1861230000.0,1179015000.0,1282755000.0,298620000.0,682215000.0,871861000.0,1239041000.0,2191402080.0,2042775080.0,16.2696813722108,4.295609805103476,0.07632210957270193,0.12048447220773273,0.02975403653294783,16.2696813722108,0.03251782208029584,3.743279782311252,14.289640314040533,1.858671925293571,0.0814053574688959,0.10542964990979066,0.001424202353590903,0.3145355490723876,1.1772252360859956,0.02059874384143819,54.479964200477326,0.8429853285572996,0.7666666666666668,0.2066439815998006,0.3746365268823853,0.639343378222498,0.1099108703132696,0.6908794213636764,0.7678652578959327,-0.04545148138180642,0.21464175880825756,0.2806206150007822,Rental & Leasing Services,Industrials,AAN
2013Q4,2013,Q4,2014-02-24,2013-12-31,22674000.0,547968000.0,35208000.0,0.3,444633000.0,0.8114214699,1827176000.0,1139963000.0,1240776000.0,286764000.0,687213000.0,869725000.0,1202219000.0,2211673800.0,2123286800.0,15.153641644622276,4.3268192660166545,0.07019028270949268,0.11250365143430094,0.018453674069267793,15.153641644622276,0.019890119240712198,4.036136781709881,24.385571579783008,1.9401277058992266,0.0,0.11881341803443617,0.0,0.29989886031778,1.045371803992133,0.012409313607446683,45.31468436904542,0.8114214698668535,0.07142857142857129,0.14990210750576147,0.4508784252343494,0.6047704591391633,-0.02653512949011829,0.07266534203803576,0.13879095643173658,-0.21592086178590558,0.2042708987662152,0.23914533408768013,Rental & Leasing Services,Industrials,AAN
2013Q3,2013,Q3,2013-11-01,2013-09-30,21138000.0,539458000.0,30917000.0,0.28,456753000.0,0.8466887135,1917481000.0,1240406000.0,1336151000.0,252418000.0,677075000.0,898413000.0,1181149000.0,2107997700.0,1939854700.0,16.29947044059868,5.293406175470846,0.07358664831620235,0.11375388380901091,0.01607923865849888,16.29947044059868,0.017041194576614432,3.9076215386554654,24.931375957990348,1.699441715051362,0.12233891569684928,0.09205677121769164,0.001226756556707818,0.28133681637523394,1.461631103962475,0.011023838045852866,18.325634182387205,0.8466887134864994,-0.1764705882352941,0.12331681178012688,0.4621394843538409,0.7632564967443575,-0.022754114354668925,-0.18240891158041309,-0.26203604248717033,-0.13983721301407262,0.2709981316654206,0.36516667746555814,Rental & Leasing Services,Industrials,AAN
2013Q2,2013,Q2,2013-08-02,2013-06-30,25854000.0,552064000.0,41895000.0,0.34,467388000.0,0.8466192326,1875212000.0,1215528000.0,1310749000.0,223973000.0,659684000.0,965909000.0,1161308000.0,2156347410.0,2087030410.0,16.01465066336412,5.852263442468512,0.07537707736511925,0.11628526862400537,0.019765517247622433,16.01465066336412,0.021269769186723794,3.9059736008868535,20.8511972035275,1.7740006071435623,0.0498568886826023,0.08766457295666569,0.0005977700967953025,0.2944008464109658,1.201653770767012,0.013787241122603738,1493.3153808864265,0.8466192325527475,-0.4925373134328358,0.1690273065628827,0.4132111618052179,0.789527512270654,-0.07256557094043552,-0.49305882352941177,-0.4925078434460286,0.13583067549406816,0.33176803013284306,0.3759793416093491,Rental & Leasing Services,Industrials,AAN
2013Q1,2013,Q1,2013-05-03,2013-03-31,51000000.0,595141000.0,82553000.0,0.67,503958000.0,0.846787568,1861826000.0,1188880000.0,1298055000.0,227466000.0,672946000.0,961690000.0,1136743000.0,2144765600.0,2076315600.0,15.692713833157338,5.7065891166152305,0.07600441716895134,0.11902546934930354,0.03904944750878475,15.692713833157338,0.04289751699078124,3.6037940588868858,10.513556862745098,1.8040219366126102,0.0,0.09481537709656958,0.0,0.3196544682478384,1.2183842860031828,0.02739246309805535,25.229271506040394,0.8467875679880902,0.3958333333333335,1.1821392613509327,0.4412845665551611,0.8218031106461754,0.12578577013291634,0.39222537671980784,0.40647414600902976,0.48197574918981906,0.29109389801848917,0.3810493501171704,Rental & Leasing Services,Industrials,AAN
2012Q4,2012,Q4,2013-02-22,2012-12-31,36632000.0,568463000.0,58695000.0,0.48,447650000.0,0.7874742947,1812929000.0,1136126000.0,1256249000.0,238810000.0,676803000.0,964067000.0,1087032000.0,2136723680.0,2148717680.0,15.036873312509927,5.260453917340145,0.07074187681922459,0.11288360621973267,0.029733785891749943,15.036873312509927,0.032242902635799195,3.7587735349530225,14.582357501637913,1.880710132502909,0.06628084734658223,0.12531597907614306,0.0011363191332254996,0.3135605420841081,0.8529416691093338,0.020205976075179998,-45.77483836414662,0.7874742947210285,0.26315789473684204,1.5111015681773157,0.55345347233507,0.7917500383871984,0.005654489781705693,0.2657475553712726,0.23316595583755279,0.5762621703699794,0.3723237129481582,0.37951271415931687,Rental & Leasing Services,Industrials,AAN
2012Q3,2012,Q3,2012-11-07,2012-09-30,28941000.0,529510000.0,47597000.0,0.38,445133000.0,0.8406507904,1769476000.0,1092433000.0,1231683000.0,535429000.0,677043000.0,908607000.0,1051687000.0,2084511720.0,2170340720.0,14.406723110196761,2.300366621905052,0.13646582378059946,0.2210414734816689,0.02242822179922199,14.406723110196761,0.026492242544851722,3.9366805537194764,18.00656266196745,1.9081369017596501,0.03945959020075326,0.09286413157723857,0.0005478501219460643,0.29924678266334215,0.6033965287647849,0.016355689480953683,93.00043365753547,0.8406507903533456,-0.1914893617021276,0.9498216627933861,0.5802150517383585,0.7470099355675406,-0.002469550797225677,-0.20149541993157488,-0.21008696229421137,0.2595687908872782,0.36825951671531604,0.3604176039090474,Rental & Leasing Services,Industrials,AAN
2012Q2,2012,Q2,2012-08-08,2012-06-30,36244000.0,539515000.0,60256000.0,0.47,446235000.0,0.827103973,1771067000.0,1079856000.0,1240516000.0,537506000.0,691211000.0,904624000.0,1023888000.0,2149493370.0,2350344370.0,14.22229246513098,2.3079109814588117,0.17529715137823695,0.2875040746173564,0.02681010187322791,14.22229246513098,0.033563734423849106,3.9841216092230987,14.826546255932016,1.990537043828066,2.7590773645293013e-05,0.10311466421408232,4.652259057677392e-07,0.30462709767614665,0.624908373115835,0.020464499649081598,-35.61358224534429,0.8271039730127985,-0.48913043478260876,0.9739723624336115,0.6089754044882888,0.7664267434105394,-0.05911189828578658,-0.4911408755229832,-0.48366309908396815,0.3925605016142646,0.3822081956476624,0.3803884714754889,Rental & Leasing Services,Industrials,AAN
2012Q1,2012,Q1,2012-05-08,2012-03-31,71226000.0,586876000.0,116699000.0,0.92,474270000.0,0.8081264185,1816405000.0,1053093000.0,1297977000.0,609751000.0,763312000.0,856423000.0,988785000.0,1967648900.0,2005642900.0,13.861776204077872,2.1287000759326347,0.1498173590140965,0.25840927629373667,0.05452676202717806,13.861776204077872,0.06763505217487914,3.3527506662395465,6.906357580097155,1.8684474210729725,0.03192654367787044,0.13148409138941855,0.0011556939858528622,0.32309754707788185,0.7241546139325725,0.03921262053341628,24.812096794532295,0.8081264185279343,1.3,1.607844519577866,0.6177767719106314,0.7761129043955128,0.15147336245177612,1.3326783258007466,1.3143083787803669,1.1383035905252246,0.3144887942586972,0.3967213315788114,Rental & Leasing Services,Industrials,AAN
2011Q4,2011,Q4,2012-02-29,2011-12-31,30534000.0,523489000.0,50425000.0,0.4,411881000.0,0.7867997226,1735149000.0,976554000.0,1224136000.0,604806000.0,758595000.0,862276000.0,918699000.0,2026906280.0,2102570280.0,12.85429966697819,2.0240143120273277,0.14518695512604393,0.25796934936521687,0.025715008427810167,12.85429966697819,0.031267088148735245,3.871917614314723,16.59548601558918,2.0755700964821195,0.030654352525054038,0.1294341950837087,0.00046178750800456345,0.3016968571575121,0.598307556472654,0.017597336021286932,-190.51661622332927,0.786799722630275,0.11111111111111122,0.7148417111894693,0.6471232480790523,0.7203900832678082,0.025051329591976406,0.08875022285612409,0.07817143834591289,0.533353640636584,0.37249030503556896,0.361270172692088,Rental & Leasing Services,Industrials,AAN
2011Q3,2011,Q3,2011-11-07,2011-09-30,28045000.0,485195000.0,46769000.0,0.36,401815000.0,0.8281515679,1667045000.0,938371000.0,1159474000.0,533380000.0,728674000.0,802284000.0,889248000.0,1947608250.0,1949443250.0,12.165623014792631,2.1738235404402113,0.13243673686073262,0.23527794443775438,0.025094281484117534,12.165623014792631,0.02988689974434419,4.014073207679386,17.361457033339274,2.0755205030846007,0.03701194508825102,0.10392828474704718,0.0005329613899509822,0.2910509314385634,0.6696726536428063,0.016823181137881702,25.820074903884397,0.8281515679262976,1.769230769230769,0.6938971353940329,0.6034045753604952,0.6810214482613479,0.0025974738880266686,1.5969997221964998,1.555822722553145,0.47042862977918604,0.2974708951432079,0.3160620092506444,Rental & Leasing Services,Industrials,AAN
2011Q2,2011,Q2,2011-08-04,2011-06-30,10799000.0,482700000.0,18299000.0,0.13,400774000.0,0.8302755335,1555593000.0,1001133000.0,1075247000.0,471829000.0,554460000.0,803734000.0,862186000.0,2251926360.0,2149600360.0,12.563474135983736,2.2788912932439507,0.04760435409519071,0.07396919290443928,0.010426748375359052,12.563474135983736,0.010786778579869009,4.66527110006215,52.13275210667655,2.249377814935678,0.09667561811278823,0.10193173363326673,0.0004636030815856696,0.31029967350071647,0.5754478847209477,0.006942047180721436,63.25102828413336,0.8302755334576342,-0.7636363636363637,-0.48922306402508786,0.4654047092691279,0.7229302098917108,-0.07463010510371834,-0.7567190069611841,-0.7479233534913835,-0.5349004459540511,0.17695646995742903,0.40388217568030627,Rental & Leasing Services,Industrials,AAN
2011Q1,2011,Q1,2011-05-04,2011-03-31,44389000.0,532665000.0,72593000.0,0.55,433096000.0,0.8130738832,1548758000.0,1017493000.0,1084080000.0,489802000.0,531265000.0,822248000.0,852428000.0,2031057040.0,1876303040.0,12.704528711808113,2.2133025181603996,0.026771774544505984,0.040750157494941,0.04231053826529647,12.704528711808113,0.04362585295427094,3.8130101283170474,11.438965960035144,1.9961385876856157,0.023767149519024984,0.1210936359833043,0.0005194339593731942,0.3439304268323392,0.534567029126055,0.02866103032236153,15.794828835834824,0.8130738832098974,0.4473684210526317,0.9350793490676295,0.44164374241969684,1.0688946242325952,0.13597461016904697,0.4418098548088479,0.43774137965181914,0.796613850414647,0.22025647870943132,0.47489785212051594,Rental & Leasing Services,Industrials,AAN
2010Q4,2010,Q4,2011-02-25,2010-12-31,30787000.0,484429000.0,50491000.0,0.38,381255000.0,0.7870193568,1502072000.0,979417000.0,956168000.0,440652000.0,522655000.0,814484000.0,809084000.0,1633014710.0,1602782710.0,12.229107617775226,2.169893702967421,0.027821569139162436,0.04266824039198829,0.030559835988231705,12.229107617775226,0.031434006148555724,3.3710093945655606,13.26058653002891,1.6673334340735355,6.496248416539448e-05,0.12667406603444634,1.224728710496429e-06,0.3225071767531783,0.32153263800005444,0.020496354369164728,-68.97633410770855,0.7870193568097699,0.1875,0.980929082376825,0.5374740012503197,1.1188448681202532,0.02618659259378886,0.1760189464838229,0.17933805152640553,0.9909809622232911,0.24888447927595164,0.45718485407206727,Rental & Leasing Services,Industrials,AAN
2010Q3,2010,Q3,2010-11-03,2010-09-30,26179000.0,452150000.0,42813000.0,0.32,371526000.0,0.8216874931,1403145000.0,967939000.0,878319000.0,360158000.0,435206000.0,716696000.0,779349000.0,1495741500.0,1437786500.0,11.93954607129641,2.4387046796128367,0.030012578885289833,0.04350687388358151,0.026366839739213034,11.93954607129641,0.027046125840574663,3.308064801503926,14.283791397685166,1.5452848784892437,0.07471637572099775,0.11249400024557134,0.001307712596060215,0.32224039568255597,0.4487558238328733,0.01865737325793129,42.00459153584768,0.8216874930885768,0.06666666666666674,1.7311496567013391,0.49688716087340595,1.129140810695495,0.0009025003300187774,0.0713730304890526,0.06571577925472333,0.6496956886702233,0.26210065294942386,0.4478313668677392,Rental & Leasing Services,Industrials,AAN
2010Q2,2010,Q2,2010-08-04,2010-06-30,24435000.0,444999000.0,40173000.0,0.3,371191000.0,0.8341389531,1341001000.0,948312000.0,876762000.0,306125000.0,392689000.0,737473000.0,754146000.0,1390846530.0,1359937530.0,11.638728997655837,2.8640653327888934,0.040587590911565316,0.057394612743485264,0.024891173074534707,11.638728997655837,0.02576683623111381,3.1255048438311097,14.230064763658687,1.4666549932933466,4.092490280335584e-05,0.10008230809805918,7.189865872548857e-07,0.33184091585315745,0.45500694160881994,0.01822146292210073,-44.982099935316946,0.834138953121243,-0.33333333333333337,0.38948046623287697,0.5033273384333712,1.1219593790324547,-0.06956615464827144,-0.33914807302231237,-0.33493916066550783,0.24013178788095704,0.2366746739957173,0.44554488744847187,Rental & Leasing Services,Industrials,AAN
2010Q1,2010,Q1,2010-05-04,2010-03-31,36975000.0,495269000.0,60405000.0,0.45,398944000.0,0.8055097331,1373729000.0,924928000.0,924775000.0,358771000.0,448801000.0,746967000.0,730688000.0,2713842660.0000005,2657735660.0000005,11.362891436012728,2.5776191498198013,0.0411726039124165,0.061150705784666484,0.03820558068824414,11.362891436012728,0.0399760846249654,5.4795326580100925,18.349172819472617,2.9341123417174098,0.026396213657876946,0.1289548266523153,0.00035963765121151126,0.3605288961651097,0.4956030448391871,0.026915789067567183,-139.96816029707568,0.8055097330945405,0.4516129032258065,0.8407086622440373,0.6259576525896233,1.1567227484765386,0.13457556935817805,0.47681431481407516,0.4830591701448564,0.263514109091424,0.27421339060694194,0.4559301646213541,Rental & Leasing Services,Industrials,AAN
2009Q4,2009,Q4,2010-02-26,2009-12-31,25037000.0,446268000.0,40730000.0,0.31,351624000.0,0.7879211595,1321456000.0,887260000.0,858182000.0,340954000.0,434196000.0,682402000.0,694689000.0,2257194270.0,2202553270.0,10.900133908278972,2.517002293564528,0.041654054315845554,0.062038184973964794,0.027153995912380085,10.900133908278972,0.028218335099069045,5.057934402645944,22.538585593321883,2.544005443725627,0.03898230618684347,0.13869244228475297,0.00043239521425862915,0.3377093145742272,0.5155534177631,0.018946525650494605,152.3073056680162,0.7879211594826427,0.03333333333333337,0.6678486136790311,0.6908260422870619,1.1688383815681607,0.014866959330164256,0.015493814642060434,0.13170325090302862,0.3123552112850353,0.3105182001114763,0.4588490052296008,Rental & Leasing Services,Industrials,AAN
2009Q3,2009,Q3,2009-11-05,2009-09-30,24655000.0,415259000.0,35990000.0,0.3,346473000.0,0.8343539815,1261023000.0,861660000.0,798676000.0,314082000.0,399363000.0,658093000.0,670601000.0,2148062400.0,2115315400.0,10.589926996534178,2.542890073292962,0.04388341846262915,0.06422254717638047,0.027647943245511373,10.589926996534178,0.028613374184713228,5.172825634122319,21.781204623808556,2.4929350323793606,0.07483269113770026,0.10452322088215496,0.0008589135958061554,0.3293032720259662,0.44759967142338625,0.0195515862914475,73.14544897333742,0.8343539814910694,-0.11764705882352951,1.122162055915807,0.642824954474891,1.1876611444740546,-0.0072406876790830944,-0.11395816861927693,-0.2079316871341168,0.4116721693332113,0.30089759948011424,0.46329492497423663,Rental & Leasing Services,Industrials,AAN
2009Q2,2009,Q2,2009-08-05,2009-06-30,27826000.0,417310000.0,45438000.0,0.34,349000000.0,0.8363087393,1257455000.0,836360000.0,801568000.0,308604000.0,421095000.0,670494000.0,646888000.0,2420653410.0,2418487410.0,10.303108696589488,2.5973999040841984,0.06450568807631286,0.09698335644937586,0.031072991871178693,10.303108696589488,0.03327036204505237,5.8006120390117655,21.748125943362325,2.894272095748242,3.593761230503845e-05,0.10188010630967614,4.1311159865715765e-07,0.3318687348652636,0.42473201902762114,0.022128823695480155,49.40411474171888,0.8363087393065107,-0.20930232558139528,0.6587515552146676,0.6619552219150864,1.1880211892873074,-0.08214173940715298,-0.2130656108597285,-0.22065759909438623,0.2919793518849236,0.24364414801216466,0.41294812541611287,Rental & Leasing Services,Industrials,AAN
2009Q1,2009,Q1,2009-05-06,2009-03-31,35360000.0,473950000.0,58303000.0,0.43,380233000.0,0.8022639519,1232144000.0,800387000.0,757723000.0,319688000.0,431757000.0,692401000.0,620061000.0,2259742950.0,2332650950.0,9.924510989181314,2.3701953154325466,0.06399008557441338,0.09850859646645935,0.040966644899458816,9.924510989181314,0.04417862858842035,4.7678931321869396,15.97668940893665,2.8233129098798453,0.05166855203619909,0.1353507577256532,0.0008084990374679562,0.3846547156825826,0.20433047221040515,0.028697944396109544,132.2028286433043,0.8022639518936596,0.6538461538461537,1.530981165952835,0.7930663591931374,1.1702497884637069,0.19488212483266187,0.6727375940205308,0.7011350042307356,0.5307971151624971,0.2738499644258345,0.6161770262733585,Rental & Leasing Services,Industrials,AAN
2008Q4,2008,Q4,2009-03-02,2008-12-31,21139000.0,404894000.0,34273000.0,0.26,318218000.0,0.7859291568,1233270000.0,761544000.0,747975000.0,356909000.0,471726000.0,681086000.0,585827000.0,2259742950.0,2367183950.0,9.442871756719056,2.0957022658436744,0.0930996456574797,0.15076870148015084,0.02407918392031288,9.442871756719056,0.027758080951330456,5.581072947487491,26.72480900231799,2.9673176467807503,9.461185486541464e-05,0.12726146184182321,8.85056417589443e-07,0.32830929155821514,0.1874119173234634,0.01714060992321227,-547.0208061002179,0.7859291567669563,0.08333333333333341,0.8890620360495812,0.7739788823061902,1.1820048095370614,0.0038391046085028122,0.06816574027286508,0.017757980697847068,0.3507281686284548,0.27614772203697713,0.6360948801333546,Rental & Leasing Services,Industrials,AAN
2008Q3,2008,Q3,2008-11-05,2008-09-30,19790000.0,388019000.0,33675000.0,0.24,317001000.0,0.8169728802,1169583000.0,739831000.0,685493000.0,247573000.0,429752000.0,630444000.0,565660000.0,2242552680.0,2389413680.0,9.24395881750256,2.768852015365165,0.13119205734009473,0.20739871673395682,0.023035595428076764,9.24395881750256,0.026749352216925218,5.779491932096109,28.329366851945426,3.031168848020697,0.08610409297625063,0.11264759439379231,0.0007598483706523229,0.3317584130412292,0.22235461863773515,0.01692056057586336,64.09307725285089,0.8169728801940112,-0.17241379310344826,1.1041380280679292,0.894318523648659,1.1968506375233154,-0.07267078746676106,-0.14987757206065552,-0.10602883007247339,1.0913363672186465,0.3012033428704234,0.6484454143570393,Rental & Leasing Services,Industrials,AAN
2008Q2,2008,Q2,2008-08-01,2008-06-30,23279000.0,411191000.0,37669000.0,0.29,341843000.0,0.8313484488,1190983000.0,714970000.0,743278000.0,231178000.0,476013000.0,687745000.0,545434000.0,2238601860.0,2446798860.0,8.949094413778429,3.2151761845850384,0.17984051829455164,0.2995748073345735,0.025053892937361502,8.949094413778429,0.032559408087052606,5.444189829057542,24.041001116886466,3.131043064743975,0.03672838180334207,0.10083388465201491,0.0003819348206920547,0.3452534586975633,0.2402174947443096,0.019546038860336377,-46.86993551358821,0.8313484487744138,-0.03333333333333337,1.4366631796520253,1.121489281561666,1.188808192631773,-0.018856931285572007,-0.05954833757524341,-0.06711409395973154,0.3500236715490343,0.41669082601415697,0.6315883657905251,Rental & Leasing Services,Industrials,AAN
2008Q1,2008,Q1,2008-05-06,2008-03-31,24753000.0,437331000.0,40379000.0,0.3,348413000.0,0.7966803177,1151002000.0,691157000.0,717555000.0,247210000.0,459845000.0,657274000.0,523005000.0,2248268760.0,2423135760.0,8.613836336897728,2.902613162897941,0.15808747508692425,0.2632672460815705,0.02835018485516243,8.613836336897728,0.03581385994788449,5.140885873628899,22.707033086898555,3.252906011224657,0.035106855734658424,0.13528300221825296,0.00038651962588316175,0.3799567681029225,0.24384531370090207,0.02150560989468307,-461.84649958915367,0.7966803176541338,0.5789473684210525,1.5809059338975806,1.0856393898277716,1.1757969616382573,0.12648565109993146,0.5977924089852827,0.6166473155302878,0.2500969333554357,0.45652291879626244,0.6349409729078697,Rental & Leasing Services,Industrials,AAN
2007Q4,2007,Q4,2008-02-29,2007-12-31,15492000.0,388611000.0,24977000.0,0.19,309292000.0,0.7958910067,1113176000.0,673380000.0,680726000.0,224192000.0,439796000.0,623452000.0,499109000.0,2248268760.0,2428851760.0,8.392282958199356,3.0363527690550955,0.166938561377536,0.27596899224806204,0.0180304744347146,8.392282958199356,0.02300632629421723,5.785396604831052,36.28112509682417,3.3387816091954026,0.05247869868319133,0.12722551214848937,0.00036161157174109383,0.3491011304591547,0.25546852697687694,0.013916936764716451,-71.04881683731513,0.7958910066879219,0.0,0.7440878560006517,0.87231356753229,1.18932778636713,0.0382514761813647,-0.026823292920409574,-0.01327381187532098,0.046937610554123335,0.49367889906157,0.6698423654133798,Rental & Leasing Services,Industrials,AAN
2007Q3,2007,Q3,2007-11-07,2007-09-30,15919000.0,359381000.0,25313000.0,0.19,297897000.0,0.8289169433,1077507000.0,670651000.0,670020000.0,227595000.0,406856000.0,614232000.0,484486000.0,2278740510.0,2421508510.0,8.246503249288354,2.9439135306135897,0.1415220504367953,0.2273775779056469,0.019339312050654686,8.246503249288354,0.023736637983094038,6.340737295516457,35.786489572209305,3.3978037906452085,0.051071047176330174,0.10009898539965355,0.00035677603326585,0.33353008379527926,0.24511962037830357,0.014773917942064414,259.3013780154756,0.8289169432997292,-0.2083333333333333,1.128664244002175,1.1138081266561464,1.2129609234265908,-0.0015886262404858382,-0.19016126570687286,-0.20085240726124703,0.3708992703503368,0.4224715020812578,0.7035579888465142,Rental & Leasing Services,Industrials,AAN
2007Q2,2007,Q2,2007-08-06,2007-06-30,19657000.0,358985000.0,31675000.0,0.24,298371000.0,0.8311517194,1023931000.0,654474000.0,712619000.0,217254000.0,369457000.0,619532000.0,469380000.0,2277647730.0,2390195730.0,8.051447657360079,3.2801191232382374,0.12026982286892378,0.18816331894009541,0.02527834860639231,8.051447657360079,0.030034806577495823,6.344687744613284,28.96738731749504,3.480119500545476,0.041257567278831966,0.0978383683167294,0.00035606910994967603,0.35059491313379515,0.24030397599123607,0.019197582649612133,-378.72426504822084,0.831151719431174,-0.3142857142857143,1.4807647266845685,1.0068617627096936,1.0802005872193383,-0.04824926554321094,-0.3269764097647824,-0.3243387372013652,0.17018451815374178,0.4277210963712915,0.7098468624884989,Rental & Leasing Services,Industrials,AAN
2007Q1,2007,Q1,2007-05-07,2007-03-31,29207000.0,387934000.0,46880000.0,0.35,313497000.0,0.8081194224,1017257000.0,634054000.0,693957000.0,234800000.0,383203000.0,637816000.0,450535000.0,2276386830.0,2385168830.0,7.804558015300062,2.955523850085179,0.11619679196112684,0.1864226075381592,0.038825878424366175,7.804558015300062,0.04606389992019607,5.86797452659473,19.484942222754817,3.590209713999123,0.027801554421885165,0.11670607197059966,0.0003567056307385156,0.38135299142694523,0.23910136286201022,0.028711525209460343,-653.5707235142119,0.8081194223759711,0.5217391304347825,3.0803988543593035,1.0483404108324352,1.330557844301508,0.15034639151047247,0.533900530434326,0.5238590560395268,1.0752794401963475,0.4569164778759858,0.7066675023305015,Rental & Leasing Services,Industrials,AAN
