Quarters,Year,Quarter,FillingDate,Date,NetIncome,Revenue,OperatingIncome,EPSDiluted,GrossProfit,GrossProfitRatio,TotalAssets,CommonStockEquity,CurrentAssets,CurrentLiability,TotalLiability,Inventory,RetainedEarnings,MarketCap,EnterpriseValue,bookValuePerShare,currentRatio,debtToAssets,debtToEquity,roic,shareholdersEquityPerShare,roe,priceToSalesRatio,peRatio,pbRatio,payoutRatio,inventoryTurnover,dividendYield,assetTurnover,quickRatio,returnOnAssets,priceToFreeCashFlowsRatio,grossProfitMargin,epsdilutedGrowth,fiveYNetIncomeGrowthPerShare,fiveYRevenueGrowthPerShare,fiveYShareholdersEquityGrowthPerShare,grossProfitGrowth,netIncomeGrowth,operatingIncomeGrowth,threeYNetIncomeGrowthPerShare,threeYRevenueGrowthPerShare,threeYShareholdersEquityGrowthPerShare,Industry,Sector,Symbol
2023Q1,2023,Q1,2023-05-15,2023-03-31,-6466336.0,0.0,-2876950.0,-5.48,-2876950.0,0.0,57896767.0,41035227.0,647767.0,4724040.0,16861540.0,0.0,-16214348.0,2392138.5,1968378.5,2.573130297430521,0.13712140456050328,0.0,0.0,-0.09704297323071388,2.573130297430521,-0.1575801201245944,0.0,-0.09248431028019577,0.05829475489437404,0.0,0.0,0.0,0.0,12.208355560071464,-0.1116873417128801,-18.333794461859178,0.0,-1.0000004404559126,0.0,0.0,0.0,-0.23171922649942053,-2.3326482896061513,-1.2720649614958455,0.0,0.0,0.0,Shell Companies,Financial Services,USCTW
2022Q4,2022,Q4,2023-04-04,2022-12-31,4852245.0,0.0,-1266227.0,12441653.85,-2335719.0,0.0,238448139.0,227505679.0,460312.0,1659635.0,10942460.0,0.0,-10482723.0,499100.0,374863.0,9.891551260869566,0.27735737074718236,0.0,0.0,-0.015061893744741036,9.891551260869566,0.021328017046994243,0.0,0.025714901040652317,0.0021937913910272102,0.0,0.0,0.0,0.0,143.47254908458788,0.02034926764515449,-3.083281337838923,0.0,-0.8009233775291891,0.0,0.0,0.0,-6.446160271103446,-0.2236011726038497,-3.036671012908018,0.0,0.0,0.0,Shell Companies,Financial Services,USCTW
2022Q3,2022,Q3,2022-11-10,2022-09-30,6249681.0,0.0,-313681.0,62496810.0,-313681.0,0.0,236728390.0,225712670.0,698583.0,658220.0,11015720.0,0.0,-10291171.0,1610000.0000000002,1323890.0000000002,9.813594347826086,1.0613214426787396,0.0,0.0,-0.002926349741604378,9.813594347826086,0.0276886583283074,0.0,0.06440328714377583,0.007132962451775526,0.0,0.0,0.0,0.0,358.9823706359576,0.02640021756579344,-23.288780882948565,0.0,0.013056991290069776,0.0,0.0,0.0,0.043798335004831594,-0.2763878633977489,0.043798335004831594,0.0,0.0,0.0,Shell Companies,Financial Services,USCTW
2022Q2,2022,Q2,2022-08-12,2022-06-30,8636783.0,0.0,-328049.0,61691307.14,-328049.0,0.0,235852891.0,222744670.0,783257.0,527946.0,13108221.0,0.0,-12200265.0,3907700.0,3552458.0,9.684550869565218,1.483593018983002,0.0,0.0,-0.0031831799195248104,9.684550869565218,0.03877436438770903,0.0,0.1131121390916039,0.017543405191244307,0.0,0.0,0.0,0.0,445.6887674118186,0.03661936456822995,-41.72174117295352,0.0,709095483.3678162,0.0,0.0,0.0,0.0,0.5911215874401956,0.23310392227453583,0.0,0.0,0.0,Shell Companies,Financial Services,USCTW
2022Q1,2022,Q1,2022-05-13,2022-03-31,5428110.0,0.0,-427762.0,0.087,0.0,0.0,235748842.0,218748700.0,897269.0,105121.0,17000142.0,0.0,-15851875.0,0.0,-448903.0,0.0,8.535582804577581,0.0,0.0,-0.004265714648738922,0.0,0.024814364611081118,0.0,0.0,0.0,0.0,0.0,,0.0,4.270345601735143,0.023024969938134417,0.0,0.0,0.0,0.0,0.0,0.0,0.0,0.0,0.0,0.0,0.0,0.0,Shell Companies,Financial Services,USCTW
2021Q3,2021,Q3,2021-12-08,2021-09-30,-44168.0,0.0,-44168.0,0.0,0.0,0.0,466009.0,-27234.0,0.0,493243.0,493243.0,0.0,-52234.0,0.0,208580.0,0.0,0.0,0.44758792212167575,-7.658808841888815,-0.24355651627276037,0.0,1.6217962840566937,0.0,0.0,0.0,,0.0,,0.0,0.0,-0.09477928537860857,0.0,0.0,0.0,0.0,0.0,0.0,0.0,0.0,0.0,0.0,0.0,0.0,Shell Companies,Financial Services,USCTW
2021Q4,2021,Q4,2022-03-14,2021-12-31,,,,,,,236094004.0,-18339662.0,1167322.0,353666.0,19833666.0,0.0,-18340237.0,0.0,-750562.0,0.0,3.300633931449447,0.0,0.0,,0.0,,0.0,0.0,0.0,0.0,0.0,,,2.1222339721658288,,0.0,0.0,0.0,0.0,0.0,0.0,0.0,0.0,0.0,0.0,0.0,0.0,Shell Companies,Financial Services,USCTW
2021Q2,2021,Q2,2021-06-30,2021-06-30,,,,,,,435266.0,16934.0,0.0,418332.0,418332.0,0.0,-8066.0,0.0,173378.0,0.0,0.0,0.39832654055221406,10.238455178929964,,0.0,,0.0,0.0,0.0,0.0,0.0,,,0.0,,0.0,0.0,0.0,0.0,0.0,0.0,0.0,0.0,0.0,0.0,0.0,0.0,Shell Companies,Financial Services,USCTW
2021Q1,2021,Q1,2021-04-30,2021-04-30,,,,,,,149952.0,17659.0,0.0,132293.0,132293.0,0.0,-7341.0,0.0,48100.0,0.0,0.0,0.3207693128467776,2.723823546067161,,0.0,,0.0,0.0,0.0,0.0,0.0,,,0.0,,0.0,0.0,0.0,0.0,0.0,0.0,0.0,0.0,0.0,0.0,0.0,0.0,Shell Companies,Financial Services,USCTW
