Quarters,Year,Quarter,FillingDate,Date,NetIncome,Revenue,OperatingIncome,EPSDiluted,GrossProfit,GrossProfitRatio,TotalAssets,CommonStockEquity,CurrentAssets,CurrentLiability,TotalLiability,Inventory,RetainedEarnings,MarketCap,EnterpriseValue,bookValuePerShare,currentRatio,debtToAssets,debtToEquity,roic,shareholdersEquityPerShare,roe,priceToSalesRatio,peRatio,pbRatio,payoutRatio,inventoryTurnover,dividendYield,assetTurnover,quickRatio,returnOnAssets,priceToFreeCashFlowsRatio,grossProfitMargin,epsdilutedGrowth,fiveYNetIncomeGrowthPerShare,fiveYRevenueGrowthPerShare,fiveYShareholdersEquityGrowthPerShare,grossProfitGrowth,netIncomeGrowth,operatingIncomeGrowth,threeYNetIncomeGrowthPerShare,threeYRevenueGrowthPerShare,threeYShareholdersEquityGrowthPerShare,Industry,Sector,Symbol
2024Q1,2024,Q1,2023-06-13,2023-04-29,-381000.0,64056000.0,-2376000.0,-0.0309,29592000.0,0.4619707756,284094000.0,20301000.0,102031000.0,89808000.0,263793000.0,80036000.0,-1123461000.0,84545131.75,276463131.75,1.6448238606003474,1.1361014608943525,0.677029433919759,9.474410127579922,-0.0005342776536742409,1.6448238606003474,-0.01876754839663071,1.3198628036405644,-55.475808234908136,4.164579663563371,0.0,0.430606227197761,0.0,0.22547466683562484,0.19813379654373775,-0.0013411054087731525,16.018403135657447,0.46197077557137506,0.9652808988764044,0.9363857803852887,0.10593353851043708,-0.7243956788503356,-0.18163716814159292,0.9652118334550767,0.61328125,0.992507275894382,0.5554581979283846,-0.7679738619980919,Apparel Manufacturing,Consumer Cyclical,VNCE
2023Q4,2023,Q4,2023-04-28,2023-01-28,-10952000.0,91308000.0,-6144000.0,-0.89,36160000.0,0.3960222543,303345000.0,20257000.0,115335000.0,93109000.0,283088000.0,90008000.0,-1123080000.0,95453913.78,298942913.78,1.6425641840245977,1.2387094695464456,0.6743740625360563,10.09863257145678,-0.023005984839000945,1.6425641840245977,-0.5406526139112405,1.0454058108818505,-2.17891512463477,4.712144630498099,0.0,0.6127010932361567,0.0,0.30100380754586364,0.2342630680170553,-0.03610410588603735,10.673589822207314,0.3960222543479213,-1.0697674418604652,-1.138444728010812,0.1521256926946045,-0.7448105218623732,0.21330067442874878,-1.0916730328495035,0.34603512506652473,-1.3650499972869667,-0.4672114990995159,-0.8533016984705201,Apparel Manufacturing,Consumer Cyclical,VNCE
2023Q3,2023,Q3,2022-12-13,2022-10-29,-5236000.0,98564000.0,-9395000.0,-0.43,29803000.0,0.3023720628,349281000.0,30716000.0,151675000.0,114116000.0,318565000.0,116441000.0,-1112128000.0,93048117.11999999,314111117.12,2.495622342368576,1.3291300080619721,0.6362212659720969,7.234665972131788,-0.011787651773464108,2.495622342368576,-0.17046490428441202,0.9440375504240899,-4.442709946524064,3.0293045031905192,0.0,0.5905222387303442,0.0,0.28219112977802974,0.27375652844474047,-0.014990795376788317,-10.41972196192609,0.3023720628221257,0.6504065040650407,-2.0439446140695834,-0.12786393200861923,351.2865092394911,-0.18060596062905532,0.6506771632530522,-2.561410159211524,-1.6234122207198343,0.08247647503849273,-0.6199530383991877,Apparel Manufacturing,Consumer Cyclical,VNCE
2023Q2,2023,Q2,2022-09-12,2022-07-30,-14989000.0,89194000.0,-2638000.0,-1.23,36372000.0,0.407785277,369218000.0,35447000.0,162193000.0,124201000.0,333771000.0,129472000.0,-1106892000.0,84933816.35000001,304446816.35,2.900572005204615,1.3058912569141956,0.5974410781706201,6.222980788219031,-0.015414709084266565,2.900572005204615,-0.4228566592377352,0.952236880844003,-1.4166024476282608,2.3960791138883404,0.0,0.4079801038062284,0.0,0.24157543781722451,0.22980491300392106,-0.04059661229950869,-4.913445351729724,0.40778527703657197,-0.64,0.36505968349179163,-0.37047049674197385,1.4626544633433858,0.020681913848744213,-0.655694245001657,0.5008514664143803,-15.491027035692227,0.19404041914281311,-0.5032333059324644,Apparel Manufacturing,Consumer Cyclical,VNCE
2023Q1,2023,Q1,2022-06-09,2022-04-30,-9053000.0,78376000.0,-5285000.0,-0.75,35635000.0,0.4546672451,329318000.0,49394000.0,114386000.0,90384000.0,279924000.0,83347000.0,-1091903000.0,109600824.86,317613824.86,4.105620013122956,1.2655558505930253,0.6354739188261802,4.236810138883265,-0.018007847248956304,4.105620013122956,-0.1832813702069077,1.398397785801776,-3.0266437882469894,2.2189096825525367,0.0,0.5128078995044812,0.0,0.2379948864015936,0.29203177553549303,-0.027490146302358208,-21.789428401590456,0.454667245075023,-2.260869565217391,0.5752534287961832,-0.41146627451172696,1.9344663087718448,-0.18223333945290987,-2.3442925748060586,-3.911845730027548,-0.25448130397841606,0.3744731900377441,-0.2837345499544294,Apparel Manufacturing,Consumer Cyclical,VNCE
2022Q4,2022,Q4,2022-04-29,2022-01-29,-2707000.0,99027000.0,1815000.0,-0.23,43576000.0,0.4400416048,337227000.0,55780000.0,115372000.0,91517000.0,281447000.0,78564000.0,-1084734000.0,101683689.5,309188689.5,4.662793043126155,1.2606619535168329,0.6184587829562876,3.738992470419505,-0.2525834616504543,4.662793043126155,-0.048529939046253134,1.0268279307663566,-9.390809891023272,1.8229417264252419,0.0,0.7058067308181865,0.0,0.29365086425464154,0.3387785875848203,-0.008027233881035623,32.84356895994832,0.4400416048148485,-2.277777777777778,0.9926827509529832,-0.3205356254985562,2.748684463480492,0.03424868867633447,-2.222121896162528,-0.42086790044671346,-4.913564456424426,0.23686540170263398,-0.26866929066828676,Apparel Manufacturing,Consumer Cyclical,VNCE
2022Q3,2022,Q3,2021-12-09,2021-10-30,2215000.0,87450000.0,3134000.0,0.18,42133000.0,0.4817953116,348902000.0,57706000.0,121270000.0,94930000.0,291196000.0,82040000.0,-1082027000.0,115176330.15,330234330.15,4.8348727492425665,1.2774676077109448,0.6209852623372752,3.754600908051156,0.18053792150432205,4.8348727492425665,0.038384223477627974,1.3170535180102916,12.999585795711061,1.9959160251966868,0.0,0.5523768893222818,0.0,0.25064344715708137,0.3569788265037396,0.006348487540914068,-18.688354721726434,0.48179531160663236,4.6,-0.7129017053794714,-0.49571724098471315,-0.8294300997214387,0.19093787099327267,4.754237288135593,0.18937381404174572,-0.6812031980445385,0.01940358463286823,-0.23051693777670088,Apparel Manufacturing,Consumer Cyclical,VNCE
2022Q2,2022,Q2,2021-09-09,2021-07-31,-590000.0,78673000.0,2635000.0,-0.05,35378000.0,0.4496841355992526,331192000.0,54903000.0,112632000.0,94114000.0,276289000.0,74336000.0,-1084242000.0,94591962.0,294087962.0,4.614333403931298,1.196761374503262,0.6069591052923984,3.6613664098500993,-0.005921736887004719,4.614333403931298,-0.010746225160738029,1.2023433960825187,-40.081339830508476,1.7228924102508059,0.0,0.5824230520878175,0.0,0.23754498900939636,0.34725970631361963,-0.001781443996231793,89.15359283694627,0.4496841355992526,0.9489795918367346,0.8690357168463796,-0.4341153295569637,-0.8307348679633336,0.38829808107365693,0.9492342109791774,1.3710744965497816,0.8492463645711656,0.21705483465056324,-0.18640075662496824,Apparel Manufacturing,Consumer Cyclical,VNCE
2022Q1,2022,Q1,2021-06-10,2021-05-01,-11622000.0,57533000.0,-7101000.0,-0.98,25483000.0,0.44292840630594615,325815000.0,54964000.0,105858000.0,85826000.0,270851000.0,71745000.0,-1083652000.0,133247368.8,335389368.8,4.652954317849164,1.233402465453359,0.6246244034191182,3.7026417291317952,-0.02444371672140828,4.652954317849164,-0.21144749290444656,2.316016352354301,-2.8662744966442952,2.424266225165563,0.0,0.4467210258554603,0.0,0.17658180255666558,0.3285135040663668,-0.03567054923806454,-40.748430825688075,0.44292840630594615,-1.0416666666666667,-1.0616487984872547,-0.7097179367966642,-0.8691425934612114,-0.0768032460239829,-0.5765056972327727,-0.8124042879019908,-1.027489392836355,0.03785032377763371,-0.22035766453244263,Apparel Manufacturing,Consumer Cyclical,VNCE
2021Q4,2021,Q4,2021-04-30,2021-01-30,-7372000.0,74808000.0,-3918000.0,-0.48,27603000.0,0.36898460057747834,332944000.0,66207000.0,110584000.0,82220000.0,266737000.0,68226000.0,-1072030000.0,96674981.13,296611981.13,5.608848573457177,1.3449768912673314,0.6118566485655246,3.076925400637395,-0.013209114091049126,5.608848573457177,-0.11134774268581872,1.2923080570259864,-3.278451611842105,1.4601927459332094,0.0,0.6918916542080732,0.0,0.2246864337546254,0.4336536122597908,-0.022141861694459128,7.97187937082543,0.36898460057747834,-2.142857142857143,-2.425825903127617,-0.6853670831888141,-0.7099745439531259,-0.12797750679219055,-2.4853919000604474,-1.6254789272030652,-1.097362316624247,-0.013807579258056092,-0.12860687312290997,Apparel Manufacturing,Consumer Cyclical,VNCE
2021Q3,2021,Q3,2020-12-21,2020-10-31,4963000.0,69022000.0,6264000.0,0.42,31654000.0,0.4586074005389586,354454000.0,73146000.0,126525000.0,85877000.0,281308000.0,88552000.0,-1064658000.0,47187440.0,261436440.0,6.200463513172149,1.4733281320959046,0.6064341212117792,2.938684275285046,0.0151383597137199,6.200463513172149,0.06785060016952396,0.6836579641273797,2.376961515212573,0.6451130615481366,0.0,0.4219893395970729,0.0,0.19472766564913924,0.39086134820731977,0.014001816878917998,-2.6441465874705816,0.4586074005389586,1.328125,-0.7102326565025523,-0.7063021423824849,-0.6695981048926245,1.372863568215892,1.3295047138494225,1.4471730439748716,0.03238447207261856,-0.36280430163372734,874.26850903615,Apparel Manufacturing,Consumer Cyclical,VNCE
2021Q2,2021,Q2,2020-09-15,2020-08-01,-15062000.0,37022000.0,-14008000.0,-1.28,13340000.0,0.36032629247474474,336707000.0,68366000.0,114976000.0,99985000.0,268341000.0,92122000.0,-1069621000.0,53852911.99,242259911.99,5.801591937275665,1.149932489873481,0.5618802103906364,2.767296609425738,-0.03774806575691299,5.801591937275665,-0.22031419126466373,1.4546191991248447,-0.8938539368941707,0.7877148288623,0.0,0.2570721434619309,0.0,0.1099531640268839,0.19373906085912887,-0.044733254728888915,-4.026687003888141,0.36032629247474474,0.6893203883495145,-0.03220763210651343,-0.8405902800520335,-0.6653883849140273,-0.16625,0.6873676781933663,0.7165405317900361,0.3383234701504395,-0.7290163011570542,1.9253803730648085,Apparel Manufacturing,Consumer Cyclical,VNCE
2021Q1,2021,Q1,2020-07-31,2020-05-02,-48178000.0,39018000.0,-49418000.0,-4.12,16000000.0,0.41006714849556614,330808000.0,82898000.0,114575000.0,77696000.0,247910000.0,67337000.0,-1054559000.0,62796559.83,229801559.82999998,7.088959350721171,1.474657640032949,0.5854120819327223,2.3361118482954955,-0.12920236085640485,7.088959350721171,-0.5811720427513329,1.6094253890512071,-0.32585702929760474,0.7575159814470795,0.0,0.3418328704872507,0.0,0.11794757079635317,0.5557171540362438,-0.14563734855263477,-6.627605259102902,0.41006714849556614,-1.9603729603729605,-7.810154256512418,-0.773826538446854,-0.6187030783133031,-0.7774872750535421,-2.695572605053847,-0.9258018003974904,-1.3255196175710535,-0.6985695353255743,2.613494102310554,Apparel Manufacturing,Consumer Cyclical,VNCE
2020Q4,2020,Q4,2020-06-11,2020-02-01,28414000.0,162310000.0,-25661000.0,4.29,71906000.0,0.44301645000308054,362302000.0,130780000.0,114244000.0,90277000.0,231522000.0,66393000.0,-1006381000.0,172514087.41,334327087.40999997,11.19688617318119,1.2654829026219303,0.4479108588967215,1.240854870775348,-0.06354968686901304,11.19688617318119,0.2172656369475455,1.0628678911342493,1.5178616827092277,1.3191167411683742,0.0,1.3616495714909704,0.0,0.44799642287373515,0.45555346322983703,0.0784262852537386,13.86657723736034,0.44301645000308054,5.402985074626866,-0.06285295099335635,-0.4047378042894024,-0.3690777353171031,0.6514170226448027,2.5651191969887077,-3.833590989399293,1.0786647664130664,0.14063487619263979,5.199161470240648,Apparel Manufacturing,Consumer Cyclical,VNCE
2020Q3,2020,Q3,2019-12-12,2019-11-02,7970000.0,86404000.0,9056000.0,0.67,43542000.0,0.50393500300912,324922000.0,76694000.0,98680000.0,66329000.0,248228000.0,57749000.0,-1039253000.0,246551711.79999998,389119711.79999995,6.566615693641272,1.4877353796981712,0.4403887702279316,1.865752210081623,0.02847354645543978,6.566615693641272,0.10391947218817639,2.853475670107865,7.733742528230866,3.2147457662920176,0.0,0.7422119863547421,0.0,0.2659222828863543,0.49405237528079726,0.02452896387440678,49.34982221777422,0.50393500300912,7.375000000000001,-0.7921802877353099,-0.70868741017168,-0.5611320325252528,0.25423435879709644,7.066801619433198,3.610997963340122,0.05567767635310859,-0.4908282628788113,-0.7683357883188348,Apparel Manufacturing,Consumer Cyclical,VNCE
2020Q2,2020,Q2,2019-09-12,2019-08-03,988000.0,71351000.0,1964000.0,0.08,34716000.0,0.48655239590194954,325175000.0,68157000.0,95453000.0,67055000.0,257018000.0,59749000.0,-1047223000.0,150580590.6,301222590.6,5.838901922861764,1.423503094474685,0.46396248174060123,2.2135510659213287,0.005980466486322393,5.838901922861764,0.014495943189987823,2.1104201847206063,38.10237616396761,2.2093195211056824,0.0,0.6131483372106646,0.0,0.21942338740678097,0.429706956975617,0.00303836395786884,-23.598274659144334,0.48655239590194954,1.1333333333333333,-0.9673280918818817,-0.7226230359692496,-0.4883955952666965,0.22818934408830396,1.1416284403669725,1.3416246303704993,1.223545340549326,-0.47686942782129166,-0.7858146738854379,Apparel Manufacturing,Consumer Cyclical,VNCE
2020Q1,2020,Q1,2019-06-13,2019-05-04,-6976000.0,55122000.0,-5749000.0,-0.6,28266000.0,0.5127898116904321,299409000.0,66662000.0,74033000.0,54115000.0,232747000.0,50311000.0,-1048211000.0,164213284.32,303699284.32,5.731981087265547,1.3680680033262496,0.46636206660454427,2.094641624913744,-0.019174014582433438,5.731981087265547,-0.10464732531277189,2.9790879198867963,-5.884937081422018,2.463371700819057,0.0,0.533799765458846,0.0,0.18410268228409968,0.29407742770026796,-0.023299232821992658,132.430068,0.5127898116904321,-10.999999999999998,-2.7566840037169933,-0.640594869907511,-0.34242442356251573,-0.22882165170654517,-11.380952380952381,-3.9331632653061224,-0.25694489318808705,-0.7175093361329069,-0.8387965734949065,Apparel Manufacturing,Consumer Cyclical,VNCE
2019Q4,2019,Q4,2019-04-12,2019-02-02,672000.0,77783000.0,1960000.0,0.06,36653000.0,0.471221218003934,234931000.0,74100000.0,88602000.0,45582000.0,160831000.0,53271000.0,-1040646000.0,137257402.54,182229402.54,6.375765414509934,1.9437936027379228,0.19192869395694906,0.608502024291498,0.016250869842021884,6.375765414509934,0.009068825910931173,1.7646195510587146,51.063021778273814,1.8523266199730095,0.0,0.7720898800473053,0.0,0.33108870264034973,0.6365231889781054,0.0028604143344215962,8.83081789487229,0.471221218003934,-0.8947368421052633,-0.6279082547395048,1.0865112298713069,-0.2882680105849353,-0.10201631673077394,-0.9006651884700665,-0.7814207650273224,-0.8679936683236872,-0.6677346010494543,-0.6703183821467722,Apparel Manufacturing,Consumer Cyclical,VNCE
2019Q3,2019,Q3,2018-12-13,2018-11-03,6765000.0,83526000.0,8967000.0,0.57,40817000.0,0.4886741852836243,250922000.0,73018000.0,101257000.0,45790000.0,177904000.0,61515000.0,-1041318000.0,173385499.04,233815499.04,6.283273780286949,2.211334352478707,0.24501637959206446,0.8419841682872716,0.0669671080130649,6.283273780286949,0.0926483880686954,2.075826677202308,6.407446379896526,2.374558314936043,0.0,0.6942859465171096,0.0,0.3328763520137732,0.7288272548591396,0.026960569419979118,-301.0164913888889,0.4886741852836243,2.727272727272727,1.987681306970062,-0.8655408296864683,1.1387839126692325,0.4725278689707421,2.770015698587127,4.699257425742574,-0.5990451779582633,-0.6392075849035471,-0.6651854236259815,Apparel Manufacturing,Consumer Cyclical,VNCE
2019Q2,2019,Q2,2018-09-13,2018-08-04,-3822000.0,63128000.0,-2424000.0,-0.33,27719000.0,0.4390920035483462,246784000.0,65901000.0,96662000.0,43854000.0,180883000.0,61616000.0,-1048083000.0,206713822.56,264976822.56,5.671506508277692,2.2041774980617506,0.2576504149377593,0.964841201195733,-0.018858472401382314,5.671506508277692,-0.05799608503664588,3.274518796096819,-13.521312307692307,3.1367327136158782,0.0,0.5746721630745261,0.0,0.2558026452282158,0.6457791763579149,-0.015487227697095436,-15.094108985761228,0.4390920035483462,0.32653061224489793,0.9096684167538333,-0.7884512115646888,1.091608088809174,0.08548715538847118,0.3219797764768494,0.44454628780934924,0.7343715872255446,-0.7243383352570975,-0.6728911696611745,Apparel Manufacturing,Consumer Cyclical,VNCE
2019Q1,2019,Q1,2018-06-14,2018-05-05,-5637000.0,54514000.0,-4364000.0,-0.49,25536000.0,0.4684301280405034,225957000.0,69328000.0,74869000.0,41440000.0,156629000.0,49360000.0,-1044261000.0,103619180.0,147991180.0,5.968062669478758,1.806684362934363,0.21951079187633046,0.7154396492037849,-0.03700961366883215,5.968062669478758,-0.08130913916455113,1.9007810837583006,-4.595493170125954,1.4946223747980614,0.0,0.5870745542949757,0.0,0.24125829250698141,0.43416988416988417,-0.024947224471912798,-135.0967144719687,0.4684301280405034,-1.076443057722309,0.9070877792937626,-0.6636548740402088,0.0,-0.24838852097130243,-1.075652243933863,0.3360718089152594,-1.802125802529641,-0.6818946594200235,-0.6789932327550954,Apparel Manufacturing,Consumer Cyclical,VNCE
2018Q4,2018,Q4,2018-04-25,2018-02-03,74512000.0,74648000.0,-6573000.0,6.41,33975000.0,0.45513610545493516,234534000.0,74769000.0,81574000.0,45177000.0,159765000.0,48921000.0,-1038624000.0,89211985.92,132521985.92,6.43664541348661,1.8056533191668327,0.20756905182191068,0.6510987173828726,-0.05368618652811965,6.43664541348661,0.9965627465928393,1.195102158396742,0.29932086751127335,1.1931681033583437,0.0,0.8314016475542201,0.0,0.31828221068160695,0.5784359297872811,0.31770233740097387,4.984745260099458,0.45513610545493516,14.634146341463415,2.59874821453631,-0.8996164025222094,1.03317626166428,-0.07341751438623285,20.23453975491593,-2.23808626860049,1.4710621531984027,-0.724727210836147,-0.6373078337650047,Apparel Manufacturing,Consumer Cyclical,VNCE
2018Q3,2018,Q3,2017-12-07,2017-10-28,3509000.0,79067000.0,5309000.0,0.41,36667000.0,0.4637459369901476,252723000.0,61000.0,92424000.0,41284000.0,252662000.0,51378000.0,-1113136000.0,31687997.92,92585997.92,0.007084070144372188,2.2387365565352195,0.2636127301432794,1092.1475409836066,0.07975305702525987,0.007084070144372188,57.52459016393443,0.4007740007841451,2.257623106298091,519.4753757377049,0.0,0.8252559461248005,0.0,0.31286032533643554,0.8962552078286987,0.01388476711656636,-1.4978963800519973,0.4637459369901476,1.217483902212872,1.0791464977344254,-0.8693741146426596,0.0,0.43477069964000625,1.3462601144661535,1.5992099322799096,-0.8758963391484562,-0.6384290973105238,-0.9995265488935617,Apparel Manufacturing,Consumer Cyclical,VNCE
2018Q2,2018,Q2,2017-09-07,2017-07-29,-10134000.0,60822000.0,-8860000.0,-1.885197,25556000.0,0.4201769096708428,233438000.0,-32890000.0,71574000.0,40040000.0,266328000.0,41842000.0,-1116645000.0,30332979.11,98569979.11,-6.269413212278443,1.7875624375624375,0.3086044260146163,-2.190331407722712,-0.226219776282701,-6.269413212278443,0.3081179689875342,0.4987172258393344,-0.7482972940102625,-0.9222553697172393,0.0,0.8428373404712968,0.0,0.2605488395205579,0.567982017982018,-0.04341195520866354,-1.5988287534261016,0.4201769096708428,-0.05263166711056838,0.4694987265884983,-0.5485540095035865,0.8987343201504634,-0.0013676683208940644,-0.09085037674919268,-0.08141096057610155,-1.7456598542221955,-0.4738939085812962,-1.5493257905114428,Apparel Manufacturing,Consumer Cyclical,VNCE
2018Q1,2018,Q1,2017-06-08,2017-04-29,-9290000.0,58045000.0,-8193000.0,-1.790937,25591000.0,0.44088207425273496,234282000.0,-23039000.0,70764000.0,38426000.0,257321000.0,32213000.0,-1106511000.0,52438290.0,101442290.0,-4.393545250998841,1.8415656066205173,0.27486106487054063,-2.7950431876383526,-0.19922424253820598,-4.393545250998841,0.40322930682755326,0.9034075286415711,-1.4111488159311087,-2.276066235513694,0.0,1.0074814515878683,0.0,0.24775697663499543,0.9286160412220892,-0.03965306767058502,-2.4349131686478453,0.44088207425273496,0.9420731797053119,0.6607910557114409,-0.20664295966711052,0.0,-0.12407584884994524,0.9427066630485729,0.8698118604207716,-6.188334383524543,-0.16063821956113733,-1.5040295854165107,Apparel Manufacturing,Consumer Cyclical,VNCE
2017Q4,2017,Q4,2017-04-28,2017-01-28,-162148000.0,63879000.0,-62932000.0,-30.917233,29216000.0,0.457364705145666,239480000.0,-13981000.0,74611000.0,50441000.0,253461000.0,38529000.0,-1097137000.0,157298580.0,184618580.0,-2.6664576374433895,1.4791736880712119,0.20167863704693503,-3.4545454545454546,-4.6530634680005445,-2.6664576374433895,11.597739789714613,2.462445874230968,-0.24252315785578607,-11.250881911165154,0.0,0.8996599963663734,0.0,0.2667404376148321,0.6208045042723181,-0.6770836813095039,54.57965995836225,0.457364705145666,-47.857142640633256,-6.707683765935232,-0.8096902110037432,0.9862563353091994,-0.2303071816217925,-48.97278106508876,-11.379680026389575,-200.00990377990357,1.1574810263821056,-1.2976588810293375,Apparel Manufacturing,Consumer Cyclical,VNCE
2017Q3,2017,Q3,2016-12-08,2016-10-29,3380000.0,75973000.0,6063000.0,0.659819,37958000.0,0.4996248667289695,396343000.0,148215000.0,80474000.0,39754000.0,248128000.0,34420000.0,-934989000.0,274516725.0,304547725.0,28.345404091499343,2.0242994415656286,0.12801033448301094,0.3423135310191276,0.021242516193143497,28.345404091499343,0.02280470937489458,3.613345859713319,20.30449149408284,1.8521521101103127,0.0,1.1044450900639162,0.0,0.19168497992900088,0.9387231473562409,0.00852796693772818,-299.0378267973856,0.4996248667289695,2.7500019891841427,1.1255458931031732,-0.793304634655206,0.0,0.3859860517763903,2.7183528215556687,2.4249118683901294,2.096731147182272,-0.7281918571397747,1.6260886002374857,Apparel Manufacturing,Consumer Cyclical,VNCE
2017Q2,2017,Q2,2016-09-08,2016-07-30,-1967000.0,60702000.0,-4255000.0,-0.377039,27387000.0,0.45117129583868737,402325000.0,141623000.0,88021000.0,50383000.0,260702000.0,34681000.0,-938369000.0,259754050.0,291205050.0,27.260980146411576,1.7470376912847587,0.13123221276331323,0.37280667688158,-0.008140841613417474,27.260980146411576,-0.013888986958333039,4.2791679022108005,-33.01398703609558,1.83412334154763,0.0,0.9606124390876849,0.0,0.15087802150003107,0.8412956751285156,-0.0048890822096563724,-25.451112090926905,0.45117129583868737,0.2000004243590587,0.8960188668201361,-0.5450195257487859,1.4403285593753077,-0.030823129733172906,-0.02234927234927235,-0.19926719278466742,0.8960188668201361,-0.5450195257487859,1.4403285593753077,Apparel Manufacturing,Consumer Cyclical,VNCE
2017Q1,2017,Q1,2016-06-08,2016-04-30,-1924000.0,67645000.0,-3548000.0,-0.471299,28258000.0,0.4177396703377929,380253000.0,143357000.0,72945000.0,37212000.0,236896000.0,23367000.0,-936402000.0,249159183.6,270209183.6,35.55743951313862,1.9602547565301516,0.11206486207866867,0.297250919034299,-0.007998853267783145,35.55743951313862,-0.01342103978180347,3.6833348155813437,-32.37515379417879,1.7380329080547166,0.0,1.6855822313519064,0.0,0.177894717464425,1.0403901967107385,-0.00505978914038811,-6.978271491387761,0.4177396703377929,-2.0403423225752335,0.908627239476971,0.20254036376294707,0.0,-0.3104609453161221,-2.0821147356580427,-1.7354892205638475,0.908627239476971,0.20254036376294707,0.0,Apparel Manufacturing,Consumer Cyclical,VNCE
2016Q4,2016,Q4,2016-04-14,2016-01-30,1778000.0,81763000.0,4824000.0,0.453023,40981000.0,0.501216931864046,363568000.0,78502000.0,60233000.0,71648000.0,285066000.0,36576000.0,-934478000.0,209861932.5,261246932.5,19.33915956863687,0.8406794327824921,0.15847104255600053,0.7339303457236759,0.01989030827089262,19.33915956863687,0.022649104481414488,2.5667102784878244,29.50814573959505,2.6733323036355765,0.0,1.11499343832021,0.0,0.22489052941953086,0.2181498436802144,0.004890419398846983,8.740605268638067,0.501216931864046,-0.6874996550943938,1.109170291775939,-0.6853554167098906,1.099679410158593,0.024396950381202348,-0.6982861021550992,-0.6091711901482622,1.109170291775939,-0.6853554167098906,1.099679410158593,Apparel Manufacturing,Consumer Cyclical,VNCE
2016Q3,2016,Q3,2015-12-10,2015-10-31,5893000.0,80859000.0,12343000.0,1.449672,40005000.0,0.49475012058026935,375505000.0,76171000.0,73139000.0,61595000.0,299334000.0,43895000.0,-936256000.0,184679813.5,259774813.5,18.76642841638997,1.1874178098871662,0.2003142434854396,0.9875018051489411,0.04796955230307774,18.76642841638997,0.0773654015307663,2.283973503258759,7.8347112463940265,2.4245423258195373,0.0,0.9307210388426927,0.0,0.21533401685729883,0.3083367156425034,0.01569353270928483,26.42435448562026,0.49475012058026935,2.1428571428571432,1.2819835192390168,-0.7165990486952079,0.0,0.924334984847756,2.1725029844807002,2.886731886273311,1.2819835192390168,-0.7165990486952079,0.0,Apparel Manufacturing,Consumer Cyclical,VNCE
2016Q2,2016,Q2,2015-09-08,2015-08-01,-5026000.0,79993000.0,-6542000.0,-1.268463,20789000.0,0.2598852399584964,383834000.0,70373000.0,79445000.0,48437000.0,313461000.0,45566000.0,-942149000.0,398170340.09999996,479959340.09999996,17.338286167337756,1.6401717695150402,0.21331356784443276,1.1634717860543107,-0.025362442208138446,17.338286167337756,-0.07141943643158598,4.977564788168964,-19.805528258058096,5.65799866568144,0.0,1.2993021112232805,0.0,0.20840519599618584,0.4700332390527902,-0.013094202181151227,-236.16271654804268,0.2598852399584964,-3.3333333333333335,0.6599325264091114,-0.232578136562393,1.280053854597213,-0.3237370287238541,-3.048084759576202,-2.282493628700255,0.6599325264091114,-0.232578136562393,1.280053854597213,Apparel Manufacturing,Consumer Cyclical,VNCE
2016Q1,2016,Q1,2015-06-10,2015-05-02,2454000.0,59842000.0,5101000.0,0.543627,30741000.0,0.5137027505765182,369141000.0,75416000.0,68533000.0,54612000.0,293725000.0,41212000.0,-937123000.0,752468321.5,832157321.5,18.5917035977175,1.254907346370761,0.21606919849054967,1.0576005091757716,0.022137417761310313,18.5917035977175,0.03253951416145115,12.574250885665586,76.65732696617766,9.977568705579719,0.0,0.7061292827331845,0.0,0.16211149669096633,0.3198381308137406,0.006647866262485066,159.28626619390346,0.5137027505765182,-0.7857142857142857,1.1158324796599521,0.05733882161977994,0.0,-0.32815368476265405,-0.7668851524650898,-0.7483348956534609,1.1158324796599521,0.05733882161977994,0.0,Apparel Manufacturing,Consumer Cyclical,VNCE
2015Q4,2015,Q4,2015-03-27,2015-01-31,10527000.0,94671000.0,20269000.0,2.536926,45756000.0,0.4833159045536648,382198000.0,71969000.0,81140000.0,64490000.0,310229000.0,37419000.0,-939577000.0,950970195.0,1038858195.0,17.746855357543566,1.2581795627229029,0.23024714938330393,1.2227486834609345,0.07467009733471751,17.746855357543566,0.1462713112590143,10.045,22.584074166429183,13.213608567577706,0.0,1.307223602982442,0.0,0.247701453173486,0.5258024499922469,0.027543315244977735,27.614780468681943,0.4833159045536648,-0.20000012613688764,1.6469882647293923,-0.6353304742444469,1.0914722311448666,-0.09658821671142,-0.20915032679738563,-0.18368908578332663,1.6469882647293923,-0.6353304742444469,1.0914722311448666,Apparel Manufacturing,Consumer Cyclical,VNCE
2015Q3,2015,Q3,2014-12-12,2014-11-01,13311000.0,102947000.0,24830000.0,3.171158,50648000.0,0.49198131077156204,404241000.0,60655000.0,98143000.0,41855000.0,343586000.0,52725000.0,-950104000.0,1420845684.0,1543311684.0,14.962622429305279,2.3448333532433403,0.30303704968075973,2.019619157530294,0.08012026684577296,14.962622429305279,0.21945429066029182,13.80172014726024,26.685554879423034,23.425038067760283,0.0,0.9919203413940256,0.0,0.25466738900804226,0.9109067017082786,0.03292837688408647,83.22666846298031,0.49198131077156204,0.29629623573675107,1.6377450688509705,-0.6387267770008466,0.0,0.15072476939155724,0.26759356251785543,0.2449859606899318,1.6377450688509705,-0.6387267770008466,0.0,Apparel Manufacturing,Consumer Cyclical,VNCE
2015Q2,2015,Q2,2014-09-12,2014-08-02,10501000.0,89326000.0,19944000.0,2.446322,44014000.0,0.49273447820343463,414361000.0,46262000.0,105367000.0,51764000.0,368099000.0,58632000.0,-963415000.0,1344132310.0,1483670310.0,11.412923479236952,2.0355266208175564,0.33690429359905977,3.0175954346980243,0.06618974488955061,11.412923479236952,0.22698975400977045,15.047492443409533,32.00010260927531,29.05478167826726,0.0,0.7728203029062628,0.0,0.2155753075217021,0.7411714705200525,0.025342636010628413,-118.31109145321714,0.49273447820343463,5.750001379622424,1.7114521056854706,-0.14191073272115315,1.1843453950255176,0.6665025936162963,6.58742774566474,2.8302285385058576,1.7114521056854706,-0.14191073272115315,1.1843453950255176,Apparel Manufacturing,Consumer Cyclical,VNCE
2015Q1,2015,Q1,2014-06-12,2014-05-03,1384000.0,53452000.0,5207000.0,0.362418,26411000.0,0.4941068622315348,388591000.0,35331000.0,78961000.0,27763000.0,353260000.0,31850000.0,-973916000.0,1109357829.3,1237568829.3,8.716839999319054,2.8441090660231243,0.38600996935080845,4.245563386261357,0.016854970788718778,8.716839999319054,0.03917239817723812,20.754281024096386,200.38978130419073,31.39899321558971,0.0,0.849010989010989,0.0,0.13755336587826275,1.2723408853510068,0.0035615853172101257,54.329684573191635,0.4941068622315348,1.0,1.0653791600953304,-0.0548091909568714,0.0,1.6079600386722526,1.3780068728522337,-0.7706672539088306,1.0653791600953304,-0.0548091909568714,0.0,Apparel Manufacturing,Consumer Cyclical,VNCE
2014Q4,2014,Q4,2014-04-04,2014-02-01,582000.0,-289745000.0,22705000.0,0.181209,-43442000.0,-0.14993183661495452,414342000.0,33551000.0,103731000.0,38333000.0,380791000.0,33956000.0,-975300000.0,874908153.6,1023424153.6,8.958098707562439,2.7060496178227638,0.41028908486226356,5.066913057733004,0.10534404260642212,8.958098707562439,0.017346725880003577,-3.019579815354881,375.8196536082474,26.076962045840663,0.0,-7.253592884909883,0.0,-0.6992894758436268,1.6091096444316908,0.0014046367493519847,38.440604288224954,0.14993183661495452,1.3074486423389367,1.038730151713754,-2.20846170086863,1.0461725336172516,-1.6339861650272904,1.2467147096227216,0.6289998565073899,1.038730151713754,-2.20846170086863,1.0461725336172516,Apparel Manufacturing,Consumer Cyclical,VNCE
2014Q3,2014,Q3,2013-10-31,2013-10-31,-2359000.0,213948000.0,13938000.0,-0.589396,68522000.0,0.32027408529175316,470251000.0,-181204000.0,228685000.0,386824000.0,651455000.0,92545000.0,-975882000.0,1147088986.4,1658738986.4,-45.27379045193838,0.5911861725229045,1.0916680666282474,-2.8330390057614623,0.07158130891293675,-45.27379045193838,0.01301847641332421,5.361531710509096,-121.56517448071217,-6.330373426635175,0.0,1.571408503971041,0.0,0.4549655396798731,0.32289103054619156,-0.005016469927761983,-164.26879369898325,0.32027408529175316,0.8381362306796813,0.885527192853302,-0.23955418270494858,0.0,1.0370414412271836,0.7760584773115625,-0.06986986986986987,0.885527192853302,-0.23955418270494858,0.0,Apparel Manufacturing,Consumer Cyclical,VNCE
2014Q2,2014,Q2,2013-07-31,2013-07-31,-10534000.0,74294000.0,14985000.0,-3.641309,33638000.0,0.4527687296416938,467791000.0,-179102000.0,228891000.0,221230000.0,646893000.0,93858000.0,-973523000.0,829109725.6,1329374725.6,-61.91054285710335,1.0346291190164083,1.0740758159092416,-2.805345557280209,0.041659715064548436,-61.91054285710335,0.05881564694978281,11.159847707755674,-19.67699177900133,-4.6292600060300835,0.0,0.4331649939269961,0.0,0.15881878873257502,0.5329114496225648,-0.02251860339339577,-22.6538901500041,0.4527687296416938,0.30279959362467107,0.0,0.0,0.0,0.920744589733341,0.302799655834271,6.886842105263158,0.0,0.0,0.0,Apparel Manufacturing,Consumer Cyclical,VNCE
2014Q1,2014,Q1,2013-04-30,2013-04-30,-15109000.0,40363000.0,1900000.0,-5.222758,17513000.0,0.4338874711988703,,,,,,,,829109725.6,,,0.0,0.0,0.0,0.0,,0.0,20.541330565121523,-13.71880544046595,0.0,0.0,0.0,0.0,0.0,0.0,0.0,-83.31086471061093,0.4338874711988703,-0.30171601187375546,0.0,0.0,0.0,-0.6697093714048621,-0.30171448263978634,-0.3372863620509243,0.0,0.0,0.0,Apparel Manufacturing,Consumer Cyclical,VNCE
2013Q4,2013,Q4,2013-01-31,2013-01-31,-11607000.0,185195000.0,2867000.0,-4.01221,53023000.0,0.28630902562164207,442124000.0,-561265000.0,199792000.0,190046000.0,1003389000.0,74056000.0,-947880000.0,829109725.6,1668763725.6,-194.01358352610308,1.0512823211222546,1.9033913562710914,-1.4993541375286183,0.009556738574165648,-194.01358352610308,0.020680070911245133,4.476955239612301,-17.85796772637202,-1.4772161556484016,0.0,1.7847574808253215,0.0,0.41887570002985586,0.5850425686412764,-0.02625281595208584,-284.2337077819678,0.28630902562164207,0.2207461023806787,0.0,0.0,0.0,-0.1572280060398951,0.22074521651560927,-0.8218037168251601,0.0,0.0,0.0,Apparel Manufacturing,Consumer Cyclical,VNCE
2013Q3,2013,Q3,2012-10-31,2012-10-31,-14895000.0,203355000.0,16089000.0,-5.148784,62915000.0,0.30938506552580464,,,,,,,,829109725.6,,,0.0,0.0,0.0,0.0,,0.0,4.077154363551425,-13.915906774085265,0.0,0.0,0.0,0.0,0.0,0.0,0.0,59.76857883506344,0.30938506552580464,0.0,0.0,0.0,0.0,0.0,0.0,0.0,0.0,0.0,0.0,Apparel Manufacturing,Consumer Cyclical,VNCE
