Quarters,Year,Quarter,FillingDate,Date,NetIncome,Revenue,OperatingIncome,EPSDiluted,GrossProfit,GrossProfitRatio,TotalAssets,CommonStockEquity,CurrentAssets,CurrentLiability,TotalLiability,Inventory,RetainedEarnings,MarketCap,EnterpriseValue,bookValuePerShare,currentRatio,debtToAssets,debtToEquity,roic,shareholdersEquityPerShare,roe,priceToSalesRatio,peRatio,pbRatio,payoutRatio,inventoryTurnover,dividendYield,assetTurnover,quickRatio,returnOnAssets,priceToFreeCashFlowsRatio,grossProfitMargin,epsdilutedGrowth,fiveYNetIncomeGrowthPerShare,fiveYRevenueGrowthPerShare,fiveYShareholdersEquityGrowthPerShare,grossProfitGrowth,netIncomeGrowth,operatingIncomeGrowth,threeYNetIncomeGrowthPerShare,threeYRevenueGrowthPerShare,threeYShareholdersEquityGrowthPerShare,Industry,Sector,Symbol
2023Q1,2023,Q1,2023-05-15,2023-03-31,-2601687.0,47868.0,-2446977.0,-0.15,17804.0,0.3719395003,11772186.0,7881084.0,8982232.0,1837384.0,3944760.0,249732.0,-80152964.0,37944395.400000006,32660081.400000006,0.46109593513249125,4.8885981373518,0.2553212292092565,0.3813801502432914,-0.22476562130351663,0.46109593513249125,-0.33011791271353025,792.6881298571071,-3.646133777814165,4.814616288825244,0.0,0.12038505277657649,0.0,0.004066194672765109,4.528226543825352,-0.22100287915940167,-23.872612401876623,0.37193950029247097,0.8920863309352518,-0.16677247248564905,0.0,1.1662647562059656,0.9096857234795667,0.7831855047822848,0.2355222740973642,0.13881384983135062,0.0,1.6443769960779195,Scientific & Technical Instruments,Technology,SOBR
2022Q4,2022,Q4,2023-03-31,2022-12-31,-11999599.0,22588.0,-3200848.0,-1.39,9323.0,0.4127412786,11912037.0,9144006.0,9025717.0,2821684.0,2821684.0,215493.0,-78327845.0,8224802.130693001,1460664.1306930007,1.056059710297511,3.198698720338635,0.15235505060973198,0.19847526346767488,-1.0019004031847092,1.056059710297511,-1.3122912430284932,364.12263727169295,-0.17135577052810266,0.8994747084257163,-0.41716869038707044,0.061556523877805774,0.6086294746616864,0.0018962331967236166,3.051127978894873,-1.0073507159186963,-4.346784005718868,0.41274127855498494,-3.483870967741935,-18.653922940736216,0.0,1.354934043811895,0.9487876254180602,-2.5136189493459766,-0.15047041774015457,-13.111679907026051,0.0,3.278839514679029,Scientific & Technical Instruments,Technology,SOBR
2022Q3,2022,Q3,2022-11-14,2022-09-30,-3415168.0,9734.0,-2782208.0,-0.31,4784.0,0.4914731868,11092751.0,8441764.0,8110065.0,2704636.0,2704636.0,196764.0,-74829673.0,29409674.12,23820424.12,0.7692682152031952,2.9985791063936147,0.1495956233039036,0.1965734886689559,-0.3035644802232111,0.7692682152031952,-0.4045562041298477,3021.3349208958293,-2.1528716976734383,3.483830407957389,0.0,0.0251570409221199,0.0,0.0008775100063095259,2.6832302017720684,-0.3078738538348152,-19.06453368839611,0.4914731867680296,-3.214285714285714,-8.06723772981989,0.0,1.285856992573856,2.1893333333333334,-3.6379877816579653,-0.6646292139133931,-1.3922354517720594,0.0,1.4217847100913197,Scientific & Technical Instruments,Technology,SOBR
2022Q2,2022,Q2,2022-08-15,2022-06-30,1294611.0,1500.0,-1671368.0,0.14,1500.0,1.0,8285397.0,5814914.0,5200045.0,2524128.0,2524128.0,172310.0,-63229547.0,8909850.2962,6653695.2962,0.6462429391496873,2.0601352229363963,0.18046642786097034,0.257138110727003,1.571259763109665,0.6462429391496873,0.2226363107003818,5939.900197466666,1.7205651535866757,1.532241112456693,0.0,0.0,0.0,0.00018104141539626887,1.4867078848616235,0.15625213855171938,-4.577238104734721,1.0,1.142857142857143,4.2589908902461415,0.0,1.2395161759196405,2.75,1.15448184465936,0.39421634799048066,2.4056285618805586,0.0,1.2755101754902853,Scientific & Technical Instruments,Technology,SOBR
2022Q1,2022,Q1,2022-05-23,2022-03-31,-8380344.0,1500.0,-2759018.0,-0.98,400.0,0.2666666667,3420751.0,-4153911.0,242184.0,7247302.0,7628302.0,104950.0,-63041171.0,21376225.0,26263852.0,-0.48580970213402974,0.03341712543509295,1.4602275932974953,-1.2024992832056345,-4.935205310073042,-0.48580970213402974,2.017458727449866,14250.816666666668,-0.6376893657348672,-5.146047905215109,0.0,0.010481181515007145,0.0,0.0004385002006869252,0.014894922275903501,-2.4498550172169797,-27.588633489068428,0.26666666666666666,-0.7192982456140352,-0.4940375723677436,0.0,0.892936483995796,0.0,-0.6973876493989206,-0.6516941578061047,-8.244101310286938,0.0,0.8158888511522675,Scientific & Technical Instruments,Technology,SOBR
2021Q4,2021,Q4,2022-03-11,2021-12-31,-4937201.0,0.0,-1670417.0,-0.57,0.0,0.0,4209215.0,-429957.0,934282.0,3981935.0,4692808.0,39461.0,-57471492.0,25716089.520000003,27417586.520000003,-0.04965655019231711,0.23463014840774649,0.6138353588495717,-6.009356749628451,-1.1590002480580566,-0.04965655019231711,11.483011091806855,0.0,-1.3021593368388285,-59.810840432880504,0.0,0.0,0.0,0.0,0.2215676549215394,-1.1729505382832666,-18.229401804644954,0.0,-1.3749999999999998,-19.175199973010358,0.0,0.9626749750358259,0.0,-1.4424516130308913,-0.004392971966393103,-3.948917834827067,0.0,0.983101001295432,Scientific & Technical Instruments,Technology,SOBR
2021Q3,2021,Q3,2021-11-15,2021-09-30,-2021412.0,0.0,-1663111.0,-0.24,0.0,0.0,5566681.0,2163025.0,2210132.0,2998714.0,3457288.0,0.0,-54167685.0,21650980.0,20480195.0,0.24976063439160723,0.7370266054048502,0.182235698435028,0.4689950416661851,-0.5234068078627261,0.24976063439160723,-0.9345301140763514,0.0,-2.677704990373066,10.009583800464627,0.0,0.0,0.0,0.0,0.7287233794219788,-0.3631269691940314,-33.345469610792044,0.0,-0.3333333333333333,0.26433708060727457,0.0,1.0654416308024028,0.0,-0.31029686014184105,-0.265023336335313,-1.0558749630711317,0.0,1.0899747487597544,Scientific & Technical Instruments,Technology,SOBR
2021Q2,2021,Q2,2021-08-16,2021-06-30,-1542713.0,0.0,-1314688.0,-0.18,0.0,0.0,4096917.0,2950386.0,651148.0,993883.0,1200159.0,0.0,-52146273.0,34204843.300000004,33917586.300000004,0.34071270544309146,0.6551555867239907,0.07866134461596366,0.10922943641950579,-0.40171909351887075,0.34071270544309146,-0.522885141130686,0.0,-5.542969317689032,11.593345175851567,0.0,0.0,0.0,0.0,0.6132774179656961,-0.37655461411593155,-35.64731177080566,0.0,-0.5,0.18947836164054474,0.0,1.097908394525052,0.0,-0.5391114791388152,-0.3595335744880633,-0.3632962622962156,0.0,1.1259734398407828,Scientific & Technical Instruments,Technology,SOBR
2021Q1,2021,Q1,2021-05-17,2021-03-31,-1002340.0,0.0,-967014.0,-0.12,0.0,0.0,4379569.0,3403567.0,837434.0,981612.0,1029626.0,0.0,-50603560.0,27000788.880000003,26475734.880000003,0.3932895845078731,0.8531211924874594,0.038589870373089225,0.049655846351783293,-0.2706771084377818,0.3932895845078731,-0.29449692043670656,0.0,-6.7344386335973825,7.933085753857644,0.0,0.0,0.0,0.0,0.7099067656059624,-0.22886726981581978,-40.37313990678563,0.0,-1.2222222222222223,0.535976144955508,0.0,1.1164723652881992,0.0,0.0748942996085786,0.08334692020399265,0.11219212481158901,0.0,1.1418147329096662,Scientific & Technical Instruments,Technology,SOBR
2020Q4,2020,Q4,2021-03-31,2020-12-31,-1083487.0,0.0,-1054940.0,-0.054,0.0,0.0,3986573.0,3093014.0,348072.0,947089.0,947089.0,0.0,-49601220.0,59136950.800000004,59020101.800000004,0.15429255611873718,0.3675177306462223,0.029095917721812695,0.037501608463459915,-0.3287434399488689,0.15429255611873718,-0.35030135654090155,0.0,-13.645053147845799,19.119522511052327,0.0,0.0,0.0,0.0,0.24585017881107266,-0.27178406114725606,-79.08652731527917,0.0,0.55,0.8981518645830735,0.0,1.04333256846263,0.0,-0.4687405957451423,-0.5157663029578521,0.23349086141318212,0.0,1.0518566141093189,Scientific & Technical Instruments,Technology,SOBR
2020Q3,2020,Q3,2020-11-16,2020-09-30,-737698.0,0.0,-695978.0,-0.12,0.0,0.0,4765210.0,-321145.0,987701.0,5139717.0,5139717.0,0.0,-48571733.0,19244545.919999998,19907751.919999998,-0.048060245424590406,0.1921703082095765,0.34475857307442903,-5.1155926450668705,-0.526577095290769,-0.048060245424590406,2.2970869856295444,0.0,-6.5218239442156545,-59.92478761929969,0.0,0.0,0.0,0.0,0.19060212848294955,-0.15480912698495974,-28.384620939480108,0.0,0.983673484936817,0.2741453635315315,0.0,0.9914928927329053,0.0,0.973378840230892,0.04575450161719561,-2.216486801790913,0.0,0.9821410049864,Scientific & Technical Instruments,Technology,SOBR
2020Q2,2020,Q2,2020-08-20,2020-06-30,-27710964.0,0.0,-729349.0,-7.350007,0.0,0.0,4621420.0,531816.0,743567.0,4143064.0,4143064.0,0.0,-47672155.0,10953108.6,11868322.6,0.14080627302462792,0.17947272839618214,0.3554853270206993,3.0891266904342856,-0.3353848389382631,0.14080627302462792,-52.10629992328174,0.0,-0.09881565830766478,20.595673315582832,0.0,0.0,0.0,0.0,0.1771826358463205,-5.996201167606493,-23.71197926927215,0.0,-35.83087877891973,-24.77477996448905,0.0,1.0251338227210085,0.0,-60.57677274272648,-0.6987916167832038,-165.18949842461302,0.0,1.0521868449421372,Scientific & Technical Instruments,Technology,SOBR
2020Q1,2020,Q1,2020-05-26,2020-03-31,-450023.0,0.0,-429334.0,-0.199561,0.0,0.0,407367.0,-1821892.0,407367.0,2282520.0,2282520.0,0.0,-19961191.0,8911266.0,8697368.0,-0.7155685847555219,0.17847247778770833,0.4565735565227424,-0.10208782957496931,0.26244529766201946,-0.7155685847555219,0.2470086042421834,0.0,-4.950450310317472,-4.89121528608721,0.0,0.0,0.0,0.0,0.1751971505178487,-1.1047114763837032,-29.326108705095635,0.0,-1.032056052593971,0.4124361235734817,0.0,0.9102785847687637,0.0,0.40006852200436194,0.21556324968254112,0.7305649916553535,0.0,0.8423018554599755,Scientific & Technical Instruments,Technology,SOBR
2019Q4,2019,Q4,2020-05-26,2019-12-31,-750124.0,0.0,-547315.0,-0.09820644452462585,0.0,0.0,690813.0,-3539711.0,690813.0,4283934.0,4283934.0,0.0,-19511168.0,572867.7,821568.7,-0.4634199571733578,0.16125668602737578,1.3469057472861685,-0.26286326765094664,0.20975942904687975,-0.4634199571733578,0.21191673557530544,0.0,-0.1909243338434712,-0.1618402462799929,0.0,0.0,0.0,0.0,0.15914320808864002,-1.085856809295714,-1.6778629106661158,0.0,0.015780113201653102,0.8118531615181873,0.0,0.9404792946590547,0.0,-2.483391612450834,-5.116549882097876,-2.4747655527464207,0.0,0.6516640523072765,Scientific & Technical Instruments,Technology,SOBR
2019Q3,2019,Q3,2020-02-25,2019-09-30,-215343.0,0.0,-89481.0,-0.099781,0.0,0.0,22585.0,-3019013.0,22585.0,3094231.0,3094231.0,0.0,-18771905.0,16553.05,905978.05,-1.8238409235760178,0.007299067199572366,39.96502103165818,-0.2989751948732914,0.04227975484820235,-1.8238409235760178,0.07132894094858154,0.0,-0.01921707462048917,-0.005482934323237429,0.0,0.0,0.0,0.0,0.0042611556797149275,-9.534779721053797,-0.4923425835043574,0.0,0.0,0.5828152326704876,0.0,0.7438897562828681,0.0,-0.3791926321115431,-0.0981554434667354,0.5899712501735239,0.0,0.5221219522695699,Scientific & Technical Instruments,Technology,SOBR
2019Q2,2019,Q2,2020-02-03,2019-06-30,-156137.0,0.0,-81483.0,-0.099781,0.0,0.0,15897.0,-3578020.0,15897.0,3645787.0,3645787.0,0.0,-18556562.0,762701.5,1695670.5,-2.3456227632959945,0.004360375414142406,58.99855318613575,-0.26212821616424725,0.030863369846825143,-2.3456227632959945,0.043637822035651,0.0,-1.221205575872471,-0.21316300635547034,0.0,0.0,0.0,0.0,0.001352520045740467,-9.821790274894635,-13.329980600171277,0.0,0.0,0.8200764196127407,0.0,0.704860121571938,0.0,-0.12906304912176675,-0.18067348653896312,0.5343161053812144,0.0,0.3259536399822164,Scientific & Technical Instruments,Technology,SOBR
2019Q1,2019,Q1,2020-01-13,2019-03-31,-138289.0,0.0,-69014.0,-0.099781,0.0,0.0,13679.0,-3441657.0,13679.0,3506388.0,3506388.0,0.0,-18400425.0,5869.4039999999995,901568.404,-2.6386761756389574,0.003901165529884314,65.56378390233205,-0.2605858166574996,0.02711950990447224,-2.6386761756389574,0.04018093610141859,0.0,-0.010610757182422319,-0.0017054006253383182,0.0,0.0,0.0,0.0,0.00032740244376834506,-10.109584033920608,-0.05255037558979685,0.0,-1.9519526563539589,0.8141887842352865,0.0,0.6659354936373063,0.0,-0.04555283372648642,0.03877545335524667,0.5752305724441945,0.0,0.21855836637306966,Scientific & Technical Instruments,Technology,SOBR
2018Q4,2018,Q4,2019-08-08,2018-12-31,-132264.0,0.0,-71798.0,-0.03380169386701559,0.0,0.0,13080.0,-3373146.0,13080.0,3436511.0,3436511.0,0.0,-18262136.0,229588.2,1090923.2,-2.938431504755035,0.003806185983400024,65.85810397553517,-0.25537702785470895,0.02858516985558115,-2.938431504755035,0.03921087317299637,0.0,-0.43395821992378886,-0.0680635228952438,0.0,0.0,0.0,0.0,2.589836028460261e-05,-10.111926605504587,-687.3898203592814,0.0,0.6612411795129775,-1.4382096288382211,0.0,0.6337784570586545,0.0,0.004351033558663676,-0.11513551293003028,0.7828857269744056,0.0,0.1747509565234069,Scientific & Technical Instruments,Technology,SOBR
2018Q3,2018,Q3,2019-05-22,2018-09-30,-132842.0,0.0,-64385.0,-0.099781,0.0,0.0,14855.0,-3248016.0,14855.0,3312392.0,3312392.0,0.0,-18129872.0,5850.39,862846.39,-2.775896991482619,0.004484674519199419,57.71921911814204,-0.26398238186018785,0.026932603027611933,-2.775896991482619,0.040899429066851886,0.0,-0.011010053296397223,-0.0018012195752730284,0.0,0.0,0.0,0.0,0.0001277022767836657,-8.9425782564793,-1.6933111432706225,0.0,0.0,-1.1923050783778821,0.0,0.6603052122028008,0.0,0.1191432928850872,0.22357552004823636,0.2535395169865992,0.0,0.5086405976431975,Scientific & Technical Instruments,Technology,SOBR
2018Q2,2018,Q2,2019-05-06,2018-06-30,-150810.0,0.0,-82925.0,-0.099781,0.0,0.0,27201.0,-3121297.0,27201.0,3197250.0,3197250.0,0.0,-17997030.0,11540.53,850426.53,-2.7046392150100558,0.008507623739150833,30.982831513547296,-0.2700044244427877,0.036394030720643504,-2.7046392150100558,0.04831645306422298,0.0,-0.019130909753995094,-0.003697350812819158,0.0,0.0,0.0,0.0,0.0012129173508483853,-5.544281460240432,-0.3089585843171901,0.0,0.0,0.9309977790549029,0.0,0.7210854841110154,0.0,-0.05425413669441939,-0.03860075397968513,0.5409213310350631,0.0,0.5172237635857303,Scientific & Technical Instruments,Technology,SOBR
2018Q1,2018,Q1,2019-04-17,2018-03-31,-143049.0,0.0,-79843.0,-0.099781,0.0,0.0,4650.0,-3040897.0,4650.0,3093495.0,3093495.0,0.0,-17846220.0,438602.0,1251556.0,-2.7732632318138086,0.0015031541993764334,174.8784946236559,-0.2674161604289787,0.03584080886577798,-2.7732632318138086,0.04704171170546059,0.0,-0.766524058189851,-0.14423441504266668,0.0,0.0,0.0,0.0,7.467282151740992e-05,-30.76322580645161,-21.701152837563704,0.0,-3.748031181223781,0.9070727523579972,0.0,0.6657812651188643,0.0,-1.0692752784608708,-1.9738020026588283,0.5663234395306279,0.0,0.6522749778735766,Scientific & Technical Instruments,Technology,SOBR
2017Q4,2017,Q4,2019-02-06,2017-12-31,-69130.0,0.0,81991.0,-0.021015236882728716,0.0,0.0,3148.0,-2917010.0,3148.0,2967285.0,2967285.0,0.0,-17703171.0,3333.3124,797340.3124,-2.9753688853165996,0.0010609024748212592,252.27096569250318,-0.2722476097099427,-0.03862287733393755,-2.9753688853165996,0.023698924583734713,0.0,-0.012054507449732386,-0.0011427154517811046,0.0,0.0,0.0,0.0,4.785519422637192e-05,-21.95997458703939,-0.15513158654069903,0.0,0.38772144385022533,0.9814786390100685,0.0,0.6443444037408872,0.0,-0.875220398752204,1.8042433397418292,0.8649090073172528,0.0,0.6178497452208394,Scientific & Technical Instruments,Technology,SOBR
2017Q3,2017,Q3,2017-11-20,2017-09-30,-36865.0,0.0,-101948.0,-0.034323,0.0,0.0,8019.0,-2890424.0,8019.0,2945430.0,2945430.0,0.0,-17634041.0,5370.35,797859.35,-2.6910946213933915,0.002722522687689064,98.87442324479362,-0.2743106201719886,0.048603370599032206,-2.6910946213933915,0.012754184161216486,0.0,-0.03641902888919029,-0.0018579800057015856,0.0,0.0,0.0,0.0,0.00013071096580125822,-4.597206634243672,-0.19565542116001167,0.0,0.22254688774123405,0.950059853214114,0.0,0.5620619904754861,0.0,0.18541187908785575,0.37494711930497904,0.8899329409812704,0.0,0.6221069006393541,Scientific & Technical Instruments,Technology,SOBR
2017Q2,2017,Q2,2017-08-21,2017-06-30,-45256.0,0.0,-163103.0,-0.044148,0.0,0.0,8502.0,-2765849.0,8502.0,2820271.0,2820271.0,0.0,-17597176.0,11276.133,776317.133,-2.69811814032346,0.0030146039157229925,90.08750882145378,-0.27692184208176224,0.0815545582959361,-2.69811814032346,0.016362426148354446,0.0,-0.06229081779211596,-0.004076915623376403,0.0,0.0,0.0,0.0,0.00031309047960284667,-5.322982827569984,-0.18569483235623477,0.0,0.9367927337701013,0.940543634704121,0.0,0.5422765845988893,0.0,0.907230738324922,-0.22309209391614737,0.9223975359044212,0.0,0.6605071060955054,Scientific & Technical Instruments,Technology,SOBR
2017Q1,2017,Q1,2017-05-22,2017-03-31,-487834.0,0.0,-133353.0,-0.698464,0.0,0.0,32371.0,-3374329.0,32371.0,3451566.0,3451566.0,0.0,-17551920.0,11154.6,740671.6,-4.537584046043785,0.00937864146303446,23.35188903648327,-0.22402202037797736,0.050929096148227646,-4.537584046043785,0.144572150492735,0.0,-0.005716391231443483,-0.0033057238935503917,0.0,0.0,0.0,0.0,0.007650730132351518,-15.070093602298353,-0.21086997618057393,0.0,-23.713231995939857,0.9193552133158046,0.0,0.2745646774215307,0.0,-6.737010721309395,-0.10252827567960844,-0.14967503822173672,0.0,0.4255279263080516,Scientific & Technical Instruments,Technology,SOBR
2016Q4,2016,Q4,2017-04-17,2016-12-31,-63052.0,0.0,-120952.0,-0.02826275414380243,0.0,0.0,14305.0,-2967979.0,14305.0,3026185.0,3026185.0,0.0,-17064086.0,13514.925476,789805.925476,-1.330382236582005,0.004727073857017995,55.267109402306886,-0.26637520009407073,0.05554925339271961,-1.330382236582005,0.021244085621899614,0.0,-0.053586426584406516,-0.00455357853812308,0.0,0.0,0.0,0.0,0.004727073857017995,-4.407689619014331,-0.5228413275561917,0.0,0.9055837331754234,0.9837534314406697,0.0,0.6618917819970045,0.0,0.7073216018121812,-0.49752377179080826,-1.1074915465745856,0.0,0.8341922775486179,Scientific & Technical Instruments,Technology,SOBR
2016Q3,2016,Q3,2016-09-30,2016-09-30,-215431.0,0.0,-80768.0,-0.299342,0.0,0.0,20154.0,-2591431.0,20154.0,2654431.0,2654431.0,0.0,-17001034.0,8283.800000000001,733725.8,-3.816540500736377,0.007592587639309516,36.994938969931525,-0.2877159376421753,0.04375689051296568,-3.816540500736377,0.08313206101185021,0.0,-0.009613054759992759,-0.0031966122192719007,0.0,0.0,0.0,0.0,0.007592587639309516,-10.689242830207403,-0.32428263848111183,0.0,-0.5000025054995716,0.8085634540567755,0.0,0.6636360402094672,0.0,-0.44347214312037253,0.2779029431749097,-1.5374135157374484,0.0,0.5329585645666861,Scientific & Technical Instruments,Technology,SOBR
2016Q2,2016,Q2,2016-06-30,2016-06-30,-149245.0,0.0,-111852.0,-0.199561,0.0,0.0,1799.0,-2362861.0,1799.0,2406582.0,2406582.0,0.0,-16785603.0,4074.0,703971.0,-3.4799131075110457,0.0007475332234679724,390.04780433574206,-0.2969688018042534,0.06733346777713231,-3.4799131075110457,0.06316283522390864,0.0,-0.00682434922442963,-0.0017241809822922296,0.0,0.0,0.0,0.0,0.0007475332234679724,-82.95997776542524,-0.09110425332081042,0.0,0.3333344468868385,0.13178841680379869,0.0,0.7704018724173295,0.0,0.09631733191242008,-0.14121884278295294,0.8839383608622802,0.0,0.6411357661566826,Scientific & Technical Instruments,Technology,SOBR
2016Q1,2016,Q1,2016-03-31,2016-03-31,-165152.0,0.0,-98011.0,-0.299342,0.0,0.0,2767.0,-2234192.0,2767.0,2277829.0,2277829.0,0.0,-16634108.0,3308.27,683487.27,-3.3766772361385256,0.001214753170672601,246.81821467293096,-0.30567918961306817,0.0631821129595177,-3.3766772361385256,0.07392023604059096,0.0,-0.005007916949234644,-0.0014807456118364043,0.0,0.0,0.0,0.0,0.001214753170672601,-59.6863028550777,-0.093557026102203,0.0,-0.8852261488614406,0.6033427662740026,0.0,0.7734286740774775,0.0,0.47600569834919204,0.24855478034194586,0.8222040927869039,0.0,0.5930610621386855,Scientific & Technical Instruments,Technology,SOBR
2015Q4,2015,Q4,2015-12-31,2015-12-31,-315179.0,0.0,-130430.0,-0.15878307235489172,0.0,0.0,7851.0,-2114726.0,7851.0,2162376.0,2162376.0,0.0,-16468956.0,1781.742,640349.742,-3.5606602976188473,0.003630728420959167,82.33588077951853,-0.3056750614500413,0.08883019695472405,-3.5606602976188473,0.14904011205234152,0.0,-0.0014132778516335162,-0.000842540357474207,0.0,0.0,0.0,0.0,0.003630728420959167,-40.145077060247104,-0.0146568227435754,0.0,-0.04397299289846291,0.7125169815520781,0.0,0.7521226802533794,0.0,-2.4636958074619484,-0.02372711075529602,0.860608224198393,0.0,0.5743826026160012,Scientific & Technical Instruments,Technology,SOBR
2015Q3,2015,Q3,2015-09-30,2015-09-30,-90995.0,0.0,-127407.0,-0.152095,0.0,0.0,16954.0,-3379931.0,16913.0,3391867.0,3435165.0,0.0,-16153777.0,1675.1812,864431.1812,-5.649422760952666,0.0049863393818212805,51.88563170933113,-0.2602624136409885,0.050957459658227816,-5.649422760952666,0.026922147227265884,0.0,-0.004602399032913896,-0.0004956258574509362,0.0,0.0,0.0,0.0,0.0049863393818212805,-5.3671699893830365,0.0324440028663839,0.0,0.46568465575751616,0.9036709270425678,0.0,0.5458578674544792,0.0,0.456197596380826,-0.22336165922511883,0.7786997355313011,0.0,0.08063546364153512,Scientific & Technical Instruments,Technology,SOBR
2015Q2,2015,Q2,2015-06-30,2015-06-30,-167331.0,0.0,-104145.0,-0.284654,0.0,0.0,165.0,-3293234.0,80.0,3286755.0,3330053.0,0.0,-16062782.0,1881.0880000000002,1650543.088,-5.602262520413718,2.4340116619583755e-05,9992.375757575757,-0.500645262377347,0.06332958749571296,-5.602262520413718,0.05081054064181288,0.0,-0.002810429627504766,-0.0005711977952371438,0.0,0.0,0.0,0.0,2.4340116619583755e-05,-1014.1272727272727,-0.06303702959016119,0.0,0.0490676216501526,0.6068705174877518,0.0,0.4860031775103032,0.0,-0.4153126559473564,-0.21871160259785852,0.6166398494851876,0.0,0.049601758909642926,Scientific & Technical Instruments,Technology,SOBR
2015Q1,2015,Q1,2015-03-31,2015-03-31,-118229.0,0.0,-85455.0,-0.299342,0.0,0.0,25286.0,-3134519.0,25016.0,3152228.0,3195526.0,0.0,-15895451.0,668.1356999999999,871466.1357,-7.97544914902766,0.007935974174456923,35.4272720082259,-0.28578994097659005,0.03817162154013146,-7.97544914902766,0.03771838677640812,0.0,-0.0014127999475593974,-0.00021315413943893784,0.0,0.0,0.0,0.0,0.007935974174456923,-4.675670331408685,-0.03185087000047671,0.0,-0.720467940714815,0.6443805423730847,0.0,0.21898018902678074,0.0,0.4236780017938619,0.26182352178983287,0.9630192909316374,0.0,-0.2750557273264071,Scientific & Technical Instruments,Technology,SOBR
2014Q4,2014,Q4,2014-12-31,2014-12-31,-205144.0,0.0,-115765.0,-0.17398871139419794,0.0,0.0,1077.0,-3060007.0,623.0,3052573.0,3095871.0,0.0,-15777222.0,943.2503999999999,872014.2504,-7.785861315298674,0.00020409012331564224,809.372330547818,-0.28486666860566007,0.05290148164362228,-7.785861315298674,0.06704036951549457,0.0,-0.001149497913660648,-0.0003082510595563997,0.0,0.0,0.0,0.0,0.00020409012331564224,-190.47725162488393,-0.0038581115405853118,0.0,0.44204807264133417,0.7987476310123329,0.0,0.35110589399641867,0.0,-0.5672289451167339,-0.21520196506550218,0.6999523497932676,0.0,-0.978727333053825,Scientific & Technical Instruments,Technology,SOBR
2014Q3,2014,Q3,2014-09-30,2014-09-30,-130896.0,0.0,-95264.0,-0.31183459158902327,0.0,0.0,1267.0,-2989249.0,619.0,2857317.0,3024324.0,0.0,-15572078.0,2602.5182,1396529.5182,-7.121311889384674,0.00021663679598728458,1100.6677190213102,-0.4665205207060369,0.05973776935266316,-7.121311889384674,0.04378892491057118,0.0,-0.004970583898667644,-0.0008706261004018065,0.0,0.0,0.0,0.0,0.00021663679598728458,-103.31176006314128,-0.1414565822371997,0.0,0.6874797389582511,-1.1968143631495547,0.0,0.2214968608646507,0.0,0.37168009907501187,0.39120265339118987,0.8118471867833075,0.0,0.3723759342905803,Scientific & Technical Instruments,Technology,SOBR
2014Q2,2014,Q2,2014-06-30,2014-06-30,-208327.0,0.0,-156479.0,-0.997806,0.0,0.0,842.0,-2910333.0,0.0,2776955.0,2943962.0,0.0,-15441182.0,2929.56,1388970.56,-7.947495186990538,0.0,1646.1294536817102,-0.4762482506297389,0.10265684002802612,-7.947495186990538,0.07158184303995453,0.0,-0.0035155788735977576,-0.0010066064604978193,0.0,0.0,0.0,0.0,0.0,-247.41923990498813,-0.0967394247597662,0.0,0.0,0.6692057179825419,0.0,0.11748360026323375,0.0,-0.040620395114763105,-0.12720789511597752,-1.2471326467921866,0.0,0.4756392020344371,Scientific & Technical Instruments,Technology,SOBR
2014Q1,2014,Q1,2014-03-31,2014-03-31,-200195.0,0.0,-138820.0,-0.997806,0.0,0.0,1036.0,-2771244.0,0.0,2636887.0,2803894.0,0.0,-15232855.0,6946.790400000001,643045.7904,-7.8987025720539945,0.0,613.9951737451737,-0.2295355443259417,0.0650166616318798,-7.8987025720539945,0.07224012032141522,0.0,-0.008675029845900248,-0.0025067407994388085,0.0,0.0,0.0,0.0,0.0,-193.238416988417,-0.39152287662740237,0.0,-13.248075341061494,0.5883514876426453,-1.0,0.03653145353924981,0.0,-3.334717249583076,0.5106337226313397,0.09323091497871784,0.0,0.47000575131531636,Scientific & Technical Instruments,Technology,SOBR
2013Q4,2013,Q4,2013-12-31,2013-12-31,85747.0,0.0,-283673.0,0.08146635060733745,0.0,0.0,1230.0,-2616679.0,0.0,2481322.0,2648329.0,0.0,-15032660.0,3293.8221,615635.8221,-8.023644598170618,0.0,497.8390243902439,-0.23401494795502237,0.14152959307741164,-8.023644598170618,-0.032769399685632056,0.0,0.009603315859446978,-0.0012587795828223483,0.0,0.0,0.0,0.0,0.0,69.7130081300813,-0.03172627721055673,0.0,-0.9183545192078045,1.0682025570445968,-1.0,0.4418771845533648,0.0,-0.5665096104263774,-1.4034788944808771,1.1424356345683295,0.0,0.4414295800910788,Scientific & Technical Instruments,Technology,SOBR
2013Q3,2013,Q3,2013-09-30,2013-09-30,197806.0,0.0,-118026.0,0.997806,0.0,0.0,3262.0,-2737941.0,837.0,2604731.0,2771738.0,0.0,-15118407.0,8376.25,935539.25,-8.1717385464856,0.000321338364691018,284.4880441446965,-0.3389408318148565,0.06520986043191464,-8.1717385464856,-0.07224626096763954,0.0,0.010586445810541642,-0.0030593245069926635,0.0,0.0,0.0,0.0,0.000321338364691018,60.63948497854077,-0.053844744572938294,0.0,1.5000000000000002,1.1389437548263792,-1.0,0.28463914778444294,0.0,1.3277679645530858,0.20836267782763548,1.3739154833277052,0.0,0.3430955821264128,Scientific & Technical Instruments,Technology,SOBR
2013Q2,2013,Q2,2013-06-30,2013-06-30,-603494.0,0.0,-149091.0,-1.995612,0.0,0.0,2619.0,-3090081.0,0.0,2955817.0,3122824.0,0.0,-15316213.0,15933.150000000001,1374996.15,-9.697018480338162,0.0,518.9243986254296,-0.4398146844694362,0.0861290870458886,-9.697018480338162,0.19530038209354383,0.0,-0.006600376308629415,-0.005156224060145997,0.0,0.0,0.0,0.0,0.0,-230.4291714394807,-0.32333191282113727,0.0,-1.0,0.6278624637491739,-1.0,0.0,0.0,-0.3763475682764126,0.362409391237411,-1.6155297190534987,0.0,0.11031718553781623,Scientific & Technical Instruments,Technology,SOBR
2013Q1,2013,Q1,2013-03-31,2013-03-31,-438475.0,0.0,-233835.0,-0.997806,0.0,0.0,2813.0,-2591636.0,0.0,2455286.0,2622293.0,0.0,-14712719.0,1249320.0,2388101.0,-8.2977491755515,0.0,404.8279416992535,-0.43940622834379517,0.16094861496845866,-8.2977491755515,0.16918849715006273,0.0,-0.7123097097896117,-0.482058437218807,0.0,0.0,0.0,0.0,0.0,-155.87451119800923,-9.182530465844444,0.0,0.1333843991472283,0.6425341018624783,-1.0,0.0,0.0,0.5935662079928812,0.5911739663302253,-0.6596189721852446,0.0,0.18741799095007397,Scientific & Technical Instruments,Technology,SOBR
2012Q4,2012,Q4,2012-12-31,2012-12-31,-1078835.0,0.0,-571967.0,-1.151382457248789,0.0,0.0,2278.0,-2370662.0,782.0,2034681.0,2398569.0,0.0,-14274244.0,2550357.0,3199676.0,-8.365871130982839,0.00038433543145092525,285.38235294117646,-0.2742276208080275,0.33243052701996617,-8.365871130982839,0.4550775268680225,0.0,-0.5909979283208275,-1.0757995024174682,0.0,0.0,0.0,0.0,0.00038433543145092525,-473.58867427568043,-43.96106112317717,0.0,-0.15391414488266156,-3.2031404113545716,-1.0,-29.601718826349163,0.0,-4.544258065842352,-3.1341732260699238,-0.467893332519023,0.0,0.3027663544669709,Scientific & Technical Instruments,Technology,SOBR
2012Q3,2012,Q3,2012-09-30,2012-09-30,-194586.0,0.0,-138351.0,-0.997806,0.0,0.0,5631.0,-1739787.0,3534.0,1428901.0,1787789.0,0.0,-13195409.0,11041914.0,11225781.0,-6.144921342441174,0.0024732294259714282,33.15627774817972,-0.10731371139110707,0.08908146629544829,-6.144921342441174,0.11184472581988485,0.0,-14.186418858499582,-6.34670451037972,0.0,0.0,0.0,0.0,0.001984742119992918,-34.55620671283964,-243.48748594235815,0.0,0.0,0.7081683446696707,-1.0,0.0,0.0,0.06635766927683096,0.050432741473860496,-3.8417337898236,0.0,0.32823605690388985,Scientific & Technical Instruments,Technology,SOBR
2012Q2,2012,Q2,2012-06-30,2012-06-30,-208416.0,0.0,-145699.0,-0.997806,0.0,0.0,4241.0,-1654545.0,2442.0,1367975.0,1698840.0,0.0,-13000823.0,9122295.0,10020716.0,-5.894647399585302,0.0017851203421115152,211.89247818910636,-0.5431317975636807,0.19274674597074515,-5.894647399585302,0.12596574889168927,0.0,-10.942412050898204,-5.51347651469135,0.0,0.0,0.0,0.0,0.0002302673659971856,-49.14312662107994,-62.08134557407395,0.0,0.8749999843406414,0.8540942300328532,-1.0,0.0,0.0,0.8997330428829636,0.9282729918145974,0.5682472134726708,0.0,0.3454386723863384,Scientific & Technical Instruments,Technology,SOBR
2012Q1,2012,Q1,2012-03-31,2012-03-31,-2078611.0,0.0,-2031299.0,-7.982447,0.0,0.0,4596.0,-1598329.0,2646.0,1091788.0,1641051.0,0.0,-12799549.0,19164675.0,19300685.0,-6.25498084366158,0.0024235474286216736,29.62053959965187,-0.08517395354773642,1.3892140093681205,-6.25498084366158,1.3004900743213694,0.0,-2.304985757315823,-11.99044439536541,0.0,0.0,0.0,0.0,0.0002069998937522669,-452.26523063533506,-122.01436948092876,0.0,-3.588631801305101,-1.071269009096849,-1.0,0.0,0.0,-2.2341401785255846,-6.104083459819399,-4.868476297564712,-1.0,0.23702946824400778,Scientific & Technical Instruments,Technology,SOBR
2011Q4,2011,Q4,2011-12-31,2011-12-31,-642709.0,0.0,-285934.0,-1.7396137553964623,0.0,0.0,109443.0,-1453725.0,108311.0,1048785.0,1598048.0,0.0,-10720938.0,18842205.0,19590709.0,-3.9347823144902625,0.10327283475640861,7.8262017671299215,-0.5891919035581007,0.4787894213348247,-3.9347823144902625,0.4421118161963232,0.0,-7.329213143117648,-12.961326935974824,0.0,0.0,0.0,0.0,0.1030897657765891,-5.872545525981561,77.3213384382425,0.0,0.12828056987206812,-0.9205701376024643,-1.0,-13.393133738933924,0.0,-2.1489289773840787,-0.4238606485539001,0.5487540454901224,-1.0,0.7262974753351316,Scientific & Technical Instruments,Technology,SOBR
2011Q3,2011,Q3,2011-09-30,2011-09-30,-204104.0,0.0,-200816.0,-1.995612,0.0,0.0,13344.0,-1397328.0,8209.0,927485.0,1863860.0,0.0,-10078225.0,16748536.0,16822987.0,-11.346460848876582,0.008850816994344922,6.18705035971223,-0.059084194977843424,0.15273873413408298,-11.346460848876582,0.14606735140210458,0.0,-20.514708187982595,-11.986116359222745,0.0,0.0,0.0,0.0,0.008850816994344922,-15.295563549160672,-24.74771525375644,0.0,-6.882639520536462,0.2962569245917851,-1.0,0.0,0.0,-56.02822017323275,-75.12433661865049,0.6099477693608623,-1.0,0.006721292377423934,Scientific & Technical Instruments,Technology,SOBR
2011Q2,2011,Q2,2011-06-30,2011-06-30,-3579.0,0.0,-2638.0,-0.2531654523590578,0.0,0.0,37.0,-214268.0,37.0,214305.0,214305.0,0.0,-701558.0,1130960.0,1200408.0,-15.156539576996535,0.0001726511280651408,1877.972972972973,-0.324290141318349,0.018220371176173998,-15.156539576996535,0.016703380812813858,0.0,-78.99972059234423,-5.278249668639274,0.0,0.0,0.0,0.0,0.0001726511280651408,-96.72972972972973,-25132.444444444445,0.0,0.7462778813125418,0.9502530336177476,-1.0,0.0,0.0,0.5976843525179856,0.6700850425212607,0.9502530336177476,-1.0,0.0,Scientific & Technical Instruments,Technology,SOBR
2011Q1,2011,Q1,2011-03-31,2011-03-31,-8896.0,0.0,-7996.0,-0.997806,0.0,0.0,37.0,-210689.0,37.0,210726.0,210726.0,0.0,-697979.0,424110.0,493513.0,-14.903374124637477,0.00017558345908905403,1876.7567567567567,-0.32958531294941834,0.056609250330975795,-14.903374124637477,0.04222337188937249,0.0,-11.918558902877699,-2.0129669797663854,0.0,0.0,0.0,0.0,0.00017558345908905403,-240.43243243243242,-9023.617021276596,0.0,-0.631919947246645,0.8397710459983491,-1.0,0.0,0.0,0.6569489433904057,0.680032012805122,0.8397710459983491,-1.0,0.0,Scientific & Technical Instruments,Technology,SOBR
2010Q4,2010,Q4,2010-12-31,2010-12-31,-25932.0,0.0,-24990.0,-0.6114307271526926,0.0,0.0,83.0,-201794.0,83.0,201877.0,201877.0,0.0,-689084.0,140480.0,209837.0,-14.364607061503417,0.00041114143760804844,836.6265060240963,-0.3441133036661149,0.18881182283875061,-14.364607061503417,0.12850728961217875,0.0,-1.3543112756439921,-0.6961554852968869,0.0,0.0,0.0,0.0,0.00041114143760804844,-312.43373493975906,-481.09589041095893,0.0,0.6936124220776921,-1.037975004733521,-1.0,-51.54463754756336,0.0,-0.16177590609739706,-0.1666122029783857,-1.037975004733521,-1.0,-51.54463754756336,Scientific & Technical Instruments,Technology,SOBR
2010Q3,2010,Q3,2010-09-30,2010-09-30,-22321.0,0.0,-21421.0,-1.995612,0.0,0.0,75.0,-175861.0,75.0,175936.0,175936.0,0.0,-663151.0,424110.0,454035.0,-12.439767984720945,0.0004262913786831575,400.0,-0.17058927220930167,0.14685899589335052,-12.439767984720945,0.1269241048327941,0.0,-4.750123202365486,-2.4116205412228977,0.0,0.0,0.0,0.0,0.0004262913786831575,-297.61333333333334,-9424.666666666666,0.0,-1.0,0.3295645798078123,-1.0,0.0,0.0,-1.1883333333333332,-1.3033333333333332,0.3295645798078123,-1.0,0.0,Scientific & Technical Instruments,Technology,SOBR
2010Q2,2010,Q2,2010-06-30,2010-06-30,-10200.0,0.0,-9300.0,-0.997806,0.0,0.0,70.0,-153540.0,70.0,153610.0,153610.0,0.0,-640830.0,704350.0,734280.0,-10.89941080428764,0.0004556994987305514,428.57142857142856,-0.19538882375928096,0.07527926177756192,-10.89941080428764,0.06643220007815553,0.0,-17.263480392156865,-4.587403933828319,0.0,0.0,0.0,0.0,0.0004556994987305514,-145.71428571428572,-62.062736805004846,0.0,0.0,0.8577200123019462,-1.0,0.0,0.0,0.14098029307731177,0.15254237288135594,0.8577200123019462,-1.0,0.0,Scientific & Technical Instruments,Technology,SOBR
2010Q1,2010,Q1,2010-03-31,2010-03-31,-11874.0,0.0,-10974.0,-0.997806,0.0,0.0,79.0,-143340.0,79.0,143419.0,143419.0,0.0,-630630.0,491295.0,560266.0,-10.211583671724728,0.0005508335715630426,874.0506329113924,-0.4817217803823078,0.14771840086148877,-10.211583671724728,0.08283800753453328,0.0,-10.343923698837797,-3.4274801172038507,0.0,0.0,0.0,0.0,0.0005508335715630426,-150.30379746835442,-70.53768844221105,0.0,-0.18672073405535491,0.7846096579223596,-1.0,0.0,0.0,0.6597902698985731,0.6772542791600494,0.7846096579223596,-1.0,0.0,Scientific & Technical Instruments,Technology,SOBR
2009Q4,2009,Q4,2009-12-31,2009-12-31,-34902.0,0.0,-34002.0,-0.8408094435075886,0.0,0.0,94.0,-161466.0,94.0,161560.0,161560.0,0.0,-618756.0,605565.0,635471.0,-11.998662406182655,0.000581827184946769,319.1489361702128,-0.18579762922225113,0.25863721418465613,-11.998662406182655,0.21615696183716696,0.0,-4.337609592573491,-3.7504180446657505,0.0,0.0,0.0,0.0,0.000581827184946769,-371.29787234042556,-99.43596059113301,0.0,-4.923339847439407,-1.8633827255974007,-1.0,-42.89019236579499,0.0,-16.770875763747455,-30.956766917293233,-1.8633827255974007,-1.0,-42.89019236579499,Scientific & Technical Instruments,Technology,SOBR
2009Q3,2009,Q3,2009-09-30,2009-09-30,-1964.0,0.0,-1064.0,-0.14194854004047414,0.0,0.0,484.0,-126564.0,484.0,127048.0,127048.0,0.0,-583854.0,373572.0,403088.0,-9.147441457068517,0.0038095837793589824,61.98347107438016,-0.237034227742486,0.011018599063833312,-9.147441457068517,0.015517840776208084,0.0,-47.55244399185336,-2.9516450175405327,0.0,0.0,0.0,0.0,0.0038095837793589824,-4.0578512396694215,-49.18009478672986,0.0,0.9288696700358215,0.9397257949324467,-1.0,0.0,1.0,0.9174616516074806,0.9535269709543569,0.9397257949324467,-1.0,0.0,Scientific & Technical Instruments,Technology,SOBR
2009Q2,2009,Q2,2009-06-30,2009-06-30,-23795.0,0.0,-22895.0,-1.995612,-304.0,0.0,80.0,-124600.0,80.0,124680.0,124680.0,0.0,-581890.0,345900.0,375820.0,-9.005492917028043,0.0006416426050689766,375.0,-0.24077046548956663,0.24201902748414375,-9.005492917028043,0.19097110754414126,0.0,-3.634166841773482,-2.7760834670947028,0.0,0.0,0.0,0.0,0.0006416426050689766,-297.4375,-15.053529462964574,0.0,-1.0,0.662061775812277,-1.0,0.0,-5.909090909090909,-0.3960924665571462,-0.4094434868259049,0.662061775812277,-1.0,0.0,Scientific & Technical Instruments,Technology,SOBR
2009Q1,2009,Q1,2009-03-31,2009-03-31,-17044.0,400.0,-16244.0,-0.997806,-44.0,-0.11,658.0,-100805.0,658.0,101463.0,101463.0,0.0,-558095.0,122960.0,152302.0,-8.198194534808067,0.006485122655549314,45.59270516717325,-0.29760428550171125,0.22941882635407104,-8.198194534808067,0.1690789147363722,307.4,-1.8035672377376202,-1.219780764843014,0.0,0.0,0.0,0.60790273556231,0.006485122655549314,-25.90273556231003,-18.74390243902439,-0.11,0.235420298053222,0.6470516529211544,-0.9918278425109914,0.0,-1.001492031197016,0.571306403742643,0.5893624551291774,0.6470516529211544,-0.9918278425109914,0.0,Scientific & Technical Instruments,Technology,SOBR
2008Q4,2008,Q4,2008-12-31,2008-12-31,-39758.0,59925.0,-39558.0,-1.3050385688494994,29490.0,0.4921151439299124,11937.0,-148261.0,11537.0,160198.0,160198.0,0.0,-541051.0,103130.0,133062.0,-14.376127218074275,0.07201712880310615,2.5131942699170646,-0.20234586303883018,0.3344974251866634,-14.376127218074275,0.26816222742326035,1.7209845640383814,-0.648485839327934,-0.6955976285064852,0.0,0.0,0.0,5.020105554159336,0.07201712880310615,-3.330652592778755,-11.264882577826324,0.4921151439299124,0.6730228882601902,-3.2561492649579495,1.5644092223927122,-51.58677740206235,1.2116394180290986,0.07858814804514588,0.083223249669749,-3.2561492649579495,1.5644092223927122,-51.58677740206235,Scientific & Technical Instruments,Technology,SOBR
2008Q3,2008,Q3,2008-09-30,2008-09-30,-43149.0,54670.0,-43149.0,-3.991223,13334.0,0.24389976220962137,13045.0,-116003.0,12563.0,129048.0,129048.0,0.0,-501293.0,101550.0,101477.0,-11.423239783357952,0.09735137313247784,0.0,0.0,0.3719645181590131,-11.423239783357952,0.3719645181590131,1.857508688494604,-0.5883682124730585,-0.8754083946104843,0.0,0.0,0.0,4.190877730931391,0.09735137313247784,-3.307704101188195,-2.1619262539385167,0.24389976220962137,0.20000004008796102,-0.8042277934292668,0.017200458421531794,0.0,-0.1388530095582537,0.14769090980918895,0.14769090980918895,-0.8042277934292668,0.017200458421531794,0.0,Scientific & Technical Instruments,Technology,SOBR
2008Q2,2008,Q2,2008-06-30,2008-06-30,-50626.0,42250.0,-50626.0,-4.989029,15484.0,0.36648520710059174,,,,,,,,99480.0,,,0.0,0.0,0.0,0.0,,0.0,2.3545562130177515,-0.49124955556433453,0.0,0.0,0.0,0.0,0.0,0.0,0.0,-23.584637268847796,0.36648520710059174,-0.25000006263744223,0.0,0.0,0.0,16.05286343612335,-0.29580997721979063,-0.29580997721979063,0.0,0.0,0.0,Scientific & Technical Instruments,Technology,SOBR
2008Q1,2008,Q1,2008-03-31,2008-03-31,-39069.0,39600.0,-39069.0,-3.991223,908.0,0.022929292929292928,,,,,,,,99480.0,,,0.0,0.0,0.0,0.0,,0.0,2.512121212121212,-0.6365660754050526,0.0,0.0,0.0,0.0,0.0,0.0,0.0,-3.4275082690187433,0.022929292929292928,-3.406394053009285,0.0,0.0,0.0,-0.9617957672402911,-0.4452336033736544,-0.4452336033736544,0.0,0.0,0.0,Scientific & Technical Instruments,Technology,SOBR
2007Q4,2007,Q4,2007-12-31,2007-12-31,-27033.0,67625.0,-27033.0,-0.905779862623555,23767.0,0.35145286506469503,67820.0,-8159.0,66912.0,75979.0,75979.0,0.0,-368449.0,298450.0,267163.0,-0.2733791254816552,0.8806643941088985,0.0,0.0,3.313273685500674,-0.2733791254816552,3.313273685500674,4.413308687615527,-2.7600525283912254,-36.579237651673,0.0,0.0,0.0,0.9971247419640225,0.8806643941088985,-0.39859923326452373,-12.195072120295837,0.35145286506469503,0.5461142433381062,0.0,0.0,0.0,-0.11025007487271639,-0.15387570428547037,-0.15387570428547037,0.0,0.0,0.0,Scientific & Technical Instruments,Technology,SOBR
2007Q3,2007,Q3,2007-09-30,2007-09-30,-23428.0,52650.0,-23428.0,-1.995612,26712.0,0.5073504273504273,,,,,,,,99480.0,,,0.0,0.0,0.0,0.0,,0.0,1.8894586894586896,-1.0615502817141882,0.0,,0.0,,0.0,0.0,0.0,0.0,0.5073504273504273,0.0,0.0,0.0,0.0,0.0,0.0,0.0,0.0,0.0,0.0,Scientific & Technical Instruments,Technology,SOBR
