Quarters,Year,Quarter,FillingDate,Date,NetIncome,Revenue,OperatingIncome,EPSDiluted,GrossProfit,GrossProfitRatio,TotalAssets,CommonStockEquity,CurrentAssets,CurrentLiability,TotalLiability,Inventory,RetainedEarnings,MarketCap,EnterpriseValue,bookValuePerShare,currentRatio,debtToAssets,debtToEquity,roic,shareholdersEquityPerShare,roe,priceToSalesRatio,peRatio,pbRatio,payoutRatio,inventoryTurnover,dividendYield,assetTurnover,quickRatio,returnOnAssets,priceToFreeCashFlowsRatio,grossProfitMargin,epsdilutedGrowth,fiveYNetIncomeGrowthPerShare,fiveYRevenueGrowthPerShare,fiveYShareholdersEquityGrowthPerShare,grossProfitGrowth,netIncomeGrowth,operatingIncomeGrowth,threeYNetIncomeGrowthPerShare,threeYRevenueGrowthPerShare,threeYShareholdersEquityGrowthPerShare,Industry,Sector,Symbol
2023Q1,2023,Q1,2023-05-08,2023-03-31,2439000.0,20030000.0,32325000.0,-0.28,11170000.0,0.5576635047,2321559000.0,433753000.0,99884000.0,18204000.0,1879774000.0,0.0,-734775000.0,82624014.36,1849914014.36,51.02728538013388,5.486925950340584,0.7988614547379584,4.275714519553755,0.013890628437086619,51.02728538013388,0.005623015863867224,4.125013198202696,8.469046162361623,0.190486323691133,1.990569905699057,0.0,0.05876015632508901,0.008627822941394124,5.550758075148319,0.0010505871270124947,9.072583107499726,0.5576635047428856,0.06666666666666654,26.050526788842763,6.2879268984403165,-0.03817714227034175,5.422011084718923,1.9148537134283572,0.23855320127207938,1.0153917559352288,0.6650472744424701,0.5726400893203122,REIT—Mortgage,Real Estate,ACR
2022Q4,2022,Q4,2023-03-07,2022-12-31,-2666000.0,21229000.0,26099000.0,-0.3,-2526000.0,-0.1189881766,2376652000.0,435468000.0,79749000.0,17312000.0,1935338000.0,0.0,-732359000.0,72785145.86,1917281145.86,49.41895269288398,4.60657347504621,0.8039578364859474,4.387757539015496,0.011154893065860035,49.41895269288398,-0.006122149044246649,3.4285715700221395,-6.825313752813203,0.16714235227387544,-1.8214553638409603,0.0,0.06671690964720146,0.008932313186785444,4.6822435304990755,-0.0011217460528508171,5.495707177589852,-0.11898817655094446,0.8492462311557789,-0.34732191071034163,1.7526166479033225,-0.24159649028977156,-1.2288458053995288,0.8472468916518651,-0.08182937554969218,-1.4968479759654298,1.7814568117682696,-0.06868849514970417,REIT—Mortgage,Real Estate,ACR
2022Q3,2022,Q3,2022-11-07,2022-09-30,-17453000.0,21137000.0,28425000.0,-1.99,11038000.0,0.5222122345,2426386000.0,442549000.0,72144000.0,14058000.0,1978907000.0,0.0,-724928000.0,71013036.4,1967943036.4,50.79031305863158,5.1318822023047375,0.806920663076691,4.424145122912943,-0.03700267356883075,50.79031305863158,-0.039437440825761665,3.359655409944647,-1.0172038675299375,0.1604636693337913,-0.2781756718042743,0.0,0.06836772860482838,0.008711309742143254,5.330416844501351,-0.007193002267569958,14.160126899302094,0.52221223447036,-0.7304347826086958,-2.104230586143036,5.460793354178141,-0.28500568788433184,0.19510610653962754,-0.7072287978088624,0.33507115682682825,-2.6720159571573663,0.8133832841986509,-0.04937463756285303,REIT—Mortgage,Real Estate,ACR
2022Q2,2022,Q2,2022-08-08,2022-06-30,-10223000.0,18398000.0,21291000.0,-1.15,9236000.0,0.5020110882,2356426000.0,442314000.0,46118000.0,16590000.0,1909100000.0,0.0,-725641000.0,72796495.58999999,1926511495.59,49.762720452955804,2.779867389993972,0.8014616202673032,4.269783457001135,-0.016578835491167,49.762720452955804,-0.023112539960299695,3.956761364822263,-1.780213625892595,0.16458103426525048,-0.4750073363983175,0.0,0.06670650778781534,0.007807586573904718,2.779867389993972,-0.004338349687195779,5.990495028801843,0.5020110881617567,-5.999999999999999,-2.393555633838163,0.24202996339696708,-0.27523038645741515,-0.0005410669840926307,-5.905470249520153,0.23276011811707487,-2.3556194905205268,0.8021813423909595,-0.06536099605645772,REIT—Mortgage,Real Estate,ACR
2022Q1,2022,Q1,2022-05-09,2022-03-31,2084000.0,9241000.0,17271000.0,0.23,9241000.0,1.0,2087125000.0,442702000.0,89114000.0,10780000.0,1644423000.0,0.0,-726331000.0,121990461.57000001,1672147461.57,48.66473774749568,8.26660482374768,0.7808435048212253,3.68129802892239,0.007334224249052957,48.66473774749568,0.004707455579599821,13.201002225949573,14.63417245321497,0.27555886707085125,2.329654510556622,0.0,0.03979819354330524,0.004427621728454213,8.26660482374768,0.0009985027250404264,78.95822755339806,1.0,1.8846153846153846,-0.7305148698062952,-0.34764152145781485,-0.29377496682366716,-0.32846450112637166,1.8474989833265556,-0.35486160397445,-0.7053742270111373,-0.14159490928235308,-0.08748742162479771,REIT—Mortgage,Real Estate,ACR
2021Q4,2021,Q4,2022-03-09,2021-12-31,-2459000.0,13761000.0,26771000.0,-0.26,13761000.0,1.0,2284275000.0,448195000.0,60204000.0,12962000.0,1836080000.0,0.0,-723560000.0,119131047.64,1901592047.64,46.91465206357687,4.644653602839068,0.7958590800144466,4.056183134573121,-0.002385971837087433,46.91465206357687,-0.0054864512098528545,8.657150471622701,-12.1117372549817,0.26580182206405695,-1.9731598210654737,0.0,0.0407282576298848,0.006024230882884066,4.644653602839068,-0.0010764903525188516,7.830871467823572,1.0,0.7475728155339806,0.2507335065526681,-0.4779931578917102,-0.32017108823658913,0.0,0.5010146103896104,0.0,-1.2692278251732916,0.36275881081799627,-0.11802107682394244,REIT—Mortgage,Real Estate,ACR
2021Q3,2021,Q3,2021-11-09,2021-09-30,-4928000.0,10396000.0,0.0,-1.03,0.0,0.0,2061750000.0,443269000.0,0.0,0.0,1618481000.0,0.0,-730862000.0,154478672.04000002,1650691672.04,46.39902476727686,0.0,0.7790284952103795,3.623447613074679,0.0,46.39902476727686,-0.01111740275092551,14.859433632166219,-7.836783281250001,0.3484987040375032,-0.8772321428571429,0.0,0.027984445638428466,0.005042318418818964,0.0,-0.0023902024978780163,86.68836814814816,0.0,-1.9903846153846156,0.8847795891126117,-0.5586968220278793,-0.34399394135398953,0.0,-1.3613168120829973,0.0,-1.6226633404454271,0.08746415980835695,-0.1380080603060043,REIT—Mortgage,Real Estate,ACR
2021Q2,2021,Q2,2021-08-06,2021-06-30,13639000.0,8460000.0,0.0,1.04,0.0,0.0,1815617000.0,452958000.0,0.0,0.0,1362659000.0,0.0,-721057000.0,155973756.39999998,1414186756.4,46.63929142890092,0.0,0.7430080242694357,2.9782408081985525,0.0,46.63929142890092,0.03011095951501022,18.436614231678483,2.8589661338807826,0.3443448540482782,0.18967666251191437,0.0,0.016586123587134433,0.0046595730266901,0.0,0.007512046868915636,11.067463024196408,0.0,0.009708737864077678,2.102127301895625,-0.6245227848166579,-0.391978958316799,0.0,0.044653799019607844,0.0,0.6721095633655205,-0.23446931845776456,-0.12699776122754675,REIT—Mortgage,Real Estate,ACR
2021Q1,2021,Q1,2021-05-07,2021-03-31,13056000.0,12231000.0,0.0,1.03,0.0,0.0,1656419000.0,335806000.0,0.0,0.0,1320613000.0,0.0,-731128000.0,148761449.16,1388526449.16,32.93467203811959,0.0,0.7913154823749305,3.9032953550561933,0.0,32.93467203811959,0.038879591192533786,12.162656296296296,2.8485265234375,0.442998186929358,0.19822303921568626,0.0,0.017396980297069327,0.0073840012702100135,0.0,0.007882063656598964,15.753621641427513,0.0,-0.5635593220338982,-0.0743357032724172,-0.5021037845976228,-0.5740646430700101,0.0,-0.4571084036758285,0.0,119.7199332109838,2.7101369690286354,-0.37920819925831345,REIT—Mortgage,Real Estate,ACR
2020Q4,2020,Q4,2021-03-12,2020-12-31,24049000.0,161000.0,0.0,2.36,0.0,0.0,1654084000.0,334382000.0,0.0,0.0,1319702000.0,0.0,-741596000.0,122047604.28,1442098604.28,32.795011123834904,0.0,0.8158025831819907,4.035522247010904,0.0,32.795011123834904,0.07192073736026461,758.0596539130435,1.2687388693916588,0.3649945400171062,0.3227577030229947,0.0,0.0635981348899936,9.733483910127902e-05,0.0,0.014539164879171795,10.598089986106286,0.0,3.6274419069766526,2.4074641580116496,-0.9945530525417972,-0.5848106031526115,0.0,1.9475425910037996,0.0,11.503543796097665,-0.98195862340701,-0.4967143133957234,REIT—Mortgage,Real Estate,ACR
2020Q3,2020,Q3,2020-11-09,2020-09-30,8159000.0,10436000.0,0.0,0.510001,0.0,0.0,1810357000.0,317801000.0,0.0,0.0,1492556000.0,0.0,-763058000.0,68748004.38,1546137004.38,28.98429253285621,0.0,0.8835240784000062,5.0330049307585565,0.0,28.98429253285621,0.02567329869950063,6.587581868532004,2.106508284716264,0.21632406562597348,0.0,0.0,0.0,0.005764608858915672,0.0,0.004506845887302891,11.13328006153846,0.0,1.149122968605583,-0.37445947525682655,-0.5980718907152943,-0.627500160985001,0.0,1.2442814371257485,0.0,-0.5897821672442732,1.5349213689366759,-0.5919772284576037,REIT—Mortgage,Real Estate,ACR
2020Q2,2020,Q2,2020-08-10,2020-06-30,-33400000.0,12407000.0,0.0,-3.420003,0.0,0.0,1856125000.0,306645000.0,0.0,0.0,1549480000.0,0.0,-768629000.0,84020044.05,1794140044.05,29.01483541890621,0.0,0.9524433968617415,5.765148624631088,0.0,29.01483541890621,-0.10892073896525298,6.771987108084145,-0.6288925452844311,0.2739977630484763,0.0,0.0,0.0,0.0066843558488787124,0.0,-0.01799447774260893,7.134854284137228,0.0,0.819047642227238,-0.39015370307399766,-0.5818881088767891,-0.6363840805567957,0.0,0.8300436085710942,0.0,-4.829157344486161,-0.29556806570457383,-0.5774131546235979,REIT—Mortgage,Real Estate,ACR
2020Q1,2020,Q1,2020-05-11,2020-03-31,-196521000.0,14919000.0,0.0,-18.900019,0.0,0.0,2089118000.0,342057000.0,0.0,0.0,1747061000.0,0.0,-732642000.0,87288231.96,1869715231.96,32.44689342886308,0.0,0.8736600804741522,5.335891386523299,0.0,32.44689342886308,-0.5745270525087924,5.85080983712045,-0.11104186315966233,0.2551862173848218,-0.05778008457111454,0.0,0.1300862641507443,0.007141291205188026,0.0,-0.09406888457234105,37.33457312232677,0.0,-53.50005277777778,-14.160989558965207,-0.5866863015665025,-0.6188419215808776,0.0,-31.778543461237273,0.0,-22.928947801626972,-0.09117808380014053,-0.5291291097228409,REIT—Mortgage,Real Estate,ACR
2019Q4,2019,Q4,2020-03-10,2019-12-31,6385000.0,9082000.0,0.0,0.36,0.0,0.0,2454326000.0,556398000.0,0.0,0.0,1897928000.0,0.0,-530501000.0,371499422.64,1244313422.6399999,53.06382712498312,0.0,0.38820107842234486,1.7123929273649439,0.0,53.06382712498312,0.011475598402582323,40.90502341334508,14.545787887235708,0.6676864809722537,1.6530931871574002,0.0,0.028411888031999122,0.003700404917684122,0.0,0.002601528892249848,24.949591849563465,0.0,-0.6129036420390945,-0.4845629894237924,-0.5994443667762308,-0.3864603148585821,0.0,-0.4915186748427172,0.0,2.7725977810621933,-0.6861087461201817,-0.23106487500978262,REIT—Mortgage,Real Estate,ACR
2019Q3,2019,Q3,2019-11-06,2019-09-30,12557000.0,14022000.0,0.0,0.930001,0.0,0.0,2472193000.0,560026000.0,0.0,0.0,1912167000.0,0.0,-525532000.0,349337957.1440512,1385964957.144051,53.42831683810636,0.0,0.4400598982361005,1.9426115930331807,0.0,53.42831683810636,0.022422173256241674,24.913561342465496,6.95504414159535,0.6237888189906382,0.7771760770884766,0.0,0.027935698942602533,0.005671887267701186,0.0,0.005079295993476237,32.38809170629067,0.0,0.549999083334861,0.005483307533397676,-0.5206709258117604,-0.3808895357477042,0.0,0.41232707232032395,0.0,1.2675878713490416,-0.45749648433821477,-0.24461128817140312,REIT—Mortgage,Real Estate,ACR
2019Q2,2019,Q2,2019-08-07,2019-06-30,8891000.0,12036000.0,0.0,0.600001,0.0,0.0,2519737000.0,557952000.0,0.0,0.0,1961785000.0,0.0,-527534000.0,337253932.1531085,1457972932.1531086,53.24271750161388,0.0,0.46349003884135526,2.0931424208534066,0.0,53.24271750161388,0.015935062514338152,28.020433046951517,9.48301462583254,0.6044497235480981,1.0077606568439996,0.0,0.026567518257822085,0.004776688995716616,0.0,0.0035285428598302126,24.685546197709595,0.0,0.11111090535017538,-0.5023117843477233,-0.6269783996305939,-0.3892830271229965,0.0,0.09320054100577893,0.0,0.8741185639407274,-0.504932097559449,-0.30589227311212286,REIT—Mortgage,Real Estate,ACR
2019Q1,2019,Q1,2019-05-09,2019-03-31,8133000.0,12378000.0,0.0,0.540001,0.0,0.0,2197460000.0,557823000.0,0.0,0.0,1639637000.0,0.0,-526666000.0,313420766.81499034,913070766.8149903,53.33048431414165,0.0,0.2982124816833981,1.1747633209817452,0.0,53.33048431414165,0.014579893622170473,25.320792277830858,9.634229891030074,0.561864187771014,0.9993852207057666,0.0,0.02593318905635213,0.005632867037397723,0.0,0.0037010912599091676,78.45325827659333,0.0,-0.21739098928842135,-0.5353134835108097,-0.538405370386239,-0.28450455233976096,0.0,-0.18294153104279687,0.0,-0.43790675882973207,-0.5088190027757469,-0.31029102566129313,REIT—Mortgage,Real Estate,ACR
2018Q4,2018,Q4,2019-03-11,2018-12-31,9954000.0,11005000.0,0.0,0.690001,0.0,0.0,2130913000.0,553819000.0,0.0,0.0,1577094000.0,0.0,-525838000.0,287832455.3230499,1759239455.32305,53.19248661253091,0.0,0.7293695237675119,2.806373562481605,0.0,53.19248661253091,0.01797338119493914,26.154698348300762,7.229065082455543,0.5197229696399904,0.7369901547116737,0.0,0.025487049373102876,0.005164452983298708,0.0,0.004671237164539331,16.961252523456093,0.0,0.210525946445708,7.502464557628973,0.10356795290272626,-0.2872860149777169,0.0,0.15422077922077923,0.0,1.5704998157128889,-0.6353846843362471,-0.3265757297634061,REIT—Mortgage,Real Estate,ACR
2018Q3,2018,Q3,2018-11-07,2018-09-30,8624000.0,10417000.0,0.0,0.570001,0.0,0.0,2009419000.0,560345000.0,0.0,0.0,1449074000.0,0.0,-527665000.0,308535392.3404978,1081162392.3404977,53.82767823066694,0.0,0.4084165622003176,1.4645977032007067,0.0,53.82767823066694,0.015390518341378973,29.618449874291812,8.94409184660534,0.5506168384486304,0.6670918367346939,0.0,0.018646159056044446,0.005184085549106483,0.0,0.004291787825237046,34.721516131048595,0.0,-0.0499999166668056,-0.6444361631467262,-0.7084724678785134,-0.28879255828437117,0.0,-0.013159400389060534,0.0,-0.30358203380433046,-0.5774290132434075,-0.30821835817640625,REIT—Mortgage,Real Estate,ACR
2018Q2,2018,Q2,2018-08-08,2018-06-30,8739000.0,11840000.0,0.0,0.600001,0.0,0.0,1892162000.0,555887000.0,0.0,0.0,1336275000.0,0.0,-528952000.0,283307975.1020078,1106169975.1020079,53.42402270867186,0.0,0.4772598752115305,1.6245262076645073,0.0,53.42402270867186,0.01572082095821633,23.928038437669578,8.104702343002854,0.5096502978159371,0.477171301064195,0.0,0.014718964400838173,0.006257392337442566,0.0,0.004618526320685015,26.364040117439774,0.0,1.5000004166663194,0.014082598365674976,-0.36833522365030297,-0.30859840942962735,0.0,78.44545454545455,0.0,1.3694400193051286,-0.5947310939849049,-0.3304864612497377,REIT—Mortgage,Real Estate,ACR
2018Q1,2018,Q1,2018-05-10,2018-03-31,110000.0,3353000.0,0.0,-1.200001,0.0,0.0,1789801000.0,550179000.0,0.0,0.0,1239622000.0,0.0,-531939000.0,261226760.18268934,768666760.1826893,53.05268529444352,0.0,0.3178789150302184,1.0340998111523705,0.0,53.05268529444352,0.00019993493026814908,77.90836867959717,593.6971822333849,0.4748032189209136,82.41818181818182,0.0,0.034705479613419694,0.001873392628565969,0.0,6.145934659775025e-05,22.507906271126085,0.0,-0.02564100372563786,-0.9928233977093893,-0.8997225642420823,-0.29968047726359864,0.0,1.0475367329299914,-1.0,-0.9925113939281492,-0.9055716589015581,-0.37678287672937705,REIT—Mortgage,Real Estate,ACR
2017Q4,2017,Q4,2018-03-16,2017-12-31,-2314000.0,9019000.0,2523000.0,-1.170001,0.0,0.0,1912075000.0,671476000.0,0.0,0.0,1240599000.0,0.0,-517773000.0,254409208.9015241,758487208.9015241,65.1618196120506,0.0,0.3585466051279369,1.0209866026484937,0.001096299341634462,65.1618196120506,-0.003446139549291412,28.20813936151725,-27.48586958745939,0.37888056892803923,-3.2761452031114953,0.0,0.029798449642341483,0.004716865185727548,0.0,-0.001210203574650576,14.63299257457288,0.0,-1.9512195518540227,-1.124040989731501,-0.5151229332394578,-0.11667251614025495,0.0,-1.12402186729553,-0.9136225136088192,-1.190076204807982,-0.5952475999986993,-0.24657974265869323,REIT—Mortgage,Real Estate,ACR
2017Q3,2017,Q3,2017-11-09,2017-09-30,18658000.0,3862000.0,29209000.0,1.230001,0.0,0.0,1929659000.0,730657000.0,0.0,0.0,1199002000.0,0.0,-504070000.0,290600380.0772565,740997380.0772564,71.03596797622494,0.0,0.3800573054617422,1.0037281515129535,0.016901883694275695,71.03596797622494,0.025535921779987054,75.24608495009231,3.893777201163797,0.39772476015046254,0.4063136456211813,0.0,0.026087371248394723,0.002001389882875679,0.0,0.009669065881588406,1.7813709064214873,0.0,4.125004166666667,-0.27065517690608204,-0.9239046944739596,-0.1025467304044081,0.0,1.2004953414317727,1.328709240213665,0.5224937218261735,-0.8654643039772725,-0.17685763439575775,REIT—Mortgage,Real Estate,ACR
2017Q2,2017,Q2,2017-08-08,2017-06-30,8479000.0,17121000.0,12543000.0,0.24,0.0,0.0,1914283000.0,705377000.0,0.0,0.0,1210311000.0,0.0,-515148000.0,272540313.4612157,736271313.4612157,68.6600535164847,0.0,0.29591444943093576,0.8030655947103463,0.009881738361949331,68.6600535164847,0.01202052235896549,15.918481015198626,8.035744588430703,0.38637538998466875,0.8943271612218422,0.0,0.027823406760259385,0.008943818651683163,0.0,0.004429334638608816,-9.349902688298593,0.0,-0.1111111111111112,-0.6510255132526069,-0.5888622298855509,0.003922871701713708,0.0,-0.026968097314666054,0.17520846997095474,-0.5158601286104368,-0.45874689958691384,-0.21243952208319264,REIT—Mortgage,Real Estate,ACR
2017Q1,2017,Q1,2017-05-10,2017-03-31,8714000.0,15962000.0,10673000.0,0.27,0.0,0.0,1995820000.0,706355000.0,0.0,0.0,1290775000.0,0.0,-516045000.0,259962732.46899742,743917732.4689975,68.90825935271667,0.0,0.3215294966479943,0.9084879416157597,0.006805284592046407,68.90825935271667,0.012336572969682384,16.28635086261104,7.458191773840872,0.3680341081594912,0.8680284599495065,0.0,0.029096478284255864,0.007997715224819874,0.0,0.004366125201671493,3.7443500096358444,0.0,1.290322268470679,-0.6027616436601293,-0.6363772285717884,0.007626047113616758,0.0,3.4854535082715343,48.64186046511628,-0.4919622317575732,-0.3926112820763219,-0.07550912940076115,REIT—Mortgage,Real Estate,ACR
2016Q4,2016,Q4,2017-03-16,2016-12-31,-3506000.0,28162000.0,215000.0,-0.930001,0.0,0.0,2053543000.0,704299000.0,0.0,0.0,1350453000.0,0.0,-517177000.0,219570758.89863044,843490758.8986304,69.00949820137065,0.0,0.36032651860710974,1.0506134468457289,0.00013643514236662176,69.00949820137065,-0.004977999400822662,7.796703320028068,-15.656785432018715,0.3117578739975926,-5.4264118653736455,0.0,0.08664632802395741,0.013713859412732045,0.0,-0.0017072932000936918,1.9410770955871783,0.0,0.8165680309979971,-6.655953181788271,-0.2593566330883911,0.08676974915524843,0.0,0.9230431537819922,1.0084138848667474,-4.055121323965019,1.8809908795076442,-0.07535748750086928,REIT—Mortgage,Real Estate,ACR
2016Q3,2016,Q3,2016-11-14,2016-09-30,-45558000.0,25093000.0,-25553000.0,-5.070005,0.0,0.0,2157478000.0,719752000.0,0.0,0.0,1438919000.0,0.0,-506107000.0,334640588.4110538,1182838588.4110537,70.72956744186777,0.0,0.44623861749691074,1.337613511320566,-0.02078315919448087,70.72956744186777,-0.06329680223187988,13.336013565976717,-1.8363437179587216,0.4649387405815528,-0.4184775451073357,0.0,0.0569715708740675,0.011630709559958433,0.0,-0.021116321927732287,-13.731661403818373,0.0,-32.80003333333333,-2.84145529692343,-0.3106337788467865,0.003445210668393787,0.0,-10.927653083460449,-25.546589817483188,-2.9215047463512014,-0.2816146390871348,-0.06547344475049746,REIT—Mortgage,Real Estate,ACR
2016Q2,2016,Q2,2016-08-09,2016-06-30,4589000.0,23517000.0,1041000.0,-0.15,0.0,0.0,2389844000.0,777561000.0,0.0,0.0,1613413000.0,0.0,-441522000.0,324097138.228947,1442647138.228947,76.70670623468575,0.0,0.49531140944764596,1.5223461567645498,0.002309208587461849,76.70670623468575,0.005901787769705528,13.781398062208062,17.656196242588088,0.4168124921761084,4.168664196992809,0.0,0.059025513475797146,0.00984039125566355,0.0,0.001920209017827105,-11.311896207076437,0.0,-1.1612901491503773,-0.7106663527208699,-0.4769329660545833,0.04287030969687182,0.0,-0.6747696669029057,-0.9295812757897585,-0.45338890195330417,0.2878511589820168,-0.007279197463591376,REIT—Mortgage,Real Estate,ACR
2016Q1,2016,Q1,2016-05-10,2016-03-31,14110000.0,24575000.0,14783000.0,0.930001,0.0,0.0,2426279000.0,788706000.0,0.0,0.0,1638643000.0,0.0,-426935000.0,276304018.950048,1441057018.950048,77.32317005919045,0.0,0.5094863368969521,1.5673216635856706,0.00692392864303839,77.32317005919045,0.017890062963892756,11.243296803664213,4.895535417258116,0.3503257474268588,1.3711552090715804,0.0,0.07002069703335612,0.010128678523780653,0.0,0.005815489479981486,-15.088686050133685,0.0,9.333344444444444,-0.4724079531858262,-0.46483108725474775,-0.09277806923431944,0.0,1.812179819259771,1.4712470745570043,-0.06406787831498682,-0.25276993466564895,0.020700936282095333,REIT—Mortgage,Real Estate,ACR
2015Q4,2015,Q4,2016-03-10,2015-12-31,-17373000.0,30053000.0,5982000.0,0.09,0.0,0.0,2760432000.0,818864000.0,0.0,0.0,1933672000.0,0.0,-406603000.0,307051890.88052815,1790566890.8805282,78.9880747746778,0.0,0.5659516336573406,1.9078516090584028,0.0030262878837193185,78.9880747746778,-0.02121597725629653,10.217012973098464,-4.418521425207624,0.3749730002546554,-1.5416450814482243,0.0,0.08722629886171612,0.010887064053742313,0.0,-0.006293580135283173,8.567057026325386,0.0,-0.8571430838998669,0.10393852908627259,-0.4659337816803613,0.13661614131040922,0.0,-2.3474753742340804,-0.5372118211356955,-1.9256860721744475,0.6060095732257409,0.07075489544399235,REIT—Mortgage,Real Estate,ACR
2015Q3,2015,Q3,2015-11-06,2015-09-30,12893000.0,25666000.0,12926000.0,0.630001,0.0,0.0,2786042000.0,843338000.0,0.0,0.0,1932766000.0,0.0,-394278000.0,272278517.5237339,1868637517.5237339,77.81021492384897,0.0,0.6105772992654095,2.017096348083449,0.005785967162808831,77.81021492384897,0.015288057694542402,10.608529475716274,5.279580344445317,0.3228581156354082,2.1361979368649653,0.0,0.10115377537120321,0.009212352146880771,0.0,0.004627712001470186,-32.14622402877614,0.0,1.2187501193575145,-0.6312618084061067,-0.6238641412101388,0.02795729995250124,0.0,1.5178951596706165,1.6529272111936153,-0.5217092405259697,-0.5200743327033952,-0.016962339209402173,REIT—Mortgage,Real Estate,ACR
2015Q2,2015,Q2,2015-08-07,2015-06-30,-24895000.0,30747000.0,-19797000.0,-2.880003,0.0,0.0,2774224000.0,873819000.0,0.0,0.0,1881575000.0,0.0,-380389000.0,361201126.2630115,1762828126.2630115,79.7952836150185,0.0,0.5575025664834563,1.7699741021882105,-0.00938459529939813,79.7952836150185,-0.028489881771854353,11.747524189774987,-3.6272456945472134,0.4133592039804713,-1.1069692709379393,0.0,0.07629544316518388,0.01108309927388704,0.0,-0.00897368056797144,10.931244931241459,0.0,-4.428570918367954,-1.6298469717054955,-0.4567036866167535,-0.021236142733456857,0.0,-2.6068547085780676,-1.9989907655043648,-1.9612449443627737,-0.307318015075817,0.1667382440331008,REIT—Mortgage,Real Estate,ACR
2015Q1,2015,Q1,2015-05-11,2015-03-31,15493000.0,37452000.0,19817000.0,0.840001,0.0,0.0,2933206000.0,931126000.0,0.0,0.0,1984489000.0,0.0,-327952000.0,407234182.4727741,1820722182.472774,85.12713035871796,0.0,0.5559953852542235,1.7514804655868272,0.007014119966041823,85.12713035871796,0.016638994078137653,10.873496274505342,6.571260931917222,0.43735668692827184,2.104627896469373,0.0,0.08006940822601492,0.012768281532221058,0.0,0.005281933829400322,42.56654985604412,0.0,0.39999933333444443,2.189078638628885,-0.2149050677966934,0.1244793523600802,0.0,0.2123796854213945,0.5634714003944773,-0.33811822112971657,-0.20044183109391076,0.24479002475483164,REIT—Mortgage,Real Estate,ACR
2014Q4,2014,Q4,2015-03-02,2014-12-31,12779000.0,23390000.0,12675000.0,0.600001,0.0,0.0,2729139000.0,935523000.0,0.0,0.0,1777028000.0,0.0,-315910000.0,431787025.9208145,1771667025.9208145,86.48801114267314,0.0,0.5202318386861204,1.5176377277736623,0.006128484111201813,86.48801114267314,0.01365973899091738,18.460326033382408,8.447199035934238,0.46154613614076245,2.636356522419595,0.0,0.07802457688059022,0.008570468561696564,0.0,0.004682429147067995,-7.168493308111938,0.0,-0.16666643518550667,-0.6906661129597796,-0.7494155318967008,0.1964607006126886,0.0,-0.0073021051813874,0.0,18.450931644628636,-0.419602532495704,0.3620234406021572,REIT—Mortgage,Real Estate,ACR
2014Q3,2014,Q3,2014-11-10,2014-09-30,12873000.0,30154000.0,0.0,0.720001,0.0,0.0,2592381000.0,932414000.0,0.0,0.0,1648465000.0,0.0,-296253000.0,401082045.25362074,1692594045.2536206,86.29852009145432,0.0,0.5611756142326302,1.5602307558659565,0.0,86.29852009145432,0.01380609900752241,13.301122413398579,7.789210853212553,0.43015446491968246,2.2843936922240347,0.0,0.073319163368195,0.011631777890672705,0.0,0.004965705272488882,-16.866360187284304,0.0,-0.45454511019309835,-0.7923288483779367,-0.4589120080607649,0.023805691875184987,0.0,-0.28622123648461323,-1.0,-0.5099360681611401,-0.2197769367788669,0.22432300670738048,REIT—Mortgage,Real Estate,ACR
2014Q2,2014,Q2,2014-08-08,2014-06-30,18035000.0,32574000.0,17702000.0,1.320001,0.0,0.0,2558749000.0,922316000.0,0.0,0.0,1636822000.0,0.0,-277120000.0,436101657.98759437,1504408657.9875944,87.18067429957739,0.0,0.5043949211118403,1.3993251770542852,0.008206078871148926,87.18067429957739,0.019554035710103695,13.38802904118605,6.045212891427701,0.47283323501662594,1.5769891876906017,0.0,0.06521644547567634,0.01273043975786605,0.0,0.007048366213333156,-81.15028991209422,0.0,-0.08333327546300322,1.6752422519607901,-0.4283371720501314,0.067173178411861,0.0,0.029630052523407172,-0.054481358829184916,0.08952862954133284,-0.30579435862503906,0.18526972763263314,REIT—Mortgage,Real Estate,ACR
2014Q1,2014,Q1,2014-05-09,2014-03-31,17516000.0,26837000.0,18722000.0,1.440001,0.0,0.0,2341908000.0,780250000.0,0.0,0.0,1561714000.0,0.0,-265618000.0,412293417.02963436,1601946417.0296345,74.53644113116178,0.0,0.5791598132804534,1.7383389939122076,0.008754542514036628,74.53644113116178,0.02244921499519385,15.362872788673636,5.884525819673932,0.5284119410825175,1.5811258278145695,0.0,0.06717303467886651,0.011459459551784271,0.0,0.0074793715209991165,21.85957356606937,0.0,13.000008333333335,1.2807554535999517,-0.5898571435193404,-0.10342917401243566,0.0,14.022298456260721,15.056603773584905,-0.36181508805122986,-0.43052890267466004,-0.12547436966627837,REIT—Mortgage,Real Estate,ACR
2013Q4,2013,Q4,2014-03-03,2013-12-31,1166000.0,9932000.0,1166000.0,-0.12,0.0,0.0,2151427000.0,773924000.0,0.0,0.0,1377503000.0,0.0,-254645000.0,419611252.1916629,1399847252.1916628,74.63370683103382,0.0,0.5775264510485366,1.605462551878479,-0.00016460916151936838,74.63370683103382,0.0015066078839782717,42.2484144373402,89.96810724521075,0.5421866387289487,23.56089193825043,0.0,0.06547012230132429,0.004616470835403665,0.0,0.0005419658673057464,346.4997953688381,0.0,-1.055555504115274,1.031544705652733,-0.8599872390371961,-0.18319826480382842,0.0,-0.9516523614048181,-0.9516523614048181,1.0601240852647855,-0.8235462326848428,0.07395801343390851,REIT—Mortgage,Real Estate,ACR
2013Q3,2013,Q3,2013-11-12,2013-09-30,24117000.0,35530000.0,24117000.0,2.160002,0.0,0.0,2273064000.0,783414000.0,0.0,0.0,1489650000.0,0.0,-228160000.0,405941166.4447764,1478643166.4447765,75.68491986082107,0.0,0.5354732642811642,1.5536676648617462,0.0117046047734904,75.68491986082107,0.030784489427046237,11.425307245842285,4.208039623966252,0.5181694052503228,1.0900194883277357,0.0,0.06475815259198694,0.015630884128207564,0.0,0.010609908036025382,20.332640443014096,0.0,2.5999973333377775,53.750430890848655,-0.4899690741111637,-0.34542884084369235,0.0,1.8941557662306492,1.8233434792788574,-0.27777834854882294,-0.454788712933178,-0.00012015204696533427,REIT—Mortgage,Real Estate,ACR
2013Q2,2013,Q2,2013-08-09,2013-06-30,8333000.0,18125000.0,8542000.0,0.600001,0.0,0.0,2402480000.0,777444000.0,0.0,0.0,1625036000.0,0.0,-224834000.0,393556685.82110417,1620279685.821104,77.26916373536203,0.0,0.5807020245746063,1.7945022406758557,0.003267342709584005,77.26916373536203,0.01071845689207197,21.713472321164367,11.807172861547588,0.5062186933349594,2.9039961598463937,0.0,0.06148796570311586,0.007544287569511505,0.0,0.0034684992174752755,16.78924473448676,0.0,-0.545454132231718,1.3245531670032609,-0.7243291308174307,-0.36416059867493644,0.0,-0.35086079302017603,-0.3235666772252138,-0.7705407056967882,-0.6514272905333449,-0.05222136799136819,REIT—Mortgage,Real Estate,ACR
2013Q1,2013,Q1,2013-05-10,2013-03-31,12837000.0,28004000.0,12628000.0,1.320001,0.0,0.0,2368563000.0,657957000.0,0.0,0.0,1710815000.0,0.0,-205890000.0,349831266.2381236,1821645266.2381237,75.75497122677305,0.0,0.6499616011902576,2.3397805631675017,0.005043045748054573,75.75497122677305,0.019510393536355718,12.492189195762162,6.812948240206505,0.5316932052370043,1.7069408740359897,0.0,0.0626359108367544,0.01182320250717418,0.0,0.0054197418434721815,15.015506319775243,0.0,-0.21428605442136378,-0.6762274056575669,-0.4260371736809638,-0.386629296874116,0.0,-0.14715652404996013,8.573919636087945,2.3277242753288117,-0.2606989649024964,0.0006786393970625813,REIT—Mortgage,Real Estate,ACR
2012Q4,2012,Q4,2013-03-18,2012-12-31,15052000.0,15008000.0,1319000.0,1.680002,0.0,0.0,2478251000.0,613345000.0,0.0,0.0,1864906000.0,0.0,-195737000.0,279569221.08238256,1873588221.0823827,73.76858617295895,0.0,0.6776137687425527,2.7379321588991514,0.0004274051641806621,73.76858617295895,0.024540837538416387,18.628013131821866,4.643389932938854,0.4558107118870824,1.3512490034546905,0.0,0.07275121317452386,0.006055883766414298,0.0,0.006073638223085555,-19.892501855868975,0.0,-0.2999997500002084,0.05187486250148088,-0.7151447196354657,-0.44292965244237303,0.0,-0.18461538461538463,-0.9412184143678417,-0.5259872450681171,-0.7908239596781166,0.020502300025233375,REIT—Mortgage,Real Estate,ACR
2012Q3,2012,Q3,2012-11-09,2012-09-30,18460000.0,36623000.0,22439000.0,2.400002,0.0,0.0,2335822000.0,587491000.0,0.0,0.0,1748331000.0,0.0,-188854000.0,253887582.26726928,1824551582.2672694,79.15283211150926,0.0,0.7206867646592934,2.8653987890878327,0.007751305095320829,79.15283211150926,0.031421757950334556,6.9324627219853445,3.438347538830841,0.4321556964570849,0.0,0.0,0.0,0.015678848816390974,0.0,0.007902999458006646,5.846711087584499,0.0,0.0,1.369495401927511,-0.3050122094313513,-0.06120802956046121,0.0,0.12218844984802432,0.3640729483282675,-0.5664903423763819,-0.043362148271108625,-0.06096744233938766,REIT—Mortgage,Real Estate,ACR
2012Q2,2012,Q2,2012-08-07,2012-06-30,16450000.0,28194000.0,16450000.0,2.400002,0.0,0.0,2266906000.0,475703000.0,0.0,0.0,1791203000.0,0.0,-187109000.0,207993696.19781533,1915901696.1978154,68.39176141101507,0.0,0.7674799925537275,3.6573345133413073,0.007424933694665061,68.39176141101507,0.034580399955434375,7.377232609697642,3.1609984224591994,0.437234358828545,0.0,0.0,0.0,0.012437216188055438,0.0,0.007256586730989287,12.92930292769412,0.0,0.11111100823054804,-0.5049956923002006,-0.3583356147805196,-0.5154876344911494,0.0,0.13597127270216144,0.13597127270216144,1.9367782157030078,-0.2474194770948752,-0.16282072846352813,REIT—Mortgage,Real Estate,ACR
2012Q1,2012,Q1,2012-05-09,2012-03-31,14481000.0,28978000.0,14481000.0,2.160002,0.0,0.0,2318426000.0,462760000.0,0.0,0.0,1855666000.0,0.0,-186281000.0,197159137.63573018,1961506137.6357303,68.38673886022201,0.0,0.777212212078367,3.893830495289135,0.005416239531555125,68.38673886022201,0.03129267871034662,6.803752420309551,3.4037555699836024,0.4260505178401983,0.0,0.0,0.0,0.01249899716445554,0.0,0.006246047965300596,-44.20608467168838,0.0,35.000033333333334,-0.5383730386911191,-0.3457336132813604,-0.5286549752346013,0.0,34.23357664233577,0.0,1.3590649588399113,-0.31490499677761574,-0.17740163045064566,REIT—Mortgage,Real Estate,ACR
2011Q4,2011,Q4,2012-03-15,2011-12-31,411000.0,25211000.0,0.0,0.06,0.0,0.0,2299627000.0,429690000.0,0.0,0.0,1869937000.0,0.0,-183763000.0,197955338.09005597,1963825338.090056,63.49964953939146,0.0,0.7866432251839103,4.209979287393237,,63.49964953939146,0.000956503525797668,7.851943123638728,120.41078959249147,0.460693379157197,0.0,0.0,0.0,0.010963082273777442,0.0,0.00017872463664759546,16.231169079210886,0.0,-0.9750000208333159,-0.981791979107635,-0.2642879251481679,-0.5928444488553095,0.0,-0.9724973233404711,-1.0,1.0170391974262052,-0.45537149811987443,-0.3050509464102244,REIT—Mortgage,Real Estate,ACR
2011Q3,2011,Q3,2011-11-08,2011-09-30,14944000.0,21987000.0,16996000.0,2.400002,0.0,0.0,2170243000.0,433264000.0,0.0,0.0,1736979000.0,0.0,-164196000.0,160263900.94569907,1811094900.945699,70.48672582208538,0.0,0.7739815311004343,3.876915691125965,,70.48672582208538,0.034491672513756046,7.289029924305229,2.6810743600391307,0.3698989552459911,0.0,0.0,0.0,0.010131123565425624,0.0,0.006885864854765111,-102.53608505802883,0.0,0.5384608481271178,2.4838643919945587,13.440388110962148,-0.5508733444293253,0.0,0.6210001084716347,0.8435839028094153,56.13047338010595,-0.4684991235015251,-0.39038611771881804,REIT—Mortgage,Real Estate,ACR
2011Q2,2011,Q2,2011-08-08,2011-06-30,9219000.0,26133000.0,9219000.0,1.560002,0.0,0.0,1972433000.0,433380000.0,0.0,0.0,1539053000.0,0.0,-159983000.0,185304739.30968523,1611608739.3096852,73.55344717502014,0.0,0.7468958387940173,3.3993308412940144,,73.55344717502014,0.021272324518897965,7.090833019924434,5.025076996140721,0.4275802743774176,0.0,0.0,0.0,0.013249119234975282,0.0,0.004673923017917465,26.20629886998801,0.0,-0.40909082300285265,-0.6221149404673839,-0.23957652773086938,-0.5222226830515239,0.0,-0.29850859838685134,0.6533357245337159,1.613148054705981,-0.32126663441879344,-0.39473681923962434,REIT—Mortgage,Real Estate,ACR
2011Q1,2011,Q1,2011-05-10,2011-03-31,13142000.0,22565000.0,5576000.0,2.640003,0.0,0.0,1937636000.0,427203000.0,0.0,0.0,1510433000.0,0.0,-150635000.0,158126634.92438787,1560328634.924388,85.2307108514572,0.0,0.755405556048711,3.4262423250773053,0.002948854093068712,85.2307108514572,0.030762892582683173,7.007606245264253,3.008039775612309,0.37014401800639946,0.0,0.0,0.0,0.011645634164518,0.0,0.006782491654779329,-26.892284851086373,0.0,2.4174817177281662,-0.2949696551059767,-0.17228923727945347,-0.4820505498678642,0.0,2.401962876040111,1.594836782590143,-0.4256373404485642,-0.1986038987021354,-0.30990639694941496,REIT—Mortgage,Real Estate,ACR
2010Q4,2010,Q4,2011-03-14,2010-12-31,-9374000.0,27207000.0,-9374000.0,-1.86246,0.0,0.0,1934200000.0,348326000.0,0.0,0.0,1585874000.0,0.0,-146187000.0,170703577.7034444,1684466577.7034445,69.49406391819505,0.0,0.7978756074862993,4.430478919173418,,69.49406391819505,-0.026911571344085713,6.274252130093152,-4.552581014066685,0.4900684350391426,0.0,0.0,0.0,0.014066280632819771,0.0,-0.004846448143935477,-30.902168302578637,0.0,-1.5748328010807398,-1.528545579574108,0.0017086109514301152,-0.507321230284308,0.0,-1.667046182309827,-1.667046182309827,-2.086650795168249,-0.1434015267081687,-0.47520910527777255,REIT—Mortgage,Real Estate,ACR
2010Q3,2010,Q3,2010-11-05,2010-09-30,14053000.0,27425000.0,14053000.0,3.240003,0.0,0.0,1937445000.0,329731000.0,0.0,0.0,1607714000.0,0.0,-122258000.0,123394779.60363966,1650856779.6036396,75.69401465162449,0.0,0.8081808773926485,4.748737607322332,,75.69401465162449,0.04261958990813724,4.499353859749851,2.195167928620929,0.3742286275892763,0.0,0.0,0.0,0.014155240535860373,0.0,0.007253367192359009,16.16596090706664,0.0,-0.10000016666648148,0.09167545925114794,0.298978739887945,-0.547576525313197,0.0,0.051713815297111214,0.051713815297111214,1.4792729379242255,-0.11323934860995397,-0.10223132553023051,REIT—Mortgage,Real Estate,ACR
2010Q2,2010,Q2,2010-08-06,2010-06-30,13362000.0,19132000.0,13362000.0,3.600004,0.0,0.0,1934371000.0,301813000.0,0.0,0.0,1632558000.0,0.0,53436000.0,90286121.02504547,1644178121.0250454,81.5265940018136,0.0,0.8232117830550603,5.27610474035247,,81.5265940018136,0.04427244684622597,4.719115671390627,1.6892329184449462,0.2991458983709962,0.0,0.0,0.0,0.00989055357012693,0.0,0.006907671796154926,7.607526207031132,0.0,6.500008333333334,1.0227988764196536,472.6810404577301,0.0,0.0,8.503556187766714,7.843150231634679,-0.24454604119822346,-0.18190249213884832,-0.42243565457671534,REIT—Mortgage,Real Estate,ACR
2010Q1,2010,Q1,2010-05-07,2010-03-31,1406000.0,13806000.0,1511000.0,0.48,0.0,0.0,1785145000.0,239647000.0,0.0,0.0,1545498000.0,0.0,-123216000.0,88190163.25632778,1577870163.2563279,75.70359578417461,0.0,0.8499757722762017,6.331520945390512,,75.70359578417461,0.005866962657575517,6.387814229778921,15.681038985833531,0.36800028064748475,0.0,0.0,0.0,0.007733825543583294,0.0,0.0007876110904156246,13.449773258552353,0.0,-0.8736842105263158,12.823425562411208,0.0,0.0,0.0,-0.8837055417700579,1.7833074131674442,-0.9041909877590943,-0.33368053634806594,-0.47822467009789393,REIT—Mortgage,Real Estate,ACR
2009Q4,2009,Q4,2010-03-16,2009-12-31,12090000.0,27317000.0,-1929000.0,3.8,0.0,0.0,1795184000.0,228830000.0,0.0,0.0,1566354000.0,0.0,-114569000.0,61932027.33628487,1546441027.3362849,72.28654572472293,0.0,0.8559011221133879,6.714591618231875,,72.28654572472293,0.0528339815583621,2.2671606448835844,1.280645726556759,0.2706464507987802,0.0,0.0,0.0,0.015216824570628971,0.0,0.00673468569238585,8.986074773111559,0.0,-0.3262418515157608,0.07936042723721164,0.5924890246030424,-0.4875239062637538,0.0,0.04875086745315753,-1.1673317140874393,0.14492134421506653,0.7040378770814665,-0.5365034519342091,REIT—Mortgage,Real Estate,ACR
2009Q3,2009,Q3,2009-11-09,2009-09-30,11528000.0,10364000.0,11528000.0,5.640006,0.0,0.0,1769115000.0,169372000.0,0.0,0.0,1599743000.0,0.0,-117490000.0,41364137.420911945,1593455137.420912,84.29189325309515,0.0,0.8862730800428463,9.257250312920672,,84.29189325309515,0.06806319816734761,3.991136377934383,0.8970362903563486,0.24422063517530612,0.0,0.0,0.0,0.005858296379828333,0.0,0.006516252476520747,2.2568822250606693,0.0,3.238094954648863,0.9414262682624002,0.06420487397415929,-0.49618696525728584,0.0,3.2484883947727714,3.2484883947727714,4.501634254814211,19.82235054904376,-0.4629097086444452,REIT—Mortgage,Real Estate,ACR
2009Q2,2009,Q2,2009-08-10,2009-06-30,-5127000.0,10938000.0,-5127000.0,-2.520003,0.0,0.0,1774558000.0,165902000.0,0.0,0.0,1608656000.0,0.0,-121509000.0,23389989.068389747,1597500989.0683897,81.69308980321017,0.0,0.8929908179952416,9.55180769369869,,81.69308980321017,-0.030903786572795987,2.1384155301142576,-1.1405299916320335,0.14098678176507665,0.0,0.0,0.0,0.0061637883912501025,0.0,-0.0028891701482848123,3.096371335503011,0.0,0.57999992000008,-2.4148711715945246,492.58464703354883,0.0,0.0,0.5780941408821593,-3.36158452326117,-1.6097316775441115,-0.076570596384029,-0.4693504280426952,REIT—Mortgage,Real Estate,ACR
2009Q1,2009,Q1,2009-05-11,2009-03-31,-12152000.0,12745000.0,2171000.0,-6.000006,0.0,0.0,1899428000.0,169508000.0,0.0,0.0,1729920000.0,0.0,-108803000.0,20490962.398130804,1702393962.398131,83.13502845585076,0.0,0.8910951086327041,9.985198338721476,,83.13502845585076,-0.07168983174835405,1.6077648017364303,-0.4215553488753045,0.12088492813395713,0.0,0.0,0.0,0.006709914774342592,0.0,-0.006397715522778437,1.4797055457922301,0.0,-0.6832294407756314,-157.65548835314422,0.0,0.0,0.0,-0.6719867914144194,1.284050765406254,-2.6026036994405892,0.14925165431155232,-0.4947860712968445,REIT—Mortgage,Real Estate,ACR
2008Q4,2008,Q4,2009-03-16,2008-12-31,-7268000.0,13948000.0,-7643000.0,-3.56458,0.0,0.0,1936031000.0,186305000.0,0.0,0.0,1749726000.0,0.0,-89117000.0,23577542.184171095,1708757542.1841712,91.37310024581303,0.0,0.8779626979113454,9.123550092590108,-0.003853519597384612,91.37310024581303,-0.03901129867690078,1.690388742771085,-0.8110051659387415,0.12655345902778292,-1.3659878921298845,0.0,0.42107866555595497,0.007204430094352828,0.0,-0.003754072119712959,1.593615558240696,0.0,-85.5718883625,-2.00740580186349,0.2624224887713637,-0.35220961221654523,0.0,-83.5909090909091,-139.96363636363637,-2.00740580186349,0.2624224887713637,-0.35220961221654523,REIT—Mortgage,Real Estate,ACR
2008Q3,2008,Q3,2008-11-10,2008-09-30,88000.0,13917000.0,55000.0,0.042148520850346406,0.0,0.0,2002945000.0,239101000.0,0.0,0.0,1763844000.0,0.0,-71907000.0,32481098.708648223,1752755098.7086482,115.6251979668233,0.0,0.8649184076447431,7.245406752794844,4.4636403523232485e-05,115.6251979668233,0.0003680453030309367,2.333915262531309,92.27584860411426,0.1358467706477523,118.625,0.0,0.32138691162009786,0.00694826867437698,0.0,4.393530526300023e-05,11.329298468311205,0.0,1.0167255836006333,-0.9855995351963364,0.3885782894684793,-0.3089076584686475,0.0,1.0167395853148182,1.010744285993358,-0.9855995351963364,0.3885782894684793,-0.3089076584686475,REIT—Mortgage,Real Estate,ACR
2008Q2,2008,Q2,2008-08-08,2008-06-30,-5257000.0,13462000.0,-5119000.0,-2.520003,0.0,0.0,2004021000.0,250348000.0,0.0,0.0,1753673000.0,0.0,-62067000.0,38499031.06562512,1746488031.0656252,121.52308204608934,0.0,0.8593941879850561,6.87939987537348,-0.0026650214540056946,121.52308204608934,-0.020998769712560116,2.859829970704585,-1.8308460655138445,0.15378205963548788,-1.9845919726079513,0.0,0.2709938331231245,0.006717494477353281,0.0,-0.0026232260041187195,2.058331429941463,0.0,-1.5526316308863697,-2.4301200847499964,597.4182532740311,0.0,0.0,-1.5614653423048168,-1.5450383304940374,-2.4301200847499964,597.4182532740311,0.0,REIT—Mortgage,Real Estate,ACR
2008Q1,2008,Q1,2008-05-12,2008-03-31,9363000.0,11522000.0,9392000.0,4.560005,0.0,0.0,2019739000.0,253318000.0,0.0,0.0,1766421000.0,0.0,-46371000.0,38155551.16795644,1752123551.1679564,123.50601494448232,0.0,0.853113199279709,6.80198801506407,0.004737439687833943,123.50601494448232,0.036961447666569294,3.3115388967155392,1.0187854098033868,0.15062313443164893,1.1071237851116096,0.0,0.27167737544584364,0.005704697488140794,0.0,0.004635747490146004,2.616261051011824,0.0,1.6823558823529412,122.52078634538857,0.0,0.0,0.0,1.6524079320113314,1.4281282316442605,122.52078634538857,0.0,0.0,REIT—Mortgage,Real Estate,ACR
2007Q4,2007,Q4,2008-03-17,2007-12-31,3530000.0,12997000.0,3868000.0,1.7,0.0,0.0,2072148000.0,271606000.0,0.0,0.0,1800542000.0,0.0,-45301000.0,44499608.09536299,1799439608.095363,132.42238883542055,0.0,0.8498278115269758,6.483542337061773,,132.42238883542055,0.012996767376272984,3.4238368927724085,3.1515303183684837,0.16383882570842687,2.905665722379603,0.0,0.23049641196882392,0.0062722353808704785,0.0,0.0017035462717913971,-15.286708380406386,0.0,1.2529759269596,-0.5136012581739546,0.16940275074499436,-0.06119032424053847,0.0,1.253683075817463,1.2779734099892204,-0.5136012581739546,0.16940275074499436,-0.06119032424053847,REIT—Mortgage,Real Estate,ACR
2007Q3,2007,Q3,2007-11-14,2007-09-30,-13915000.0,14677000.0,-13915000.0,-6.720007,0.0,0.0,2326236000.0,174298000.0,0.0,0.0,2151938000.0,0.0,-38465000.0,54319441.679747395,2046840441.6797473,84.31349500619419,0.0,0.8630504385625534,11.518542955168733,,84.31349500619419,-0.07983453625400176,3.7009907801149686,-0.975915229603798,0.3116469591145475,-0.7400646784045993,0.0,0.18958221368905442,0.006309334048651986,0.0,-0.005981766252435265,0.6712816727807733,0.0,-2.4358973975455154,-3.277774046620059,0.4648583446409405,-0.49605785147938186,0.0,-2.41470109800732,-2.41470109800732,-3.277774046620059,0.4648583446409405,-0.49605785147938186,REIT—Mortgage,Real Estate,ACR
2007Q2,2007,Q2,2007-08-09,2007-06-30,9836000.0,13005000.0,9836000.0,4.680005,0.0,0.0,2385825000.0,290598000.0,0.0,0.0,2095227000.0,0.0,-14293000.0,62190873.463216215,2049175873.4632163,141.15586366756156,0.0,0.8339731539404609,6.846963846963847,,141.15586366756156,0.03384744561215149,4.7820740840612235,1.5806952384916688,0.2140099844569344,0.9910532736884913,0.0,0.15674325599825528,0.005450944641790576,0.0,0.004122682929385013,-1.3939141443252694,0.0,0.026315760618683553,1.6775938531423007,577.5584614612764,0.0,0.0,0.042059540205530245,0.0,1.6775938531423007,577.5584614612764,0.0,REIT—Mortgage,Real Estate,ACR
2007Q1,2007,Q1,2007-05-10,2007-03-31,9439000.0,13327000.0,0.0,4.560005,0.0,0.0,2127914000.0,295417000.0,0.0,0.0,1832497000.0,0.0,-13830000.0,69071019.69652075,1652300019.6965208,145.08849201126066,0.0,0.7508508332573591,5.408442980600304,,145.08849201126066,0.03195144490669122,5.182788301682355,1.8294051196239205,0.23380854756673025,0.8118444750503231,0.0,0.11094377980329717,0.0062629410775059515,0.0,0.004435799567087768,-6.897445545887831,0.0,0.3902454268292685,124.40619411336748,0.0,0.0,0.0,0.38972320376914016,-1.0,124.40619411336748,0.0,0.0,REIT—Mortgage,Real Estate,ACR
