Quarters,Year,Quarter,FillingDate,Date,NetIncome,Revenue,OperatingIncome,EPSDiluted,GrossProfit,GrossProfitRatio,TotalAssets,CommonStockEquity,CurrentAssets,CurrentLiability,TotalLiability,Inventory,RetainedEarnings,MarketCap,EnterpriseValue,bookValuePerShare,currentRatio,debtToAssets,debtToEquity,roic,shareholdersEquityPerShare,roe,priceToSalesRatio,peRatio,pbRatio,payoutRatio,inventoryTurnover,dividendYield,assetTurnover,quickRatio,returnOnAssets,priceToFreeCashFlowsRatio,grossProfitMargin,epsdilutedGrowth,fiveYNetIncomeGrowthPerShare,fiveYRevenueGrowthPerShare,fiveYShareholdersEquityGrowthPerShare,grossProfitGrowth,netIncomeGrowth,operatingIncomeGrowth,threeYNetIncomeGrowthPerShare,threeYRevenueGrowthPerShare,threeYShareholdersEquityGrowthPerShare,Industry,Sector,Symbol
2023Q1,2023,Q1,2023-05-04,2023-03-31,6481000.0,22647000.0,18083000.0,0.29,22647000.0,1.0,4187780000.0,370307000.0,-444000.0,425000.0,3817473000.0,0.0,350351000.0,303661399.5,660264399.5,16.462890931252524,-1.0447058823529412,0.09751491243570579,1.1027903874352902,0.020424370023263128,16.462890931252524,0.017501694539935782,13.408460259637039,11.713524128220953,0.8200260851131629,1.4567196420305508,0.0,0.031090550249538714,0.005407877204628706,1662.0870588235293,0.0015475980113568526,41.603151048088776,1.0,-0.34090909090909094,-0.3526763430533554,-0.11653053068101352,0.13697549323885097,-0.26173555874299126,-0.3456179321486268,-0.09271988359841453,-0.2471031889973398,-0.14057060602946553,0.04604973286031974,Banks—Regional,Financial Services,FLIC
2022Q4,2022,Q4,2023-03-09,2022-12-31,9904000.0,30676000.0,19931000.0,0.44,30676000.0,1.0,4281511000.0,364536000.0,747591000.0,-113390000.0,3916975000.0,0.0,348597000.0,406051452.0,768769452.0,16.15964668438127,-6.593094629156011,0.07284717941866785,0.8555972523975685,0.022988749418276867,16.15964668438127,0.027168784427326793,13.236779632285826,10.249683259289176,1.1138857396800317,0.4801090468497577,0.0,0.011710338619845644,0.007164760291401797,-6.593094629156011,0.002313202044792131,39.46461774710856,1.0,-0.20000000000000007,0.4267271309363631,0.35951450187180145,0.12093922932980268,-0.07893709653205225,-0.20539152759948653,0.007735868136313075,0.1514519042691677,0.19947309835321636,0.0006429754361530637,Banks—Regional,Financial Services,FLIC
2022Q3,2022,Q3,2022-11-03,2022-09-30,12464000.0,33305000.0,19778000.0,0.55,33305000.0,1.0,4291230000.0,359447000.0,726431000.0,40000000.0,3931783000.0,0.0,343406000.0,392146246.47999996,659977246.48,15.802436809288825,18.160775,0.0769105827466717,0.9181909989511666,0.022689187734386537,15.802436809288825,0.03467548762404472,11.774395630686081,7.865577793645699,1.0909709817580895,0.36649550706033374,0.0,0.011648715347917973,0.00776117803054136,18.160775,0.002904528538437697,25.93902940071438,1.0,0.018518518518518535,0.4272542465345672,0.3259450856556918,0.12118933549039552,0.017910082826492254,-0.0013620703469273295,0.05409582689335394,0.2434989496924745,0.29750101167106413,-0.003708654776986419,Banks—Regional,Financial Services,FLIC
2022Q2,2022,Q2,2022-08-04,2022-06-30,12481000.0,32719000.0,18763000.0,0.54,32719000.0,1.0,4310584000.0,376456000.0,753342000.0,10000000.0,3934128000.0,0.0,335697000.0,403182952.94,654212952.94,16.367938257007797,75.3342,0.07309983983608717,0.8370247784601653,0.020978469919531176,16.367938257007797,0.0331539409652124,12.32259399553776,8.075934479208398,1.0709962198503942,0.0,0.0,0.0,0.007590386824615876,75.3342,0.0028954313383059,31.148250381644004,1.0,0.03846153846153849,0.4314578549638195,0.3110035023416099,0.19393631676020204,0.04104489484234306,0.032938839692129435,0.028447708835781627,0.2536689444968037,0.26125680123939105,0.037891208658315884,Banks—Regional,Financial Services,FLIC
2022Q1,2022,Q1,2022-05-05,2022-03-31,12083000.0,31429000.0,18244000.0,0.52,31429000.0,1.0,4190678000.0,389461000.0,768795000.0,50000000.0,3801217000.0,0.0,327785000.0,451053123.5,612173123.5,16.80270164452148,15.3759,0.058923878188684504,0.6340326759290404,0.022375643777446916,16.80270164452148,0.031024929325401004,14.35149459098285,9.332391034925102,1.1581470891822288,0.7670280559463709,0.0,0.020547468839332846,0.007499741092014228,15.3759,0.0028833043245030995,47.60455129287599,1.0,0.368421052631579,0.36962579055303685,0.2548981396526917,0.26690603214607234,0.022713221177312812,0.34076786506879714,0.30584782764297475,0.21582896662387116,0.23086393471610112,0.09937715606628737,Banks—Regional,Financial Services,FLIC
2021Q4,2021,Q4,2022-03-11,2021-12-31,9012000.0,30731000.0,13971000.0,0.38,30731000.0,1.0,4068789000.0,413812000.0,777993000.0,125000000.0,3654977000.0,0.0,320321000.0,506564507.57,785470507.5699999,17.636847719271806,6.223944,0.07928182070881533,0.7795351512280939,0.015860119502022044,17.636847719271806,0.021778005471083488,16.483827651882464,14.052499655181979,1.2241416574918078,0.5239680426098535,0.0,0.009321616357710349,0.007552861551680365,6.223944,0.002214909645105706,76.37034638474294,1.0,-0.2083333333333333,0.1624220110769667,0.27356569099515066,0.3646360839746343,0.04303702949462037,-0.21099632288565925,0.0,-0.030729290946152427,0.34975259739362474,0.15685030442640743,Banks—Regional,Financial Services,FLIC
2021Q3,2021,Q3,2021-11-03,2021-09-30,11422000.0,29463000.0,0.0,0.48,29463000.0,1.0,4096856000.0,419883000.0,0.0,0.0,3676973000.0,0.0,315957000.0,487111143.20000005,515509143.20000005,17.75691219703553,0.0,0.07016697682320297,0.6846288132646475,0.0,17.75691219703553,0.027202816022558664,16.53297842039168,10.661686727368238,1.160111610139015,0.3941516371913851,0.0,0.009242243916706193,0.0071916122997732895,0.0,0.002787991572073805,37.707938008979724,1.0,0.0,0.42070006368932306,0.23846569682175237,0.34800012988260887,-0.009746916277350182,0.002985598876009835,0.0,0.22039922077309257,0.3725649169656011,0.1864909849997026,Banks—Regional,Financial Services,FLIC
2021Q2,2021,Q2,2021-08-04,2021-06-30,11388000.0,29753000.0,0.0,0.48,29753000.0,1.0,4110781000.0,416644000.0,0.0,0.0,3694137000.0,0.0,309256000.0,503909399.29,605907399.29,17.553457293043063,0.0,0.0712759935399137,0.7032382561611351,0.0,17.553457293043063,0.02733268689816726,16.936423193963634,11.062289236257465,1.2094483522863644,0.0,0.0,0.0,0.007237797391785162,0.0,0.002770276499769752,40.90837792579964,1.0,0.02127659574468087,0.41112693666901023,0.1235563717250044,0.2870976135906758,0.010837806618196643,0.010739327238839087,0.0,0.17837137600495878,0.11177190788064909,0.18828344413017717,Banks—Regional,Financial Services,FLIC
2021Q1,2021,Q1,2021-05-07,2021-03-31,11267000.0,29434000.0,0.0,0.47,29434000.0,1.0,4254998000.0,408122000.0,0.0,0.0,3846876000.0,0.0,302371000.0,505353177.5,566112177.5,17.161448440679884,0.0,0.06940849325898625,0.7236390099039013,0.0,17.161448440679884,0.02760694106174134,17.16902824964327,11.21312633132156,1.2382404709866168,0.8020768616313126,0.0,0.01788254314478907,0.006917512064635518,0.0,0.002647944840397105,45.0604705751226,1.0,0.06818181818181812,0.3566405116635771,0.1726854245946271,0.4019557007965996,0.045352842987534184,0.07009212650774052,0.0,0.06440647109302723,0.08605021453227546,0.1852199220061652,Banks—Regional,Financial Services,FLIC
2020Q4,2020,Q4,2021-03-12,2020-12-31,10529000.0,28157000.0,0.0,0.44,28157000.0,1.0,4069141000.0,407118000.0,0.0,0.0,3662023000.0,0.0,295622000.0,425427707.25000006,523293707.25000006,17.08176542373052,0.0,0.07594919910615042,0.7591116089192814,0.0,17.08176542373052,0.02586228071468223,15.109127650317863,10.101332207474595,1.0449739565678748,0.43071516763225376,0.0,0.010659860471511401,0.0069196422537336506,0.0,0.0025875240007657637,23.641439691581,1.0,-0.02222222222222224,0.4099151732328434,0.12031534681390557,0.43777177911353754,-0.09966745539425721,-0.022104578805609735,0.0,0.43561644956976053,0.18111587902056406,0.18490344149514407,Banks—Regional,Financial Services,FLIC
2020Q3,2020,Q3,2020-11-06,2020-09-30,10767000.0,31274000.0,0.0,0.45,31274000.0,1.0,4011308000.0,397734000.0,0.0,0.0,3613574000.0,0.0,289612000.0,353377914.84000003,533465914.84000003,16.668954942096573,0.0,0.08574260565381667,0.8647488019631211,0.0,16.668954942096573,0.02707085640151458,11.299415323911237,8.20511551128448,0.8884780150552882,0.39862542955326463,0.0,0.012145637346757512,0.00779645940925005,0.0,0.0026841618743811244,33.69997280564563,1.0,0.0,0.47144421025605077,0.3409736863810539,0.4312005967734232,0.09048432651068726,0.0007435635282089414,0.0,0.17534420996666283,0.18693240673941314,0.18266915035932904,Banks—Regional,Financial Services,FLIC
2020Q2,2020,Q2,2020-08-07,2020-06-30,10759000.0,28679000.0,0.0,0.45,28679000.0,1.0,4248328000.0,389738000.0,0.0,0.0,3858590000.0,0.0,283379000.0,389516580.16,730328580.1600001,16.349288436923825,0.0,0.12111870834831961,1.3202510404425538,0.0,16.349288436923825,0.027605724871580396,13.5819442853656,9.050947582489078,0.9994318751571568,0.0,0.0,0.0,0.006750655787406246,0.0,0.0025325257371841344,58.46841491444011,1.0,0.1842105263157895,0.5044465281194327,0.16643549316988393,0.4303994935467599,0.02410369947150407,0.17610406646261478,0.0,0.19054945132563197,0.10870034582924279,0.19257593177159388,Banks—Regional,Financial Services,FLIC
2020Q1,2020,Q1,2020-05-11,2020-03-31,9148000.0,28004000.0,0.0,0.38,28004000.0,1.0,4094367000.0,376209000.0,0.0,0.0,3718158000.0,0.0,276913000.0,414739015.1,822476015.1,15.738153181528352,0.0,0.12894422996277569,1.4033290006352852,0.0,15.738153181528352,0.024316271008933864,14.809991969004429,11.334144487866201,1.1024165160854738,0.9394403148229121,0.0,0.02072146503489153,0.006839640901755998,0.0,0.0022342892075869116,52.6051515854896,1.0,0.0,0.22136129890640552,0.22692256239896838,0.3575797944886286,0.02518670376336213,-0.004245128986611516,0.0,0.005455262652867711,0.08419506788793045,0.18664019765048917,Banks—Regional,Financial Services,FLIC
2019Q4,2019,Q4,2020-03-10,2019-12-31,9187000.0,27316000.0,0.0,0.38,27316000.0,1.0,4097843000.0,389108000.0,0.0,0.0,3708735000.0,0.0,274376000.0,604289407.92,1098013407.92,16.14926310489285,0.0,0.12999326718959217,1.3690080902988373,0.0,16.14926310489285,0.02361041150528902,22.122177768340897,16.444144114509633,1.5530120375833956,0.4744748013497333,0.0,0.007213431085949259,0.006665945962302607,0.0,0.0022419111713162265,48.78416145313635,1.0,-0.13636363636363635,0.4665028854136619,0.2546606800681706,0.45335642977950746,-0.010791627435358876,-0.14801075767411667,0.0,0.15393414371934397,0.1023675687300089,0.24953549031645925,Banks—Regional,Financial Services,FLIC
2019Q3,2019,Q3,2019-11-06,2019-09-30,10783000.0,27614000.0,0.0,0.44,27614000.0,1.0,4162595000.0,388129000.0,0.0,0.0,3774466000.0,0.0,269498000.0,556698164.75,1020663164.75,15.861260749737365,0.0,0.12680863740046774,1.3599937134303286,0.0,15.861260749737365,0.027782000314328485,20.159997274933005,12.906847926133729,1.4343122125633487,0.3883891310395994,0.0,0.007522927620716572,0.006633842590979906,0.0,0.002590451389097426,44.585789263975656,1.0,0.023255813953488393,0.5022416251277745,0.20862120284008714,0.41915994899559794,-0.013644806400914417,0.003629932985852569,0.0,0.29605163716325145,0.12165369766245426,0.20409344335877241,Banks—Regional,Financial Services,FLIC
2019Q2,2019,Q2,2019-08-09,2019-06-30,10744000.0,27996000.0,0.0,0.43,27996000.0,1.0,4202141000.0,391437000.0,0.0,0.0,3810704000.0,0.0,263067000.0,525709330.68,934393330.6800001,15.770379516140872,0.0,0.11372774021623738,1.2208861196054537,0.0,15.770379516140872,0.027447584157859375,18.778015812258893,12.23262590003723,1.3430241154515286,0.0,0.0,0.0,0.006662318089754722,0.0,0.002556791882994883,43.55503982435791,1.0,0.0,0.6232205711399683,0.29233102969755076,0.4511976830696891,0.005098011057657787,-0.008947514066967992,0.0,0.27311419015064736,0.010980607548162253,0.1563544150751931,Banks—Regional,Financial Services,FLIC
2019Q1,2019,Q1,2019-05-10,2019-03-31,10841000.0,27854000.0,0.0,0.43,27854000.0,1.0,4222676000.0,386442000.0,0.0,0.0,3836234000.0,0.0,256512000.0,562324099.68,1035954099.68,15.283837354455958,0.0,0.12258743034038132,1.3395205490086481,0.0,15.283837354455958,0.028053368940229063,20.188270972930276,12.967532969283274,1.4551319465275514,0.8026934784613966,0.0,0.01547506145468782,0.006596291072296335,0.0,0.0025673293428148405,55.29787586586684,1.0,0.1025641025641025,0.48418008658439227,0.26608124343156303,0.44527065938248445,0.1273271814796827,0.07443012884043608,0.0,0.22775011789907712,0.043767970319712426,0.24856960548480764,Banks—Regional,Financial Services,FLIC
2018Q4,2018,Q4,2019-03-15,2018-12-31,10090000.0,24708000.0,0.0,0.39,24708000.0,1.0,4241060000.0,388187000.0,0.0,0.0,3852873000.0,0.0,249922000.0,507972366.29999995,1202641366.3,15.245574688262328,0.0,0.17496262726771136,1.911519448101044,0.0,15.245574688262328,0.025992627264694593,20.559024052938316,12.586034843904855,1.30857644975231,0.4284440039643211,0.0,0.008510305455172945,0.005825902015062273,0.0,0.00237912220058193,37.67781978193146,1.0,0.0,0.5642337439842169,0.1022297709042963,0.5077315079704176,0.07118702852683603,0.003281296609326837,0.0,0.2646996209338637,-0.07980078048145256,0.28321964969146424,Banks—Regional,Financial Services,FLIC
2018Q3,2018,Q3,2018-11-09,2018-09-30,10057000.0,23066000.0,0.0,0.39,23066000.0,1.0,4249995000.0,380270000.0,0.0,0.0,3869725000.0,0.0,244173000.0,544008552.67,1188749552.67,14.965905701373686,0.0,0.16357736891455166,1.828182607094959,0.0,14.965905701373686,0.026446998185499778,23.584867452961067,13.523131964552054,1.4305849861151287,0.3781445759172716,0.0,0.006990698917020393,0.005427300502706474,0.0,0.0023663557251243825,39.72025063303154,1.0,-0.025000000000000022,0.5623813680641916,0.0574496041772486,0.5227819851854116,-0.19248004481165104,-0.02501211827435773,0.0,0.29066288845147475,-0.07123808835380227,0.2849763674726659,Banks—Regional,Financial Services,FLIC
2018Q2,2018,Q2,2018-08-09,2018-06-30,10315000.0,28564000.0,0.0,0.4,28564000.0,1.0,4292475000.0,374239000.0,0.0,0.0,3918236000.0,0.0,238447000.0,629553751.75,1232801751.75,14.772112983440735,0.0,0.15618821309384445,1.7914594684145693,0.0,14.772112983440735,0.02756260037035157,22.04011174030248,15.258210173291324,1.6822237974930458,0.36393601551139115,0.0,0.005962953901179733,0.006654435960605478,0.0,0.0024030425337363643,41.82803479835227,1.0,-0.09090909090909087,0.5794916470234177,0.3531651601428988,0.5441135083982946,0.004077615298087739,-0.07164071640716407,0.0,0.3571928226275293,0.09315871056305558,0.2924123891782553,Banks—Regional,Financial Services,FLIC
2018Q1,2018,Q1,2018-05-10,2018-03-31,11111000.0,28448000.0,0.0,0.44,28448000.0,1.0,4185424000.0,361446000.0,0.0,0.0,3823978000.0,0.0,231937000.0,685221174.0,1225107174.0,14.479547737968764,0.0,0.1456970667726854,1.6871233877259673,0.0,14.479547737968764,0.0307404148890844,24.086796048931383,15.417630591305914,1.8957774439335335,0.33345333453334536,0.0,0.005407013298161741,0.006796921888917348,0.0,0.0026546892262289314,59.8028603595741,1.0,0.46666666666666673,0.6153087753174454,0.3845575301785718,0.43736375679089956,0.15675192127841256,0.46854348400740153,0.0,0.42055526190122516,0.1935367897479642,0.24901195303342388,Banks—Regional,Financial Services,FLIC
2017Q4,2017,Q4,2018-03-16,2017-12-31,7566000.0,24593000.0,0.0,0.3,24593000.0,1.0,3894708000.0,354450000.0,0.0,0.0,3540258000.0,0.0,224315000.0,700728930.0,1319853930.0,14.416166605252048,0.0,0.17685459346374618,1.943283961066441,0.0,14.416166605252048,0.02134574693186627,28.49302362460863,23.153876883425852,1.9769471857807872,0.4832143801215966,0.0,0.0052174240900828795,0.006314465680097198,0.0,0.0019426360076288134,87.47084383972039,1.0,-0.21052631578947373,0.23639041886766543,0.2249073698495983,0.42457277428855095,-0.08474134722739114,-0.1901091843288375,0.0,0.18355325514666174,0.10696261881083863,0.2973860350425379,Banks—Regional,Financial Services,FLIC
2017Q3,2017,Q3,2017-11-09,2017-09-30,9342000.0,26870000.0,0.0,0.38,26870000.0,1.0,3733142000.0,342957000.0,0.0,0.0,3390185000.0,0.0,220461000.0,740937992.55,1219938992.55,14.094351693397991,0.0,0.13899310553951605,1.5129622664065758,0.0,14.094351693397991,0.02723956647626379,27.574915986229996,19.828141526172125,2.1604399168117285,0.36127167630057805,0.0,0.00455503703944868,0.007197690310199826,0.0,0.0025024496791174835,69.31780265225933,1.0,0.027027027027027053,0.6296097759410701,0.36042684535831565,0.39521268780069313,0.027847907581669343,0.0228840468630242,0.0,0.30883189702631647,0.18269395194193036,0.2610686972446319,Banks—Regional,Financial Services,FLIC
2017Q2,2017,Q2,2017-08-09,2017-06-30,9133000.0,26142000.0,0.0,0.37,26142000.0,1.0,3705294000.0,330275000.0,0.0,0.0,3375019000.0,0.0,214787000.0,689015384.2,1180684384.2,13.709222198234917,0.0,0.1479987822828634,1.6603709030353493,0.0,13.709222198234917,0.027652713647717812,26.35664387575549,18.860598494470604,2.0861869175686927,0.3672396802803022,0.0,0.00486781583824032,0.007055310590738549,0.0,0.0024648516420019573,85.9764642126279,1.0,-0.026315789473684233,0.41752501877653364,0.0702692758644783,0.4039602697209724,0.01404189294026377,0.005726241603347649,0.0,0.42161448417772496,0.24329286515820475,0.2615290247393148,Banks—Regional,Financial Services,FLIC
2017Q1,2017,Q1,2017-05-10,2017-03-31,9081000.0,25780000.0,0.0,0.38,25780000.0,1.0,3607030000.0,316432000.0,0.0,0.0,3290598000.0,0.0,209051000.0,645376212.0,1126905212.0,13.262784467178347,0.0,0.1468510103880478,1.673964706477221,0.0,13.262784467178347,0.02869810891439551,25.033988052754072,17.76721209117939,2.039541550791323,0.36537826230591347,0.0,0.0051411873234645964,0.0071471543070060406,0.0,0.0025175837184608944,55.79460638021959,1.0,0.22580645161290325,0.48322788734381655,0.29582127532096053,0.36741480274422944,0.05933596318211703,0.16140171377413992,0.0,0.3175198316227619,0.24183285616450623,0.25415579920039894,Banks—Regional,Financial Services,FLIC
2016Q4,2016,Q4,2017-03-15,2016-12-31,7819000.0,24336000.0,0.0,0.31,24336000.0,1.0,3510320000.0,305830000.0,0.0,0.0,3204490000.0,0.0,203326000.0,675588242.8000001,1212871242.8000002,12.924213221669168,0.0,0.16357824927641926,1.877552888859824,0.0,12.924213221669168,0.025566491187914854,27.76085810322157,21.60085186085177,2.209031955007684,0.4211536002046298,0.0,0.004874270733830479,0.0069327012921898854,0.0,0.0022274322568882608,137.2588872003251,1.0,-0.06999906999906998,0.40284347237679774,0.2403006177197938,0.3701153329825642,0.026618856781269774,-0.023967045312695043,0.0,0.3043162773155262,0.16816706568167025,0.27815735965932825,Banks—Regional,Financial Services,FLIC
2016Q3,2016,Q3,2016-11-09,2016-09-30,8011000.0,23705000.0,0.0,0.333333,23705000.0,1.0,3434495000.0,310374000.0,0.0,0.0,3124121000.0,0.0,198834000.0,520715006.50000006,952591006.5,13.172782259733088,0.0,0.13997225210693276,1.548886182476625,0.0,13.172782259733088,0.025810796007397527,21.966463045770936,16.25000020284609,1.6777017614233152,0.38884034452627636,0.0,0.005982159071883786,0.006902033632309844,0.0,0.0023325117666498276,45.040654484906156,1.0,0.0,0.2698626137361029,0.19726624358230843,0.39895294809947274,-0.051951687729963204,0.05131233595800525,0.0,0.3421052429493654,0.17194867155190177,0.34033154559101164,Banks—Regional,Financial Services,FLIC
2016Q2,2016,Q2,2016-08-09,2016-06-30,7620000.0,25004000.0,0.0,0.333333,25004000.0,1.0,3367288000.0,305652000.0,0.0,0.0,3061636000.0,0.0,194128000.0,428362787.9745,794214787.9745,13.638015569054915,0.0,0.12380230024874617,1.363897504351354,0.0,13.638015569054915,0.024930312904872208,17.131770435710287,14.053897243257872,1.4014722232293588,0.37388451443569554,0.0,0.006650904513604946,0.007425560272836775,0.0,0.0022629486993687503,54.911266244648125,1.0,-0.0384634245543995,0.44918664479519865,0.38867416814830213,0.5588511006633772,0.11351592073034959,0.02557200538358008,0.0,0.31896549993212087,0.338972435766584,0.4255674927161943,Banks—Regional,Financial Services,FLIC
2016Q1,2016,Q1,2016-05-02,2016-03-31,7430000.0,22455000.0,0.0,0.346667,22455000.0,1.0,3234376000.0,260436000.0,0.0,0.0,2973940000.0,0.0,189646000.0,404235982.0,762936982.0,12.241077539703035,0.0,0.12398743992658862,1.539810164493388,0.0,12.241077539703035,0.02852908200095225,18.002047739924294,13.601479878869448,1.552150939194274,0.3796769851951548,0.0,0.0069785969721023,0.006942606549145801,0.0,0.0022971973573882565,99.68828162762023,1.0,0.13043464083191206,0.43755102425384945,0.30051038730009144,0.45601980537944414,0.008171328514344722,0.12269567845270475,0.0,0.2673549834899881,0.28226971287079206,0.21515405854137,Banks—Regional,Financial Services,FLIC
2015Q4,2015,Q4,2016-03-15,2015-12-31,6618000.0,22273000.0,0.0,0.306667,22273000.0,1.0,3130343000.0,250936000.0,0.0,0.0,2879407000.0,0.0,185069000.0,422425540.0,913502540.0,11.880721037842552,0.0,0.1695379707591149,2.114929703191252,0.0,11.880721037842552,0.026373258520100744,18.965812418623447,15.9574471139317,1.6833995122262249,0.42444847385917195,0.0,0.006649692629853772,0.0071151947246675526,0.0,0.0021141453188995582,68.83257943620661,1.0,0.0,0.5138648053426369,0.34183363773668046,0.48875979811271103,0.07329414032382421,0.016433727538012595,0.0,0.2589285207470661,0.2913842062176043,0.17402581371816803,Banks—Regional,Financial Services,FLIC
2015Q3,2015,Q3,2015-11-09,2015-09-30,6511000.0,20752000.0,0.0,0.306667,20752000.0,1.0,2993170000.0,247280000.0,0.0,0.0,2745890000.0,0.0,181273000.0,382592026.44,769190026.44,11.646833420609225,0.0,0.14030676506847256,1.698325784535749,0.0,11.646833420609225,0.026330475574247815,18.436392947185812,14.690217571801567,1.5472016598188287,0.4083858086315466,0.0,0.006949961881699064,0.006933117731368415,0.0,0.0021752857338540746,40.28556664630936,1.0,0.04545686983735213,0.23172531536538402,0.16667523023477254,0.32066855685547446,-0.03823515780692404,0.03744423199490121,0.0,0.3016819810817774,0.2041509286523066,0.15293062885232211,Banks—Regional,Financial Services,FLIC
2015Q2,2015,Q2,2015-08-10,2015-06-30,6276000.0,21577000.0,0.0,0.293333,21577000.0,1.0,2828714000.0,239113000.0,0.0,0.0,2589601000.0,0.0,177569000.0,386601600.0,702584600.0,11.42987571701721,0.0,0.12817485260086386,1.5163123711383322,0.0,11.42987571701721,0.026247004554332053,17.91730082958706,15.4,1.6168154805468544,0.4225621414913958,0.0,0.00685977502421097,0.007627847848881152,0.0,0.002218676048550684,54.81378136962994,1.0,-0.04348038752131795,-0.0243269430051814,0.01958239582975016,0.4578342321479722,0.09184293087744155,-0.03222821896684657,0.0,0.12176378608438186,0.017294075179979492,0.1705325920391575,Banks—Regional,Financial Services,FLIC
2015Q1,2015,Q1,2015-05-11,2015-03-31,6485000.0,19762000.0,0.0,0.306667,19762000.0,1.0,2790116000.0,239934000.0,0.0,0.0,2550182000.0,0.0,173955000.0,351845753.0,707176753.0,11.592801576320293,0.0,0.14207402129517196,1.6521335033800961,0.0,11.592801576320293,0.027028266106512624,17.804157119724724,13.563830107941403,1.4664272383238723,0.4069390902081727,0.0,0.007500445799043083,0.007082859637377084,0.0,0.0023242761232866306,49.14046829608939,1.0,0.1794884615384616,0.10597117761410214,-0.017093452300597972,0.5510104555395454,0.041640312038794015,0.18794651034988094,0.0,0.22103040793796827,0.14507881640078862,0.19523683129788114,Banks—Regional,Financial Services,FLIC
2014Q4,2014,Q4,2015-03-16,2014-12-31,5459000.0,18972000.0,0.0,0.26,18972000.0,1.0,2721494000.0,233303000.0,0.0,0.0,2488191000.0,0.0,170120000.0,397106559.4482,789162559.4482,11.111701695462893,0.0,0.15616422450315892,1.8216653879290021,0.0,11.111701695462893,0.023398756124010406,20.931191200094876,18.185865517869576,1.7021065286267214,0.47298039934053854,0.0,0.006502033115715394,0.006971170981821015,0.0,0.002005883533088811,62.19366631921691,1.0,-0.09302431043684832,0.9019370787731132,-0.012024686523658925,0.5508263978668805,-0.015464452516865594,-0.0982821275189957,0.0,0.10384302490668026,0.08975055819539057,0.17796825287255957,Banks—Regional,Financial Services,FLIC
2014Q3,2014,Q3,2014-11-10,2014-09-30,6054000.0,19270000.0,0.0,0.286667,19270000.0,1.0,2570805000.0,230668000.0,0.0,0.0,2340137000.0,0.0,166840000.0,316000219.6596,644477219.6596,11.176513796745095,0.0,0.13992854378297848,1.5595097716198172,0.0,11.176513796745095,0.02624551303171658,16.398558363238195,13.049232724628347,1.3699352301125427,0.39478031053848694,0.0,0.007563285881809015,0.007495706597738841,0.0,0.0023549043976497635,32.47356075013873,1.0,0.07499990625011725,0.217611439293721,0.07109229203524695,0.5329466150707589,0.06200055111600992,0.09199134199134198,0.0,0.09556777816291447,0.1111157954575571,0.18694871114857345,Banks—Regional,Financial Services,FLIC
2014Q2,2014,Q2,2014-08-11,2014-06-30,5544000.0,18145000.0,0.0,0.266667,18145000.0,1.0,2523678000.0,225928000.0,0.0,0.0,2297750000.0,0.0,163831000.0,361099431.0,682109431.0,10.867147667147668,0.0,0.1453295547213234,1.623371162494246,0.0,10.867147667147668,0.02453879111929464,19.90076775971342,16.28334375,1.5982942840196876,0.00036075036075036075,0.0,5.5386406853684575e-06,0.007189902990793595,0.0,0.0021967937272504654,54.251717397836536,1.0,-0.06249736327713008,0.26725892018779346,0.04371954303213986,0.625097089375713,0.011314234756437409,-0.06933019976498238,0.0,0.13661699122619295,0.08634910246608779,0.24213563301999647,Banks—Regional,Financial Services,FLIC
2014Q1,2014,Q1,2014-05-12,2014-03-31,5957000.0,17942000.0,0.0,0.284444,17942000.0,1.0,2407115000.0,218062000.0,0.0,0.0,2189053000.0,0.0,160678000.0,372175266.8265,629273266.8264999,10.575069282169077,0.0,0.12661547121761943,1.397666718639653,0.0,10.575069282169077,0.02731791875705075,20.7432430513042,15.619240675948463,1.7067405913295302,0.7993956689608863,0.0,0.012795046915946568,0.007453736111486157,0.0,0.0024747467403925445,56.68219110973195,1.0,0.14285484693980038,0.19114895379513286,0.043639570342019915,0.5909914322660829,-0.002335409252669039,0.1511111111111111,0.0,0.18917741550849554,0.07215164459175115,0.25785579481522475,Banks—Regional,Financial Services,FLIC
2013Q4,2013,Q4,2014-03-17,2013-12-31,5175000.0,17984000.0,0.0,0.248889,17984000.0,1.0,2399892000.0,206556000.0,0.0,0.0,2193336000.0,0.0,157107000.0,389213800.7856,693716800.7856,10.111597859213441,0.0,0.14167304195355457,1.646042719649877,0.0,10.111597859213441,0.025053738453494453,21.64222646717082,18.802599071768114,1.8843015975599837,0.4579710144927536,0.0,0.00608919826382396,0.007493670548508016,0.0,0.002156347035616603,53.72912766228603,1.0,0.0,0.27027142479766386,0.06925667640099531,0.5972286171683415,0.02472934472934473,-0.0007723498744931454,0.0,0.22397579826232697,0.12023309364616784,0.26707296127316266,Banks—Regional,Financial Services,FLIC
2013Q3,2013,Q3,2013-11-12,2013-09-30,5179000.0,17550000.0,0.0,0.248889,17550000.0,1.0,2362878000.0,200918000.0,0.0,0.0,2161960000.0,0.0,154309000.0,352990417.3807,668838417.3807,9.828002857251729,0.0,0.1535614619121258,1.805945709194796,0.0,9.828002857251729,0.02577668501577758,20.11341409576638,17.039506535079163,1.7568879711160772,0.4385016412434833,0.0,0.006433602410092418,0.0074273830472838635,0.0,0.002191818621189922,34.99805843552449,1.0,-0.034483159928310435,0.1491300141691971,0.09254806539934131,0.5533720085884968,0.023084994753410283,-0.024119087996985113,0.0,0.017512232162624253,0.024695184359338443,0.11442603165343328,Banks—Regional,Financial Services,FLIC
2013Q2,2013,Q2,2013-08-08,2013-06-30,5307000.0,17154000.0,0.0,0.257778,17154000.0,1.0,2227862000.0,196955000.0,0.0,0.0,2030907000.0,0.0,151499000.0,305611143.75,517449143.75,9.566727383120826,0.0,0.1124535541249862,1.2720215277601483,0.0,9.566727383120826,0.02694524129877383,17.81573649003148,14.396605603448275,1.551680047472773,0.0001884303749764462,0.0,3.272131990114971e-06,0.007699758782186689,0.0,0.00238210445709833,29.90031736131494,1.0,-0.0645168314244655,0.26510169808151063,0.12066714295094647,0.5645075829175616,0.018404179529802896,-0.05887568717857776,0.0,-0.16164389176741512,-0.17632716983317928,0.22019722821452709,Banks—Regional,Financial Services,FLIC
2013Q1,2013,Q1,2013-05-10,2013-03-31,5639000.0,16844000.0,0.0,0.275556,16844000.0,1.0,2140671000.0,206149000.0,0.0,0.0,1934522000.0,0.0,148462000.0,261214170.3885,484686170.3885,10.073683623619553,0.0,0.11701004030979072,1.2150434879625902,0.0,10.073683623619553,0.027354001232118515,15.507846734059607,11.5806956192809,1.267113448954397,0.4014896258201809,0.0,0.00866721738959562,0.007868560839101384,0.0,0.002634220765358152,28.645045551979383,1.0,0.10714414859636233,0.5857627055255143,0.21863322723624726,0.6420363973557368,0.016413227130098962,0.11641259156602653,0.0,-0.027372846679390335,-0.1527003392830526,0.34776641549236353,Banks—Regional,Financial Services,FLIC
2012Q4,2012,Q4,2013-03-18,2012-12-31,5051000.0,16572000.0,0.0,0.248889,16572000.0,1.0,2108290000.0,205370000.0,0.0,0.0,1902920000.0,0.0,145087000.0,255436956.79320002,405245956.7932,10.119642088802138,0.0,0.09106906545114761,0.9348979889954716,0.0,10.119642088802138,0.024594634075083995,15.413767607603187,12.642890358008316,1.2437890480264888,0.8885369233815086,0.0,0.01756989300351497,0.007860398711752179,0.0,0.002395780466634097,173.76663727428573,1.0,0.05660225169386478,0.34696719690394107,0.237749344005349,0.6250709641388212,0.004789910871278724,0.05514936285773971,0.0,0.8206577682215014,-0.10715555539476013,0.41236765694377464,Banks—Regional,Financial Services,FLIC
2012Q3,2012,Q3,2012-11-09,2012-09-30,4787000.0,16493000.0,0.0,0.235556,16493000.0,1.0,2053167000.0,205261000.0,0.0,0.0,1847906000.0,0.0,142284000.0,281484828.6609,459575828.6609,10.101937730809524,0.0,0.10630163060286864,1.063304768075767,0.0,10.101937730809524,0.023321527226311867,17.066927100036377,14.700481964743055,1.3713507615226468,0.4282431585544182,0.0,0.007282808134819941,0.008032955916396474,0.0,0.002331520037093914,27.718840833175776,1.0,-0.11666610416736979,0.3405648118832539,0.2866598393941574,0.7191182778943561,-0.1949528969590472,-0.11417468541820873,0.0,-0.022067298895871452,-0.06884050393164848,0.3855600710312647,Banks—Regional,Financial Services,FLIC
2012Q2,2012,Q2,2012-08-09,2012-06-30,5404000.0,20487000.0,0.0,0.266667,20487000.0,1.0,2007538000.0,197312000.0,0.0,0.0,1810226000.0,0.0,139737000.0,260171430.22750002,448985430.2275,9.764679595213568,0.0,0.11396944914616809,1.1595746837495946,0.0,9.764679595213568,0.0273880960103795,12.699342520988921,12.036058023107882,1.318578850893509,0.37768319763138414,0.0,0.007844827536272149,0.010205037214737653,0.0,0.0026918544007635222,34.080617006484154,1.0,0.03448315992831033,0.608505392110974,0.6416954552159737,0.7099830904792847,0.223981359780141,0.049116676373519706,0.0,0.27091487788858376,0.21245100680845366,0.460231596635058,Banks—Regional,Financial Services,FLIC
2012Q1,2012,Q1,2012-05-10,2012-03-31,5151000.0,16738000.0,0.0,0.257778,16738000.0,1.0,2081899000.0,194691000.0,0.0,0.0,1887208000.0,0.0,136382000.0,236415320.06579998,506576320.06579995,9.699166953993483,0.0,0.14659644872301683,1.5676071313003683,0.0,9.699166953993483,0.026457309274696826,14.124466487382003,11.474243839341874,1.2143104718030109,0.3927392739273927,0.0,0.008556975070130613,0.008039775224446526,0.0,0.002474183425804998,23.196165626550233,1.0,0.09440942061294416,2.337762413498669,1.7788969287094116,2.3898691145616966,0.005647680845950492,0.08946700507614214,0.0,0.0580723181063071,0.00015791770598722518,0.4592142247182332,Banks—Regional,Financial Services,FLIC
2011Q4,2011,Q4,2012-03-15,2011-12-31,4728000.0,16644000.0,0.0,0.23554073561942357,16644000.0,1.0,2022407000.0,189347000.0,0.0,0.0,1833060000.0,0.0,133273000.0,234809483.18580002,515435483.1858,9.432938169909262,0.0,0.15314770963510313,1.635763967741765,0.0,9.432938169909262,0.024970028571881256,14.107755538680607,12.415899068623096,1.2401014179564505,0.42745346869712353,0.0,0.00860697776162994,0.008229797464110834,0.0,0.002337808363993993,52.89693245906736,1.0,-0.11672334552297967,0.49202262903235955,0.46123876751312054,0.7176486972600026,0.0032549728752260397,-0.10556186152099886,0.0,0.18105528421160827,0.007070718410359918,0.4900274910785099,Banks—Regional,Financial Services,FLIC
2011Q3,2011,Q3,2011-11-09,2011-09-30,5286000.0,16590000.0,0.0,0.266667,16590000.0,1.0,1940018000.0,185900000.0,0.0,0.0,1754118000.0,0.0,130568000.0,198829990.9219,401412990.92190003,9.416172486450513,0.0,0.1185994150569737,1.2376815492200108,0.0,9.416172486450513,0.028434642280796125,11.984930133930078,9.403612888852628,1.0695534745664335,0.364737041241014,0.0,0.009696726288929492,0.008551467048243883,0.0,0.002724716987161975,21.619005210601284,1.0,0.13207475080235698,0.5943170161084307,0.3568559895455091,0.68316746389909,0.03674540682414698,0.1311791140594907,0.0,0.214504151995975,0.06944487971219913,0.4882798652933614,Banks—Regional,Financial Services,FLIC
2011Q2,2011,Q2,2011-08-09,2011-06-30,4673000.0,16002000.0,0.0,0.235556,16002000.0,1.0,1855134000.0,174256000.0,0.0,0.0,1680878000.0,0.0,127303000.0,246890990.736,401117990.736,8.74876090683144,0.0,0.11771063438005018,1.2531505371407585,0.0,8.74876090683144,0.026816867138003856,15.428758326209223,13.208377420072758,1.4168292095308055,0.4119409372993794,0.0,0.007796963324831882,0.008625791991306288,0.0,0.00251895550402289,38.770570153266334,1.0,-0.01851666666666668,0.4468706137495681,0.3212884512141353,0.6456533588062584,0.004204581110762473,-0.020335429769392035,0.0,0.15142207504325123,0.08055759118892056,0.430740339065188,Banks—Regional,Financial Services,FLIC
2011Q1,2011,Q1,2011-05-10,2011-03-31,4770000.0,15935000.0,0.0,0.24,15935000.0,1.0,1735012000.0,165077000.0,0.0,0.0,1569935000.0,0.0,124557000.0,242166183.16169998,418819183.1617,8.407219115067576,0.0,0.11825854806767908,1.2429351151280918,0.0,8.407219115067576,0.028895606292820925,15.197124766972072,12.692147964449685,1.4669892423638664,0.40167714884696015,0.0,0.007911922197331087,0.009184374517294406,0.0,0.0027492605238465207,40.8857307380888,1.0,0.15955604330708653,0.4965982235699843,0.351892428618355,0.5781480909091765,0.03266152550061564,0.17372047244094488,0.0,0.3980194327526288,0.20154094395745673,0.3703983868540055,Banks—Regional,Financial Services,FLIC
2010Q4,2010,Q4,2011-03-16,2010-12-31,4064000.0,15431000.0,0.0,0.20697576575558455,15431000.0,1.0,1711023000.0,156694000.0,0.0,0.0,1554329000.0,0.0,121713000.0,250980401.5478,486426401.5478,7.9802806691204635,0.0,0.14820957988291214,1.6183772192936552,0.0,7.9802806691204635,0.025935900545011294,16.264688066087746,15.439247142458168,1.6017231135065797,0.47071850393700787,0.0,0.007622109089803426,0.009018581281490664,0.0,0.002375187241784593,36.070767684363325,1.0,-0.1532794187806428,0.21865005306486426,0.37942765032457226,0.5215418974420255,-0.025328448711470438,-0.13623804463336875,0.0,0.12013662957789716,0.19121320941156622,0.2815198687131704,Banks—Regional,Financial Services,FLIC
2010Q3,2010,Q3,2010-11-09,2010-09-30,4705000.0,15832000.0,0.0,0.244444,15832000.0,1.0,1685421000.0,166656000.0,0.0,0.0,1518765000.0,0.0,119565000.0,209805067.9464,379667067.9464,8.81889203778763,0.0,0.11644686995118728,1.1776473694316436,0.0,8.81889203778763,0.02823180683563748,13.25196235133906,11.147984481742826,1.2589109779809908,0.30818278427205104,0.0,0.00691117719029761,0.009393498716344463,0.0,0.002791587383804996,61.508375240809144,1.0,-0.1911773464539312,0.3100016030813886,0.39257058041941384,0.6881702087720952,-0.04100793506572173,-0.06237544838581108,0.0,0.41670308983060356,0.3279896584024732,0.5007733067587231,Banks—Regional,Financial Services,FLIC
2010Q2,2010,Q2,2010-08-06,2010-06-30,5018000.0,16509000.0,0.0,0.302222,16509000.0,1.0,1598287000.0,127952000.0,0.0,0.0,1470335000.0,0.0,116772000.0,186480978.73860002,341449978.7386,7.840312337964815,0.0,0.11627448637197199,1.4524196573715142,0.0,7.840312337964815,0.03921783168688258,11.295716199563875,9.290602766968911,1.4574291823386896,0.0,0.0,0.0,0.01032918368227984,0.0,0.003139611346397737,34.260697912658465,1.0,0.07936428571428558,0.8328470189614243,0.6990474321069665,0.5185280484223579,0.04553514882837239,0.08968512486427796,0.0,0.8493521837624461,0.6380108823691191,0.372989394200672,Banks—Regional,Financial Services,FLIC
2010Q1,2010,Q1,2010-05-10,2010-03-31,4605000.0,15790000.0,0.0,0.28,15790000.0,1.0,1653235000.0,121490000.0,0.0,0.0,1531745000.0,0.0,113205000.0,174100865.0417,366663865.0417,7.47435424107927,0.0,0.13434145780847853,1.8281175405383159,0.0,7.47435424107927,0.03790435426784097,11.026020585288157,9.451729915401737,1.4330468766293523,0.6275787187839305,0.0,0.016599572893034147,0.009550971277525579,0.0,0.0027854479248261743,32.06868024345184,1.0,1.0482399459945995,0.6538157728317138,0.6987086843024288,0.4916260338175145,0.06215525359881609,1.0724572457245725,0.0,2.68500507413434,2.237394250220738,1.6122947169906887,Banks—Regional,Financial Services,FLIC
2009Q4,2009,Q4,2010-03-16,2009-12-31,2222000.0,14866000.0,0.0,0.1367027337532154,14866000.0,1.0,1675169000.0,116462000.0,0.0,0.0,1558707000.0,0.0,110047000.0,182408410.6834,422692410.68340003,7.1650197022353606,0.0,0.1632115923826193,2.3476069447545123,0.0,7.1650197022353606,0.019079184626745203,12.27017426903,20.522998501732673,1.5662483100358917,0.648964896489649,0.0,0.007905337229777359,0.008874328500587106,0.0,0.001326433332995059,491.6668751574124,1.0,-0.419659300747103,-0.1782300269069672,0.6640294783481792,0.4099439946680327,0.05208775654635527,-0.4309859154929577,0.0,-0.1340624301185059,0.6117667525022631,0.3046822247436827,Banks—Regional,Financial Services,FLIC
2009Q3,2009,Q3,2009-11-09,2009-09-30,3905000.0,14130000.0,0.0,0.235556,14130000.0,1.0,1507614000.0,118181000.0,0.0,0.0,1389433000.0,0.0,109268000.0,191560061.8456,362666061.8456,7.2908695494455955,0.0,0.13339754074982058,1.701728704275645,0.0,7.2908695494455955,0.03304253644832926,13.55697536062279,12.26376836399488,1.620904052644672,0.33188220230473753,0.0,0.006765502096384755,0.009372425567817757,0.0,0.002590185551474051,-337.2536300098592,1.0,0.1276611023079243,0.43669378521728774,0.5792465031024114,0.3960432355843313,0.04334342464741933,0.14583333333333334,0.0,0.4345153919040125,0.4075576244512803,0.30326355287331414,Banks—Regional,Financial Services,FLIC
2009Q2,2009,Q2,2009-08-10,2009-06-30,3408000.0,13543000.0,0.0,0.208889,13543000.0,1.0,1401678000.0,108301000.0,0.0,0.0,1293377000.0,0.0,106807000.0,166563329.3805,281636329.38049996,6.687075952688047,0.0,0.11945610903502801,1.5460522063508186,0.0,6.687075952688047,0.03146785348242399,12.298850282839842,12.218554091879401,1.5379666797213323,0.38028169014084506,0.0,0.007780824295601082,0.009661990842404603,0.0,0.002431371541823443,63.69534584340344,1.0,-0.12962916666666668,0.26598395348673437,0.4900888049791726,0.37380135843625756,0.002962304673035622,-0.13238289205702647,0.0,0.2977124859771572,0.37525500280019436,0.25784772487504304,Banks—Regional,Financial Services,FLIC
2009Q1,2009,Q1,2009-05-08,2009-03-31,3928000.0,13503000.0,0.0,0.24,13503000.0,1.0,1259830000.0,107652000.0,0.0,0.0,1152178000.0,0.0,104693000.0,145331216.8413,266108216.8413,6.646842382492771,0.0,0.137474103648905,1.608832162895255,0.0,6.646842382492771,0.036487942629955784,10.762883569673408,9.24969557289333,1.3500094456331513,0.3296843177189409,0.0,0.008910680225117257,0.010718112761245565,0.0,0.003117880983942278,180.76021995186568,1.0,0.20341505882352928,0.5013502341692601,0.5161062297584009,0.3095783252505278,0.012598425196850394,0.21609907120743035,0.0,0.4941211188484625,0.3888259240489509,0.2477017040873038,Banks—Regional,Financial Services,FLIC
2008Q4,2008,Q4,2009-03-13,2008-12-31,3230000.0,13335000.0,0.0,0.1994324387419802,13335000.0,1.0,1261609000.0,102532000.0,0.0,0.0,1159077000.0,0.0,102061000.0,170956466.3355,401154466.3355,6.330714182381644,0.0,0.19904899219964348,2.4492061015097724,0.0,6.330714182381644,0.03150236023875473,12.820132458605174,13.231924638970588,1.6673474265156245,0.4003095975232198,0.0,0.007563329002498819,0.010569835820765388,0.0,0.002560222699742947,46.7861155816913,1.0,-0.08423973614423776,0.2757431169347946,0.5194558329566422,0.3052786761477904,0.04859636706770465,-0.09473094170403587,0.0,0.1742357911735948,0.44519135422694794,0.20703108933206682,Banks—Regional,Financial Services,FLIC
2008Q3,2008,Q3,2008-11-10,2008-09-30,3568000.0,12717000.0,0.0,0.217778,12717000.0,1.0,1224368000.0,102398000.0,0.0,0.0,1121970000.0,0.0,100126000.0,174434263.32419997,215937263.32419997,6.326882937836729,0.0,0.055538857598369115,0.6640754702240278,0.0,6.326882937836729,0.03484443055528428,13.716620533474874,12.22213167910594,1.7034928741205881,0.3024103139013453,0.0,0.0061857113358204895,0.010386583118800884,0.0,0.002914156528102662,96.10703213454543,1.0,0.08888999999999994,0.40304762508956476,0.4513501588480904,0.3140882380749923,0.05386591530620701,0.07892349561536136,0.0,0.1599580890345609,0.30608475071043084,0.2111334671383404,Banks—Regional,Financial Services,FLIC
2008Q2,2008,Q2,2008-08-08,2008-06-30,3307000.0,12067000.0,0.0,0.2,12067000.0,1.0,1175761000.0,99243000.0,0.0,0.0,1076518000.0,0.0,97851000.0,142462263.21859998,241646263.21859998,6.114848842905816,0.0,0.0,0.0,0.0,6.114848842905816,0.033322249428171254,11.805938776713349,10.769750772497732,1.435489286081638,0.3280919262171152,0.0,0.007616051966934788,0.010263140213019483,0.0,0.0028126464477049333,50.97039828930232,1.0,0.15384837278533242,0.4863530196309261,0.47680823456253074,0.29125563247612085,0.08662764520486267,0.15750787539376968,0.0,0.2145889110198574,0.2487733006128395,0.1843366794014517,Banks—Regional,Financial Services,FLIC
2008Q1,2008,Q1,2008-05-12,2008-03-31,2857000.0,11105000.0,0.0,0.173333,11105000.0,1.0,1131483000.0,100866000.0,0.0,0.0,1030617000.0,0.0,97124000.0,140957208.9394,215516208.9394,6.134872308459039,0.0,0.0,0.0,0.0,6.134872308459039,0.02832470802847342,12.693130026060333,12.334372500822539,1.39746999920092,0.3913195659782989,0.0,0.007931485082686675,0.009814553113038376,0.0,0.0025250047945925835,53.13125101372031,1.0,-0.06193538308294932,0.04067041511764202,0.25653023650676604,0.33713478626840926,0.023785378445653177,-0.05957867017774852,0.0,0.0143674848961523,0.1810898141441788,0.2243111517447016,Banks—Regional,Financial Services,FLIC
2007Q4,2007,Q4,2008-03-17,2007-12-31,3038000.0,10847000.0,0.0,0.18477724974816648,10847000.0,1.0,1069019000.0,102384000.0,0.0,0.0,966635000.0,0.0,99844000.0,135551270.701,201922270.701,6.227200111328597,0.0,0.0,0.0,0.0,6.227200111328597,0.02967260509454602,12.496659970590947,11.154647029377882,1.3239497450871232,0.37129690585911784,0.0,0.008321574516908445,0.01014668588678031,0.0,0.0028418578154363956,40.939677046511626,1.0,0.06602464474835427,0.15867107791965854,0.3006172807347411,0.350030484171614,0.015351493026303472,0.020833333333333332,0.0,0.11076341624502309,0.20033953772477736,0.22539836112727685,Banks—Regional,Financial Services,FLIC
2007Q3,2007,Q3,2007-11-08,2007-09-30,2976000.0,10683000.0,0.0,0.173333,10683000.0,1.0,1010179000.0,99508000.0,0.0,0.0,910671000.0,0.0,97932000.0,148942829.8855,144750829.8855,5.87623193860912,0.0,0.0,0.0,0.0,5.87623193860912,0.02990714314426981,13.942041550641207,12.51199847828461,1.4967925180437753,0.35651881720430106,0.0,0.007123538614216241,0.010575353476958043,0.0,0.002946012538371912,85.8460114613833,1.0,0.05405487582398859,0.10344428904523399,0.2573573265075754,0.29797730474544504,0.012702625841311972,0.04788732394366197,0.0,0.04805811817729079,0.14290532196059563,0.12517084457280728,Banks—Regional,Financial Services,FLIC
2007Q2,2007,Q2,2007-08-07,2007-06-30,2840000.0,10549000.0,0.0,0.164444,10549000.0,1.0,987818000.0,97541000.0,0.0,0.0,890277000.0,0.0,98083000.0,157983272.5656,130603272.56560001,5.710395412434554,0.0,0.0,0.0,0.0,5.710395412434554,0.029115961493115714,14.976137317812116,13.90697821880282,1.6196601692170474,0.375,0.0,0.006741220020985297,0.010679092707361072,0.0,0.0028750235367243763,58.16762612871871,1.0,1.1764519032240988,0.581942227818705,0.823085185318746,0.9983197108248004,0.028468363069123526,0.0806697108066971,0.0,0.00028128568654145106,0.1004840551217386,0.17315087047235933,Banks—Regional,Financial Services,FLIC
2007Q1,2007,Q1,2007-05-10,2007-03-31,2628000.0,10257000.0,0.0,0.075556,10257000.0,1.0,973489000.0,97803000.0,0.0,0.0,875686000.0,0.0,96305000.0,337266025.8084,322949025.8084,2.8612216655590745,0.0,0.0,0.0,0.0,2.8612216655590745,0.026870341400570534,32.881546827376425,32.08390656472603,3.4484220914327777,0.7945205479452054,0.0,0.0061909585912047595,0.010536328607719244,0.0,0.002699568253981298,185.5148656811881,1.0,-0.05982008295886431,-0.45302888372502115,-0.3659025288494691,-0.2975861696280152,0.03878873810006077,-0.043319985438660356,0.0,-0.524071241220612,-0.45433541125238286,-0.4362746005798711,Banks—Regional,Financial Services,FLIC
