Quarters,Year,Quarter,FillingDate,Date,NetIncome,Revenue,OperatingIncome,EPSDiluted,GrossProfit,GrossProfitRatio,TotalAssets,CommonStockEquity,CurrentAssets,CurrentLiability,TotalLiability,Inventory,RetainedEarnings,MarketCap,EnterpriseValue,bookValuePerShare,currentRatio,debtToAssets,debtToEquity,roic,shareholdersEquityPerShare,roe,priceToSalesRatio,peRatio,pbRatio,payoutRatio,inventoryTurnover,dividendYield,assetTurnover,quickRatio,returnOnAssets,priceToFreeCashFlowsRatio,grossProfitMargin,epsdilutedGrowth,fiveYNetIncomeGrowthPerShare,fiveYRevenueGrowthPerShare,fiveYShareholdersEquityGrowthPerShare,grossProfitGrowth,netIncomeGrowth,operatingIncomeGrowth,threeYNetIncomeGrowthPerShare,threeYRevenueGrowthPerShare,threeYShareholdersEquityGrowthPerShare,Industry,Sector,Symbol
2023Q1,2023,Q1,2023-05-15,2023-03-31,-553118.0,0.0,-693764.0,-0.0425,0.0,0.0,44922863.0,36151701.0,692036.0,2825398.0,8771162.0,0.0,-7565810.0,36656250.0,36586782.0,10.059603756521739,0.24493398806115102,0.0089041519904909,0.01106448628793428,-0.031914795713105584,10.059603756521739,-0.015299916316524083,0.0,-16.568006284373315,1.0139564387302273,0.0,0.0,0.0,0.0,15.82088434974471,-0.012312616851690864,-50.88361368917565,0.0,0.89375,-1.1146426978439334,0.0,-0.7364957914381052,0.0,-1.2041415281070227,-0.49458191328476087,-1.1146426978439334,0.0,-0.7364957914381052,Shell Companies,Financial Services,SGII
2022Q4,2022,Q4,2023-04-04,2022-12-31,2709483.0,0.0,-464186.0,-0.4,0.0,0.0,148107770.0,141773847.0,468204.0,1007620.0,6333923.0,0.0,-5238270.0,146481250.0,146188533.0,9.862528486956522,0.4646632659137373,0.0,0.0,-0.0029973681946342144,9.862528486956522,0.01911130337035998,0.0,13.515608881842034,1.0332036063040597,0.0,0.0,0.0,0.0,0.40326809710009726,0.018293996324433216,-292.27681858360285,0.0,-5.0,-0.5826573968329388,0.0,16268.141018941385,0.0,0.5067617015975834,-0.19887701971155833,-0.5826573968329388,0.0,16268.141018941385,Shell Companies,Financial Services,SGII
2022Q3,2022,Q3,2022-11-14,2022-09-30,1798216.0,0.0,-387184.0,0.1,0.0,0.0,147390461.0,139064364.0,627026.0,959009.0,8326097.0,0.0,-7428453.0,35937500.0,35517672.0,38.696170852173914,0.6538270235211557,0.0,0.0,-0.0025760121761475075,38.696170852173914,0.01293081813540671,0.0,4.996271304448409,0.2584235023718945,0.0,0.0,0.0,0.0,152.5877796767288,0.012200355354068673,-291.68628151226403,0.0,24.641025641025642,3854.8705529361346,0.0,30674.511536595048,0.0,24.603576666239515,0.586096899233093,3854.8705529361346,0.0,30674.511536595048,Shell Companies,Financial Services,SGII
2022Q2,2022,Q2,2022-08-12,2022-06-30,70233.0,0.0,-935446.0,0.0039,0.0,0.0,146971119.0,137266147.0,860828.0,701041.0,9704972.0,0.0,-8640466.0,35757812.5,35255525.5,38.195797426086955,1.2279281810906923,0.0,0.0,-0.0062113192822127235,38.195797426086955,0.0005116556524311854,0.0,127.28280331183346,0.26049986308714557,0.0,0.0,0.0,0.0,209.1355255969337,0.0004778693969119198,-160.31370909531088,0.0,-0.9855555555555555,0.0,0.0,0.0,0.0,-0.985443068933441,-1.0468740426947214,0.0,0.0,0.0,Shell Companies,Financial Services,SGII
2022Q1,2022,Q1,2022-05-16,2022-03-31,4824712.0,0.0,-457012.0,0.27,0.0,0.0,147310367.0,137195915.0,1318896.0,216840.0,10114452.0,0.0,-8710698.0,35614062.5,34888726.5,38.17625460869565,6.08234643054787,0.0,0.0,-0.007359274670231511,38.17625460869565,0.03516658641038984,0.0,1.8453983626380186,0.25958544392520727,0.0,0.0,0.0,0.0,3.345028592510607,0.0327520194148997,-155.3421958283536,0.0,-0.39999999999999997,0.0,0.0,0.0,0.0,-0.40547835417713046,-1.5965410663151676,0.0,0.0,0.0,Shell Companies,Financial Services,SGII
2021Q4,2021,Q4,2022-04-01,2021-12-31,8115284.0,0.0,-176008.0,0.45,0.0,0.0,147503.158,-10894.189,1528.635,30.864,12491.093,0.0,-10894.548,177531250.0,177530295.402,-0.0006062853008695652,49.52809097978227,0.0,0.0,33.028611842626646,-0.0006062853008695652,-744.9185983463294,0.0,5.4690399621257875,-16295.958331547215,0.0,0.0,0.0,0.0,30.929173146708138,55.01769663806113,-226.78657199940727,0.0,3462.538461538462,0.0,0.0,0.0,0.0,3479.475782254608,-74.44277753964852,0.0,0.0,0.0,Shell Companies,Financial Services,SGII
2021Q3,2021,Q3,2021-12-23,2021-09-30,-2333.0,0.0,-2333.0,-0.00013,0.0,0.0,244437.0,22667.0,126392.0,221770.0,221770.0,0.0,-2333.0,178070312.5,178143920.5,0.0012614678260869565,0.5699237949226676,0.8182067362960599,8.823399655887414,-0.01047752922525565,0.0012614678260869565,-0.10292495698592667,0.0,-19081.68800900129,7855.927670181321,0.0,0.0,0.0,0.0,0.5699237949226676,-0.009544381578893538,-76326.75203600514,0.0,0.0,0.0,0.0,0.0,0.0,0.0,0.0,0.0,0.0,0.0,Shell Companies,Financial Services,SGII
2021Q2,2021,Q2,2021-07-31,2021-07-31,,,,,,,122667.0,22667.0,45000.0,100000.0,100000.0,0.0,-2333.0,0.0,55000.0,0.0,0.45,0.8152151760457172,4.411699827943707,,0.0,,0.0,0.0,0.0,0.0,0.0,,,0.45,,0.0,0.0,0.0,0.0,0.0,0.0,0.0,0.0,0.0,0.0,0.0,0.0,Shell Companies,Financial Services,SGII
