Quarters,Year,Quarter,FillingDate,Date,NetIncome,Revenue,OperatingIncome,EPSDiluted,GrossProfit,GrossProfitRatio,TotalAssets,CommonStockEquity,CurrentAssets,CurrentLiability,TotalLiability,Inventory,RetainedEarnings,MarketCap,EnterpriseValue,bookValuePerShare,currentRatio,debtToAssets,debtToEquity,roic,shareholdersEquityPerShare,roe,priceToSalesRatio,peRatio,pbRatio,payoutRatio,inventoryTurnover,dividendYield,assetTurnover,quickRatio,returnOnAssets,priceToFreeCashFlowsRatio,grossProfitMargin,epsdilutedGrowth,fiveYNetIncomeGrowthPerShare,fiveYRevenueGrowthPerShare,fiveYShareholdersEquityGrowthPerShare,grossProfitGrowth,netIncomeGrowth,operatingIncomeGrowth,threeYNetIncomeGrowthPerShare,threeYRevenueGrowthPerShare,threeYShareholdersEquityGrowthPerShare,Industry,Sector,Symbol
2023Q1,2023,Q1,2023-05-04,2023-03-31,25246000.0,556389000.0,42379000.0,0.77,241379000.0,0.4338313662,1946959000.0,1079117000.0,405557000.0,353050000.0,813611000.0,38418000.0,782918000.0,2394640900.0,2830643900.0,33.144449904785304,1.148723976773828,0.24933190683522355,0.44984834823286074,0.018434203746095734,33.144449904785304,0.023395053548410413,4.303896913849843,23.713072367899866,2.219074391377395,0.0,8.199541881409756,0.0,0.2857733521866665,0.9731142897606572,0.012966888362826336,98.1369984836687,0.43383136618445006,-0.20618556701030924,-0.030094515157343852,0.4540226434431025,1.0534543837822101,-0.014365222930456478,-0.2040230791058423,-0.08345949219256889,-0.21168541201624416,0.12370676303434507,0.5777354874529976,Medical Care Facilities,Healthcare,AMED
2022Q4,2022,Q4,2023-02-16,2022-12-31,31717000.0,562064000.0,46238000.0,0.97,244897000.0,0.4357101682,1976245000.0,1051573000.0,388961000.0,355529000.0,869672000.0,25221000.0,757672000.0,2715968940.0,3213369940.0,32.345144720248534,1.0940345232034518,0.2722035982380727,0.5115583987036564,0.020848566847242872,32.345144720248534,0.03016148189426697,4.8321346679381705,21.407832865655642,2.582767853491864,0.0,12.575512469767258,0.0,0.2844100807339171,0.9487974258077401,0.016049123463942983,69.90191331651825,0.4357101682370691,0.2278481012658227,9.594107585272113,0.44974754008151474,1.127675207738448,0.03875110811372534,0.2369159971921067,0.1876910431275847,0.138661740851007,0.11456025003845209,0.6301609513313796,Medical Care Facilities,Healthcare,AMED
2022Q3,2022,Q3,2022-10-27,2022-09-30,25642000.0,557988000.0,38931000.0,0.79,235761000.0,0.4225198391,1982127000.0,1015739000.0,388780000.0,367200000.0,912517000.0,30515000.0,725955000.0,3143932780.0,3687937780.0,31.27082691952466,1.058769063180828,0.2835141239688476,0.5532533455937008,0.016869894545408493,31.27082691952466,0.025244674074737704,5.634409306293326,30.652179822166758,3.0952171571634053,0.0,10.55962641323939,0.0,0.28150971153715176,0.872619825708061,0.012936607997368484,-203.162053634895,0.4225198391363255,-0.13186813186813187,0.8348987502681376,0.5290332764382623,1.065651239424966,-0.024487026179353607,-0.1331011866526928,-0.18282571734430428,-0.2550080076442629,0.11867768130388777,0.6716309070983476,Medical Care Facilities,Healthcare,AMED
2022Q2,2022,Q2,2022-07-28,2022-06-30,29579000.0,557890000.0,47641000.0,0.91,241679000.0,0.4332018857,2000986000.0,985646000.0,394869000.0,427372000.0,961991000.0,37397000.0,700313000.0,3418712640.0,3953734640.0,30.307053686735134,0.9239468191645686,0.28065563677107186,0.5697664272974273,0.02072613888290833,30.307053686735134,0.03000976009642407,6.127933176791124,28.894761824267217,3.4684994815582875,0.0,8.45551782228521,0.0,0.2788075478788957,0.7767916475576313,0.014782212369301934,61.926468862080206,0.43320188567638784,-0.06185567010309272,5.857901986675796,0.5231916154951674,1.0717133869038453,0.005165594313687161,-0.06729101630246272,-0.006692798465451816,-0.1354261695345463,0.11610530438420939,0.7303873698149804,Medical Care Facilities,Healthcare,AMED
2022Q1,2022,Q1,2022-04-28,2022-03-31,31713000.0,545257000.0,47962000.0,0.97,240437000.0,0.440960868,1908392000.0,966758000.0,392485000.0,380154000.0,887740000.0,20296000.0,670734000.0,5608900950.0,6085024950.0,29.69614498540931,1.032436854537898,0.2850347308100223,0.5626620105548649,0.02156376547277375,29.69614498540931,0.03280345236346635,10.286710578681246,44.21610183520953,5.801763160997892,0.0,15.01872290106425,0.0,0.285715408574339,0.9507015577897379,0.016617655072961948,118.12440136469894,0.44096086799435863,-0.06730769230769236,1.1532077221902066,0.511993071768048,1.060517400612149,-0.007070027132055057,-0.06753895912966774,-0.0351833598197582,-0.0041742712395774605,0.14686987617407762,0.826648038962497,Medical Care Facilities,Healthcare,AMED
2021Q4,2021,Q4,2022-02-24,2021-12-31,34010000.0,559317000.0,49711000.0,1.04,242149000.0,0.432936957,1856968000.0,931351000.0,356684000.0,374282000.0,880645000.0,0.0,639063000.0,5276316720.0,5779234720.0,28.57430815487513,0.9529819761570153,0.2938187410876224,0.5858285436962005,0.02285982982708435,28.57430815487513,0.03651684488447427,9.433499643314972,38.785039106145256,5.6652290275095,0.0,0.0,0.0,0.30119905135683545,0.8487049871487274,0.018314801332063882,1302.4726536657615,0.43293695703867396,-0.24087591240875916,2.9042833911718717,0.5630731803581123,1.0716548818399896,-0.004284698035700334,-0.24432297915833445,-0.12437469174945395,0.21272150517926067,0.26084294698754773,0.8937120138854747,Medical Care Facilities,Healthcare,AMED
2021Q3,2021,Q3,2021-11-03,2021-09-30,45006000.0,553485000.0,56772000.0,1.37,243191000.0,0.43938137438232294,1937645000.0,905264000.0,432882000.0,454349000.0,988844000.0,0.0,605016000.0,4861703700.0,5284527700.0,27.762873002729474,0.9527521794919764,0.2824469910638946,0.6045551352975486,0.02957066023066539,27.762873002729474,0.0497158839852242,8.783803897124583,27.00586421810425,5.370481649551954,0.0,0.0,0.0,0.28564829986917106,0.8782411758361964,0.02322716493475327,81.67773297716849,0.43938137438232294,-0.43621399176954734,3.020545653944622,0.5636307048336542,1.0760124927273416,-0.04808298267932283,-0.4384708480455152,-0.27341140334037245,0.3995231356581647,0.2940234038491303,0.9887194092484587,Medical Care Facilities,Healthcare,AMED
2021Q2,2021,Q2,2021-08-05,2021-06-30,80149000.0,564166000.0,78135000.0,2.43,255475000.0,0.452836576468628,1599563000.0,874272000.0,390965000.0,449223000.0,723676000.0,0.0,560010000.0,7981778840.0,8173752840.0,26.828034859457468,0.8703138530306774,0.1773109280472229,0.32440704952234545,0.046091105981388936,26.828034859457468,0.09167513085172578,14.147926035953956,24.896688792124667,9.129628811170894,0.0,0.0,0.0,0.3527000812096804,0.8233371844273334,0.050106810422596675,119.78717512343734,0.452836576468628,0.6200000000000001,6.633396908769389,0.5931127595092315,1.0861927146413846,0.06474091547505428,0.6071586123922198,0.13487487109471452,1.4661010383791522,0.40644888019227093,1.1990343438224458,Medical Care Facilities,Healthcare,AMED
2021Q1,2021,Q1,2021-04-29,2021-03-31,49870000.0,537144000.0,68849000.0,1.5,239941000.0,0.44669771979208556,1573209000.0,788153000.0,380450000.0,456082000.0,783635000.0,0.0,479861000.0,8679816200.0,8937587200.0,24.043715680292863,0.834170171153433,0.21301365552828644,0.42519028665753983,0.041724713965258294,24.043715680292863,0.06327451649616254,16.159197905961904,43.51221275315821,11.012856894536975,0.0,0.0,0.0,0.3414320665594972,0.7739310036353112,0.031699538967804024,165.69594150885766,0.44669771979208556,0.10294117647058816,7.0609994572383465,0.5464787743664843,0.9314342051912989,-0.01651029434067443,0.10451595756461651,0.1077341399449745,0.9029394746113667,0.3942226476794162,0.4896211434476743,Medical Care Facilities,Healthcare,AMED
2020Q4,2020,Q4,2021-02-25,2020-12-31,45151000.0,550705000.0,62153000.0,1.36,243969000.0,0.44301213898548225,1567198000.0,809224000.0,361984000.0,456337000.0,756457000.0,0.0,429991000.0,9628557250.0,9853789250.0,24.652673267326733,0.7932383304443865,0.19591653383937446,0.37942522713117754,0.0377100774588858,24.652673267326733,0.055795428707008196,17.484056345956546,53.313089687936035,11.898506779334275,0.0,0.0,0.0,0.3513946546639289,0.7576703182078157,0.028810016347647203,151.4519425874951,0.44301213898548225,-0.37037037037037035,2.5372601611489474,0.6462300659132575,0.9984912342316347,-0.009874108164706455,-0.3727372501076673,-0.018321671694596687,13.117182548416363,0.40686110702800693,0.6216616796440309,Medical Care Facilities,Healthcare,AMED
2020Q3,2020,Q3,2020-10-29,2020-09-30,71981000.0,544070000.0,63313000.0,2.16,246402000.0,0.45288657709485913,1602720000.0,756205000.0,411250000.0,437496000.0,844977000.0,0.0,384840000.0,7722276660.0,8013640660.0,23.15244014451044,0.9400085943642913,0.2522386942198263,0.5346010671709391,0.05879438025003757,23.15244014451044,0.09518715163216324,14.193535133346812,26.820538267042693,10.211882571524917,0.0,0.0,0.0,0.3394666566836378,0.8312784574030391,0.0449117749825297,94.41705681693138,0.45288657709485913,1.076923076923077,7.650234325959903,0.6904041477138511,0.9509884417849057,0.29800717480285094,1.075935859721982,0.26798445886405514,4.122454062432446,0.48267800515586134,0.5293764633502472,Medical Care Facilities,Healthcare,AMED
2020Q2,2020,Q2,2020-07-29,2020-06-30,34674000.0,485059000.0,49932000.0,1.04,189831000.0,0.39135651539297284,1645488000.0,720851000.0,449540000.0,442048000.0,923229000.0,0.0,312859000.0,6435078480.0,6752792480.0,22.2402505244971,1.0169483856956711,0.30081775132969674,0.6866772744991684,0.02971189918444391,22.2402505244971,0.048101480056211336,13.266589177811358,46.39700121128222,8.927057713730022,0.0,0.0,0.0,0.2947812442266367,0.9643930070942522,0.0210721682564686,48.14693412143205,0.39135651539297284,0.08333333333333341,2.3192925701319127,0.5722278550324533,0.9349799476210119,-0.07825761842795269,0.09030878561096786,0.1381809892865284,7.066463009333181,0.328837715449043,0.520287165355909,Medical Care Facilities,Healthcare,AMED
2020Q1,2020,Q1,2020-05-07,2020-03-31,31802000.0,491685000.0,43870000.0,0.96,205948000.0,0.4188616695648637,1440084000.0,679197000.0,468128000.0,316106000.0,759940000.0,0.0,278185000.0,5934031740.0,6177804740.0,21.00760879651109,1.4809209568942063,0.2906281855780635,0.6162114968116762,0.02878060935837598,21.00760879651109,0.046822939441723097,12.068767076481894,46.64825907175649,8.736834438314656,0.0,0.0,0.0,0.3414280000333314,1.402399827905829,0.02208343402190428,1289.7265246685504,0.4188616695648637,0.1566265060240964,1.9198584450213871,0.6509815328373394,0.8757499512876309,0.004256979153968061,0.14995480021695895,0.05576011358987317,1.174210538656829,0.37288472446741733,0.4576485766665015,Medical Care Facilities,Healthcare,AMED
2019Q4,2019,Q4,2020-02-19,2019-12-31,27655000.0,500678000.0,41553000.0,0.83,205075000.0,0.40959458973631757,1262733000.0,640450000.0,350554000.0,326943000.0,621232000.0,0.0,246383000.0,5387843760.0,5625801760.0,19.841687836916787,1.072217481334667,0.21243762537290148,0.4188492466234679,0.029640675738350605,19.841687836916787,0.043180576157389336,10.761095474536528,48.705873802205744,8.412590772113356,0.0,0.0,0.0,0.3965034571837435,0.8362008056450206,0.021900908584791875,73.13583406860417,0.40959458973631757,-0.19417475728155345,2.0595373837840683,0.6836980951982078,0.6296814663052632,-0.004118044123288802,-0.18976327200281262,-0.11294936384595679,2.2058220233644623,0.41289811112710695,0.43853454818575405,Medical Care Facilities,Healthcare,AMED
2019Q3,2019,Q3,2019-10-30,2019-09-30,34132000.0,494631000.0,46844000.0,1.03,205923000.0,0.4163164055629348,1212380000.0,602564000.0,299519000.0,314653000.0,608915000.0,0.0,218728000.0,4219963109.9999995,4464589110.0,18.706777187917172,0.9519025720396754,0.2188942410795295,0.4404229260294342,0.03805261265609124,18.706777187917172,0.05664460538631581,8.531537873687657,30.90914032286417,7.003344225675612,0.0,0.0,0.0,0.40798347052904205,0.8754405646855424,0.02815288935812204,96.32199926958982,0.4163164055629348,0.00980392156862746,3.0768250940926465,0.6603697306717271,0.5826820383970616,0.018251315321017446,0.011558295299626578,0.04676990458313781,2.0866184990836483,0.4145434808503682,0.39882868523602827,Medical Care Facilities,Healthcare,AMED
2019Q2,2019,Q2,2019-08-01,2019-06-30,33742000.0,492984000.0,44751000.0,1.02,202232000.0,0.410220209986531,1205862000.0,561781000.0,275785000.0,313007000.0,642920000.0,0.0,184596000.0,3783887750.0,4070250750.0,17.51460639127046,0.881082531700569,0.24900444661163548,0.5344876384213777,0.036324472115064704,17.51460639127046,0.060062551065272765,7.675477804553495,28.035443586627938,6.735521048237659,0.0,0.0,0.0,0.408822900132851,0.8101288469586942,0.02798164300724295,65.49804832874625,0.410220209986531,0.07368421052631585,3.452965882868413,0.6251781013735113,0.5190221339344473,0.052929722074703485,0.07788142090467672,0.00963360707517372,2.264988081295533,0.4143714245494026,0.3619649909020124,Medical Care Facilities,Healthcare,AMED
2019Q1,2019,Q1,2019-05-01,2019-03-31,31304000.0,467340000.0,44324000.0,0.95,192066000.0,0.4109770188727693,1184239000.0,520246000.0,271731000.0,297377000.0,663039000.0,0.0,150854000.0,3934202940.0,4258933940.0,16.257179463141778,0.913759302165265,0.28312274802636966,0.644473960395659,0.03518686581955119,16.257179463141778,0.060171534235726944,8.418288483759147,31.419330916176847,7.562197383545476,0.0,0.0,0.0,0.39463317793114394,0.8305652421000952,0.026433853301571726,208.58930809607125,0.4109770188727693,0.13095238095238093,3.51026688717097,0.5576783183582545,0.4281111747403016,0.11583888640364381,0.13994392046902882,0.21678974387130426,4.183161702359685,0.37826138410315974,0.3059409332802045,Medical Care Facilities,Healthcare,AMED
2018Q4,2018,Q4,2019-02-28,2018-12-31,27461000.0,434378000.0,36427000.0,0.84,172127000.0,0.39626086035664787,717052000.0,481582000.0,224118000.0,222476000.0,234485000.0,0.0,119550000.0,3737682760.0,3725140760.0,15.08904624639679,1.0073805713874755,0.010720282489972833,0.01596197532299795,0.05636129589687797,15.08904624639679,0.05702248007608258,8.604677861217649,34.02719092531226,7.761259266334705,0.0,0.0,0.0,0.6057831231207779,0.9628049767165896,0.03829708305673787,59.1789414018588,0.39626086035664787,-0.125,3.8472591575838075,0.4351436664351153,0.2917680758385586,0.027035251437981814,-0.12480479331994773,-0.08676795026073005,1.2126476247302762,0.3354745290281102,0.22320716821838182,Medical Care Facilities,Healthcare,AMED
2018Q3,2018,Q3,2018-10-30,2018-09-30,31377000.0,417335000.0,39888000.0,0.96,167596000.0,0.4015862556459439,725892000.0,444143000.0,232668000.0,219290000.0,280396000.0,0.0,92089000.0,3931061400.0,3973113400.0,13.96017601760176,1.0610059738246158,0.0772318747141448,0.12622511218233767,0.06080636632258999,13.96017601760176,0.07064616576192803,9.41943858051685,31.321201835739554,8.850891267001844,0.0,0.0,0.0,0.5749271241451896,0.9532582425099184,0.043225438494982726,61.03469188131725,0.4015862556459439,-0.02040816326530614,1.3411838034699886,0.3700766746677078,0.166625142400075,-0.008536491578866415,-0.05913220786230472,-0.06864667974222471,2.8710810200857595,0.33116357545213404,0.176383218599172,Medical Care Facilities,Healthcare,AMED
2018Q2,2018,Q2,2018-08-01,2018-06-30,33349000.0,411603000.0,42828000.0,0.98,169039000.0,0.4106845674108303,753324000.0,407953000.0,258773000.0,214189000.0,344263000.0,0.0,60712000.0,2857696940.0,2956397940.0,12.19991626543856,1.2081526128792794,0.1654069165458687,0.30543959720850195,0.06111306661788827,12.19991626543856,0.08174716205053033,6.942847695473551,21.42265840055174,7.004966111292232,0.0,0.0,0.0,0.5463824330566928,1.0434522781281952,0.04426913253792525,56.583576350388086,0.4106845674108303,0.24050632911392397,15.88002925349131,0.2248222211426124,-0.18001093428846338,0.05023826831435264,0.22791708089399462,0.18950145813081518,2.0944035713641194,0.29315921732924677,0.06143558546145615,Medical Care Facilities,Healthcare,AMED
2018Q1,2018,Q1,2018-05-08,2018-03-31,27159000.0,399262000.0,36005000.0,0.79,160953000.0,0.4031262679643943,842275000.0,548320000.0,343519000.0,210810000.0,292730000.0,0.0,27363000.0,2049810140.0,2016004140.0,16.140825998645905,1.6295194725107918,0.10234068445578938,0.15720564633790488,0.04203128237762254,16.140825998645905,0.049531295593813834,5.133997575526847,18.8686083802791,3.738346476510067,0.0,0.0,0.0,0.47402807871538394,1.4844694274465158,0.03224481315484848,52.75537614206666,0.4031262679643943,8.181818181818182,8.143689945936694,0.06173118575548199,0.07448868837532438,-0.028671607203205718,8.057952182952183,0.21041484569353863,1.7476376228638908,0.27592174885323556,0.44119941845691635,Medical Care Facilities,Healthcare,AMED
2017Q4,2017,Q4,2018-02-28,2017-12-31,-3848000.0,404238000.0,29746000.0,-0.11,165704000.0,0.4099169301253222,813430000.0,515321000.0,311156000.0,215062000.0,297056000.0,0.0,204000.0,1786763580.0,1790141580.0,15.20210631895687,1.4468199867945057,0.11032418278155465,0.17414582367107104,-0.006254242792199978,15.20210631895687,-0.007467190353197328,4.4200782212459,-116.08391242203741,3.4672826839969653,0.0,0.0,0.0,0.4969548701178958,1.3956858952302127,-0.004730585299288199,58.47504843565912,0.4099169301253222,-1.261904761904762,0.9674366031583165,0.006714254381158879,0.029739880649154404,0.07935722148761407,-1.2643220222558045,0.2726650408591109,-1.4053682280622737,0.2944205236367331,0.24861307769953714,Medical Care Facilities,Healthcare,AMED
2017Q3,2017,Q3,2017-11-08,2017-09-30,14558000.0,380163000.0,23373000.0,0.42,153521000.0,0.4038294100162299,799529000.0,512256000.0,268190000.0,201857000.0,286310000.0,0.0,4053000.0,1893574480.0,1917370480.0,15.138483361900821,1.3286138206750324,0.11245370712006694,0.17551770989505247,0.023686365477649615,15.138483361900821,0.028419384057971016,4.980954169658804,32.517764802857535,3.6965393865567218,0.0,0.0,0.0,0.47548369102308985,1.2063787730918423,0.018208220089577738,220.7992630597015,0.4038294100162299,2.2307692307692304,0.3032104043551046,-0.10106683592440402,-0.17972304963820396,-0.034799064480434565,2.2633938578793993,96.3875,0.6552423118115444,0.2147666038646905,0.280787463536409,Medical Care Facilities,Healthcare,AMED
2017Q2,2017,Q2,2017-07-27,2017-06-30,4461000.0,378821000.0,240000.0,0.13,159056000.0,0.41987112646870156,805873000.0,492075000.0,273141000.0,225318000.0,312812000.0,0.0,-10505000.0,2112739970.0,2144869970.0,14.628979992270416,1.212246691342902,0.11328584032471618,0.18552862876594015,0.0007261286343769931,14.628979992270416,0.0090656912056089,5.577145855166425,118.40058114772472,4.293532428999645,0.0,0.0,0.0,0.4700753096331556,1.0321057350056364,0.005535611690675826,63.67510458107294,0.41987112646870156,-0.7045454545454546,-0.4989244279966018,-0.11390987751568148,-0.1932657352721335,0.02833720170941276,-0.7051553205551884,-0.9904629445658653,-0.43861580731781785,0.19083500792667618,0.268754998469083,Medical Care Facilities,Healthcare,AMED
2017Q1,2017,Q1,2017-05-03,2017-03-31,15130000.0,370458000.0,25165000.0,0.44,154673000.0,0.41751831516663157,756628000.0,481980000.0,243102000.0,183904000.0,273682000.0,0.0,-14967000.0,1708602870.0,1752628870.0,14.411984570762192,1.3218962067165478,0.12206791184042885,0.19162620855637164,0.026508714916622492,14.411984570762192,0.03139134403917175,4.61213651749996,28.2320368473232,3.5449663264035856,0.0,0.0,0.0,0.48961709056498043,1.2019368801113623,0.019996616567190217,75.22908022190913,0.41751831516663157,0.6923076923076923,1.453122419123004,-0.12210983584597888,-0.19880258516463598,0.006284684497127652,0.696758999663564,0.8558259587020649,2.1609601463612833,0.18152283462885693,0.2660201151345807,Medical Care Facilities,Healthcare,AMED
2016Q4,2016,Q4,2017-03-01,2016-12-31,8917000.0,366296000.0,13560000.0,0.26,153707000.0,0.4196251119313342,734029000.0,460203000.0,214910000.0,181348000.0,272887000.0,0.0,-30545000.0,1422349950.0,1485581950.0,13.792986662670463,1.1850695899596355,0.12728243706992504,0.2030169294854662,0.015056965287979866,13.792986662670463,0.019376231793360756,3.8830616495948633,39.87747981383873,3.0907011688320156,0.0,0.0,0.0,0.4990211558398919,1.1356783642499504,0.012148021399699466,53.98732065588704,0.4196251119313342,-0.23529411764705885,0.8206744830241592,-0.09742643242112554,-0.21875682248814296,0.028339945541275564,-0.22020113686051596,-0.05564454349188662,1.8843959480574668,0.15764942580871136,0.1808128592328652,Medical Care Facilities,Healthcare,AMED
2016Q3,2016,Q3,2016-11-04,2016-09-30,11435000.0,361595000.0,14359000.0,0.34,149471000.0,0.41336578215959846,721717000.0,445447000.0,193433000.0,182174000.0,275354000.0,0.0,-39462000.0,1580178960.0,1665357960.0,13.37317241586358,1.061803550451766,0.13037520246855763,0.21123500663378583,0.016823143755915697,13.37317241586358,0.02567084299591197,4.370024364274949,34.54698207258417,3.5474006110715752,0.0,0.0,0.0,0.5010204830979456,0.9409410783097478,0.01584416052275338,491.3491791044776,0.41336578215959846,0.06250000000000006,1.0233095249567632,-0.16683613775198466,-0.2464438643479785,-0.030925629372216205,0.06909124906507105,-0.21783418673058066,1.1187636374678696,0.1338427140162963,0.11757037692980363,Medical Care Facilities,Healthcare,AMED
2016Q2,2016,Q2,2016-08-03,2016-06-30,10696000.0,360746000.0,18358000.0,0.32,154241000.0,0.4275612203600317,711052000.0,426907000.0,179519000.0,189786000.0,283277000.0,0.0,-50897000.0,1675784560.0,1760316560.0,12.859806609030937,0.9459022267185145,0.13290167245152254,0.22135968723867258,0.021109573206605756,12.859806609030937,0.025054637192643833,4.645330953080561,39.16848728496634,3.9254089532380587,0.0,0.0,0.0,0.5073412352401794,0.8545466999673317,0.015042500407846403,146.51027802063297,0.4275612203600317,0.6842105263157895,-0.5741174866600778,-0.1676623943536946,-0.6034250591627158,0.049401279085589875,0.721551585385482,0.659405224622616,4.453385716401375,0.08131068003705555,-0.13565793591196784,Medical Care Facilities,Healthcare,AMED
2016Q1,2016,Q1,2016-05-04,2016-03-31,6213000.0,348817000.0,11063000.0,0.19,146980000.0,0.4213670778660444,705645000.0,409809000.0,176729000.0,200367000.0,294866000.0,0.0,-61593000.0,1591352800.0,1694093800.0,12.44863304981774,0.8820264814066189,0.15668643581404249,0.26979641735540216,0.012543685380416282,12.44863304981774,0.015160721214028974,4.562142326778798,64.0331884757766,3.883157275706488,0.0,0.0,0.0,0.494323632988259,0.8069392664460715,0.008804710583933848,287.14413569108626,0.4213670778660444,-0.5,-0.6498219245170729,-0.17496122647311832,-0.6086178125926118,0.007512818403663185,-0.5187824335837657,-0.337386200287494,1.1585274424135878,-0.04279988224590051,-0.17129920123750064,Medical Care Facilities,Healthcare,AMED
2015Q4,2015,Q4,2016-03-10,2015-12-31,12911000.0,338367000.0,16696000.0,0.38,145884000.0,0.43114133470462546,685085000.0,409568000.0,175263000.0,175193000.0,274649000.0,0.0,-67806000.0,1305502640.0,1378600640.0,12.335642431178846,1.0003995593431245,0.14684309246297905,0.24562465817642004,0.01887691887514032,12.335642431178846,0.03152345886397375,3.8582445687670486,25.278883122918444,3.1875113290100785,0.0,0.0,0.0,0.493905135859054,0.9190549850736045,0.01884583664800718,78.7206126386879,0.43114133470462546,0.52,-0.5008388630896201,-0.26688898479850687,-0.6014011015429401,0.04443076218158908,0.529739336492891,-0.001136703559676937,1.1115486579870448,-0.13966634451312512,-0.1644248041488265,Medical Care Facilities,Healthcare,AMED
2015Q3,2015,Q3,2015-11-05,2015-09-30,8440000.0,326450000.0,16715000.0,0.25,139678000.0,0.427869505284117,666436000.0,393131000.0,216441000.0,171214000.0,272462000.0,0.0,-80717000.0,1257870160.0,1300819160.0,11.867030910408115,1.2641548004251988,0.15005191796361542,0.25436813682970816,0.01932548351918227,11.867030910408115,0.021468670748427367,3.853178618471435,37.25918720379147,3.1996208897288687,0.0,0.0,0.0,0.4898444861922225,1.0442779211980329,0.01266438187612914,42.7803339795259,0.427869505284117,-0.21875000000000003,-0.6691318996498509,-0.3158454677233623,-0.6069230772890244,0.00884776783457202,-0.20654319827018897,0.07651188252721067,-0.22827114521521916,-0.21153267857121327,-0.35698631809200715,Medical Care Facilities,Healthcare,AMED
2015Q2,2015,Q2,2015-07-29,2015-06-30,10637000.0,314152000.0,15527000.0,0.32,138453000.0,0.4407197789605032,645433000.0,379341000.0,168370000.0,176029000.0,265383000.0,0.0,-89157000.0,1311248920.0,1373564920.0,11.493788631681008,0.9564901237864215,0.14798902442236453,0.25179719566300507,0.01928127805800952,11.493788631681008,0.02804073379887753,4.173931472662915,30.81810942935038,3.4566496107723657,0.0,0.0,0.0,0.48673061340216567,0.8160871220083055,0.016480409275633566,46.83199114254081,0.4407197789605032,1.2990654205607477,-0.7187006186428416,-0.36656680006304143,-0.6089945239139877,0.06004088476468291,1.3038361564169214,1.2672277295883243,0.21770150748876183,-0.25108185160622304,-0.3661599697575628,Medical Care Facilities,Healthcare,AMED
2015Q1,2015,Q1,2015-04-29,2015-03-31,-35009000.0,301572000.0,-58104000.0,-1.07,130611000.0,0.43310055310174683,623327000.0,366663000.0,145843000.0,164234000.0,255892000.0,0.0,-99794000.0,876750420.0,972062420.0,11.199578484376431,0.8880195331052035,0.1579331554705636,0.2684863212268486,-0.07712148673664357,11.199578484376431,-0.095480045709548,2.9072673192471448,-6.260893056071296,2.3911614207051164,0.0,0.0,0.0,0.4838102633128358,0.6928102585335558,-0.05616474178079884,70.8771560226354,0.43310055310174683,-4.821428571428571,-1.8118213241745578,-0.37944112121459467,-0.6020960370777324,0.011288936377784489,-4.83240284619595,-4.92303018027142,-6.798288470514137,-0.2699845684791231,-0.37738808386376094,Medical Care Facilities,Healthcare,AMED
2014Q4,2014,Q4,2015-03-04,2014-12-31,9135000.0,300528000.0,14811000.0,0.28,129153000.0,0.42975363360485547,669742000.0,397167000.0,135558000.0,162323000.0,271980000.0,0.0,-64785000.0,957426350.0,1066566350.0,12.175193893504185,0.8351127073797305,0.1749509512618292,0.29501947543476675,0.01847784992727573,12.175193893504185,0.023000400335375294,3.1858141337911943,26.202144225506295,2.4106392273275477,0.0,0.0,0.0,0.44872204520546716,0.7685725374715844,0.013639580614624737,387.77899959497773,0.42975363360485547,0.07692307692307698,-0.7938550737389142,-0.36787999055239395,-0.5392522650514578,-0.007446857564439526,0.08247422680412371,-0.08844165435745938,0.9077257842940923,-0.2425931392199372,-0.3103895916953937,Medical Care Facilities,Healthcare,AMED
2014Q3,2014,Q3,2014-10-29,2014-09-30,8439000.0,300281000.0,16248000.0,0.26,130122000.0,0.43333411038327435,682213000.0,383761000.0,142434000.0,191065000.0,299112000.0,0.0,-73920000.0,654879560.0,763636560.0,11.819668596772207,0.7454740533326355,0.1675415156263513,0.2978390195981353,0.020097189708034213,11.819668596772207,0.02199024913943835,2.1808891005424917,19.400389856618084,1.706477625397057,0.0,0.0,0.0,0.4401572529400642,0.5673514249077539,0.012370036923951904,26.699264514024787,0.43333411038327435,0.13043478260869565,-0.802277593780279,-0.3487443082132923,-0.528341510161133,-0.017843394773787418,0.10762567266045413,0.29352758538332935,1.0176479513532848,-0.2901903184260979,-0.33398123380913164,Medical Care Facilities,Healthcare,AMED
2014Q2,2014,Q2,2014-07-30,2014-06-30,7619000.0,305006000.0,12561000.0,0.23,132486000.0,0.4343717828501734,710296000.0,371860000.0,158911000.0,200736000.0,339254000.0,0.0,-82359000.0,539881740.0,672933740.0,11.530185110539207,0.791641758329348,0.2031223602554428,0.3879874146184048,0.014992409562934475,11.530185110539207,0.020488893669660627,1.7700692445394517,17.71498031237695,1.4518413919216908,0.0,0.0,0.0,0.4294068951535698,0.6085555157022159,0.010726514016691632,-5.826166729617439,0.4343717828501734,1.5897435897435896,-0.8173533123498652,-0.3211853052016458,-0.5128351354375905,0.08835054341129212,1.613594265925747,1.641751392223982,-0.6877359120498516,-0.27562737646472724,-0.6444283637326338,Medical Care Facilities,Healthcare,AMED
2014Q1,2014,Q1,2014-05-08,2014-03-31,-12417000.0,298739000.0,-19573000.0,-0.39,121731000.0,0.4074827859770569,727390000.0,362730000.0,203517000.0,324714000.0,364475000.0,0.0,-89978000.0,474454960.0,514566960.0,11.383693196083355,0.6267577006227019,0.0590494782716287,0.11841314476332258,-0.029731871276700454,11.383693196083355,-0.03423207344305682,1.5881922346931603,-9.552527985825884,1.308011358310589,0.0,0.0,0.0,0.41069989964118286,0.3639818424829234,-0.017070622362144103,-39.957466734040764,0.4074827859770569,-0.2905787749429167,-1.3872646738981875,-0.26348724024312237,-0.4881956003448512,-0.016434371591322265,-0.2895420085159414,-0.9415732566213669,-1.7230424777242055,-0.26999107033959224,-0.6420992790109645,Medical Care Facilities,Healthcare,AMED
2013Q4,2013,Q4,2014-03-12,2013-12-31,-9629000.0,302179000.0,-10081000.0,-0.30219,123765000.0,0.4095751193828823,726406000.0,372201000.0,205279000.0,312416000.0,353927000.0,0.0,-77561000.0,466170320.0,497571320.0,11.6809251820236,0.6570694202601659,0.06704790433999719,0.13085402779680871,-0.014953153762434961,11.6809251820236,-0.025870430224529218,1.5426959517372154,-12.103290061273237,1.2524692840696292,0.0,0.0,0.0,0.4159918833269549,0.43799293250025606,-0.013255672447639474,-107.1163419117647,0.4095751193828823,0.8954359861591695,-1.3080758245702049,-0.25119032550665077,-0.4411900828595014,-0.01895272519737468,0.8942669843744853,0.9346628470691934,-1.3879055761399923,-0.3178027324724302,-0.6225568358932247,Medical Care Facilities,Healthcare,AMED
2013Q3,2013,Q3,2013-11-12,2013-09-30,-91069000.0,301639000.0,-154292000.0,-2.89,126156000.0,0.4182350425508638,754569000.0,376998000.0,234410000.0,332480000.0,376777000.0,0.0,-67932000.0,542201050.0,569430050.0,11.966291064910331,0.7050348893166506,0.09390128669478869,0.18794529413949146,-0.211966882771276,11.966291064910331,-0.24156361572209933,1.797516402056763,-1.488434730808508,1.438206701361811,0.0,0.0,0.0,0.3997500559922287,0.46551672281039463,-0.12069008930926131,29.31291831107747,0.4182350425508638,-49.16666666666667,-4.267497508417129,-0.20930808550468166,-0.39847805454646185,-0.07963026460739325,-50.46713742531233,-41.67809122066966,-4.754038762657609,-0.33527691538283155,-0.6036352392127516,Medical Care Facilities,Healthcare,AMED
2013Q2,2013,Q2,2013-07-31,2013-06-30,1841000.0,313148000.0,3793000.0,0.06,137071000.0,0.43771954475200225,700253000.0,463603000.0,181809000.0,191014000.0,235223000.0,0.0,23136000.0,348057200.0,392746200.0,14.878145057766368,0.9518098149873832,0.10682853197344389,0.16136004296779788,0.004218950432679587,14.878145057766368,0.003971070075042655,1.1114782786414092,47.26469310157523,0.7507656335269616,0.0,0.0,0.0,0.4471926575109282,0.8108515606185934,0.002629049786291526,14.478252911813644,0.43771954475200225,-0.3333333333333333,-0.9236517323738521,-0.1533637704359599,-0.20980159818649183,-0.06545261162738374,-0.3128032848077641,-0.09018949388342529,-0.9484329205108415,-0.3312254081276485,-0.4938626089265513,Medical Care Facilities,Healthcare,AMED
2013Q1,2013,Q1,2013-04-30,2013-03-31,2679000.0,339175000.0,4169000.0,0.09,146671000.0,0.4324345839168571,712317000.0,460270000.0,182387000.0,202821000.0,250534000.0,0.0,21296000.0,335814400.0,407552400.0,15.02186684073107,0.8992510637458646,0.11056734571826869,0.17111478045495035,0.004718882847707939,15.02186684073107,0.0058204966650009776,0.9900918404953195,31.33766330720418,0.7296030590740219,0.0,0.0,0.0,0.4761573849844943,0.7478515538331829,0.0037609659744186927,15.030632888729746,0.4324345839168571,1.0262082742433816,-0.8609084727466145,0.3605991589492964,-0.16009821164267368,-0.06403711408625068,1.0250814515223008,1.026915528239031,-0.9336210907648066,-0.2542513768935988,-0.4662959543740099,Medical Care Facilities,Healthcare,AMED
2012Q4,2012,Q4,2013-03-12,2012-12-31,-106812000.0,362949000.0,-154892000.0,-3.43403,156706000.0,0.43175762985984256,730595000.0,452340000.0,205788000.0,204787000.0,276362000.0,0.0,18617000.0,346440352.0,435806352.0,14.763054830287206,1.004888005586292,0.1422279101280463,0.22971879559623293,-0.21615637716330333,14.763054830287206,-0.23613211301233586,0.9545152404332289,-0.8108647717484927,0.765884847680948,0.0,0.0,0.0,0.4967854967526468,0.9107853525858575,-0.14619864630883048,-99.72376280944157,0.43175762985984256,-11.406151515151514,-6.46231807393025,0.5993316647450454,-0.13493455042932945,-0.02964816030316916,-11.765168312840153,-11.550507458619984,-3.5662127292419283,-0.18722804403578885,-0.441319445630755,Medical Care Facilities,Healthcare,AMED
2012Q3,2012,Q3,2012-11-06,2012-09-30,9922000.0,375625000.0,14681000.0,0.33,161494000.0,0.4299341098169717,875724000.0,554675000.0,233848000.0,231457000.0,303744000.0,0.0,125429000.0,415961200.0,503449200.0,18.45533189153219,1.0103302125232765,0.06201383084168071,0.09790778383738225,0.015307878744703398,18.45533189153219,0.01788795240456123,1.1073842262895175,10.480780084660351,0.7499187812683104,0.0,0.0,0.0,0.4289308046827539,0.8751819992482405,0.011330053761230707,41.9104483627204,0.4299341098169717,0.2692307692307693,-0.5770682814260125,0.789197073068214,0.12690798392725208,-0.02850233408729968,0.2588175589951789,-0.05582352562865779,-0.7488674954755088,-0.11993049475171123,-0.2635483898582176,Medical Care Facilities,Healthcare,AMED
2012Q2,2012,Q2,2012-08-07,2012-06-30,7882000.0,378498000.0,15549000.0,0.26,166232000.0,0.4391885822382153,858299000.0,540018000.0,236300000.0,245004000.0,316979000.0,0.0,115507000.0,370761000.0,462004000.0,18.133579583613162,0.9644740494032751,0.07072127545295986,0.11240366061872012,0.012475463637009144,18.133579583613162,0.014595809769303986,0.9795586766640775,11.75973737630043,0.6865715587258202,0.0,0.0,0.0,0.44098618313664584,0.8176152226086105,0.009183279952557325,28.20333181195801,0.4391885822382153,0.44444444444444453,-0.5426885538529224,0.9331306479809589,0.1700665180965636,0.024056380023039912,0.45424354243542436,0.2482138556634824,-0.7953702614506016,-0.08772676508957676,-0.2338333897338915,Medical Care Facilities,Healthcare,AMED
2012Q1,2012,Q1,2012-05-09,2012-03-31,5420000.0,370833000.0,12457000.0,0.18,162327000.0,0.43773612380775173,855380000.0,528651000.0,237961000.0,252417000.0,325406000.0,0.0,107625000.0,424964940.0,520563940.0,17.98805675592909,0.9427296893632362,0.08009656526923706,0.12959967918343104,0.009927210724878514,17.98805675592909,0.010252510635561079,1.145973901999013,19.601703874538746,0.8038667097953092,0.0,0.0,0.0,0.4335301269611167,0.8047160056573052,0.006336365124272253,259.91739449541285,0.43773612380775173,0.28571428571428553,-0.6436115643217613,1.1060683161095168,0.2134907269048518,-0.016843520604695107,0.2563745943439963,-0.4056774809160305,-0.8167238418333289,-0.008752257195132142,-0.19126715466132288,Medical Care Facilities,Healthcare,AMED
2011Q4,2011,Q4,2012-02-28,2011-12-31,4314000.0,357473000.0,20960000.0,0.14,165108000.0,0.4618754423410999,858285000.0,518868000.0,232016000.0,221734000.0,338137000.0,0.0,102205000.0,320633990.0,418068990.0,17.65517710708088,1.0463708768163655,0.03948338838497702,0.06531140868197692,0.01753785308039973,17.65517710708088,0.008314253336108605,0.8969460350851672,18.58101471951785,0.6179490544801375,0.0,0.0,0.0,0.41649685127900404,0.8842351646567509,0.005026302451982733,10.169816988074093,0.4618754423410999,1.0095044127630686,-0.6687380055404365,1.1651209670754994,0.24330798573354717,-0.024207465544549774,1.0101812037137556,1.0376087576729223,-0.8503516067892644,-0.03956960312658353,-0.1553847060426483,Medical Care Facilities,Healthcare,AMED
2011Q3,2011,Q3,2011-11-01,2011-09-30,-423722000.0,374861000.0,-557317000.0,-14.73,169204000.0,0.45137797743696995,846776000.0,510574000.0,205415000.0,209508000.0,334795000.0,0.0,97891000.0,426371400.0,550160400.0,17.74675008689607,0.9804637531741032,0.03959134410989447,0.0656613928637181,-0.6053873274652296,17.74675008689607,-0.8298934140790561,1.1374120007149318,-0.25156317113579185,0.8350824758017448,0.0,0.0,0.0,0.4426920460664922,0.8623537048704584,-0.500394437253772,27.978961874138722,0.45137797743696995,-20.64,-30.943260238210613,1.041082699112165,0.6438883508404956,-0.06297106465457566,-20.566032508311785,-15.662378321494344,-17.64812518644761,0.07604314937898475,-0.10790573454704237,Medical Care Facilities,Healthcare,AMED
2011Q2,2011,Q2,2011-08-02,2011-06-30,21656000.0,373722000.0,38010000.0,0.75,180575000.0,0.4831800108101744,1340647000.0,928228000.0,204781000.0,215790000.0,410667000.0,0.0,521612000.0,762283750.0,897500750.0,32.42717903930131,0.9489828073590064,0.026440964698388168,0.03818889324605593,0.020404177568711605,32.42717903930131,0.02333047484023322,2.0397079915017047,8.799913996121166,0.8212246883308842,0.0,0.0,0.0,0.2787624184442288,0.8406552666944714,0.016153394592312516,52.54592610463914,0.4831800108101744,0.4150943396226414,0.7800661501868906,1.0923841697652055,2.1998742484960125,0.04304454058675046,0.4165358451072737,0.3831374404133765,-0.02236758001823501,0.09988638134767248,0.7222513258667785,Medical Care Facilities,Healthcare,AMED
2011Q1,2011,Q1,2011-04-26,2011-03-31,15288000.0,364302000.0,27481000.0,0.53,173123000.0,0.47521836278691854,1327560000.0,902233000.0,318097000.0,227728000.0,423433000.0,0.0,499957000.0,992810000.0,1016181000.0,31.806846224353098,1.3968286728026418,0.02719349784567176,0.04001294565816147,0.014969428826669256,31.806846224353098,0.016944625168886528,2.7252389501018386,16.235119047619047,1.1003920273366192,0.0,0.0,0.0,0.27441471571906356,1.276922468910279,0.011515863689776733,27.59798743536999,0.47521836278691854,-0.3116883116883117,0.5687807597582134,1.1409195564220151,2.323082545136501,-0.10548778282413364,-0.3081726853108879,-0.28731846473029043,-0.1426279952861071,0.5785508717305892,0.7783826277440573,Medical Care Facilities,Healthcare,AMED
2010Q4,2010,Q4,2011-02-22,2010-12-31,22098000.0,394323000.0,38560000.0,0.77,193539000.0,0.4908133687357826,1299825000.0,877857000.0,293930000.0,216304000.0,420110000.0,0.0,484669000.0,950261000.0,1011832000.0,30.94750757949658,1.3588745469339447,0.02860231184967207,0.042350861245054716,0.021491698910002806,30.94750757949658,0.02517266479620257,2.4098543579755685,10.750531722327812,1.0824781257084013,0.005385102724228437,0.0,0.0001252287529426126,0.30336622237608907,1.2105370219690805,0.01700075010097513,131.45123806888918,0.4908133687357826,0.013157894736842117,1.2620002990606818,1.4790046477208143,2.4068363000925097,-0.024392825817378942,0.021447721179624665,0.03977349332614265,0.2206764621475252,0.8768765288403643,0.8134200451809958,Medical Care Facilities,Healthcare,AMED
2010Q3,2010,Q3,2010-10-26,2010-09-30,21634000.0,404680000.0,37085000.0,0.76,198378000.0,0.49020954828506474,1263922000.0,848221000.0,282257000.0,218627000.0,415701000.0,0.0,0.0,668684800.0,733384800.0,30.190098234624145,1.2910436496864524,0.0,0.0,0.026669624891979125,30.190098234624145,0.025505145475058975,1.6523791637837304,7.727244152722567,0.7883379449459517,0.0,0.0,0.0,0.32017798566683703,0.5854720597181501,0.017116562572690404,19.93099254843517,0.49020954828506474,-0.327433628318584,1.0760450622809425,1.686656728653415,2.462073996957203,-0.06885335160786117,-0.3281783740140364,-0.339278078677309,-0.013538595948494311,1.0619952907655288,0.8434489791947857,Medical Care Facilities,Healthcare,AMED
2010Q2,2010,Q2,2010-08-09,2010-06-30,32202000.0,422349000.0,56128000.0,1.13,213047000.0,0.5044335371931744,1269220000.0,826189000.0,290371000.0,238237000.0,441699000.0,0.0,440937000.0,1236101880.0,1324196880.0,29.395467160037004,1.2188325071252577,0.032912339862277616,0.05056107016675361,0.03195408198546348,29.395467160037004,0.03897655379096066,2.926730926319229,9.596468231786845,1.4961490409579405,0.0,0.0,0.0,0.33276264162241376,1.1244349114537204,0.025371488000504247,30.556494697550242,0.5044335371931744,-0.1240310077519381,1.9875988033502066,2.881173686968351,2.5845978962195897,0.01982719417917235,-0.12126835125252415,-0.09051430793661082,0.9796305085297019,1.2855711156807814,0.8967381343090097,Medical Care Facilities,Healthcare,AMED
2010Q1,2010,Q1,2010-04-27,2010-03-31,36646000.0,412967000.0,61714000.0,1.29,208905000.0,0.5058636646511707,1222445000.0,783062000.0,261108000.0,238623000.0,438030000.0,0.0,408735000.0,1536275620.0,1657675620.0,28.146436145357825,1.0942281339183566,0.0331965855314554,0.05182348268719463,0.03665504147845357,28.146436145357825,0.046798337807223436,3.720092937208058,10.480513698630137,1.9618824818469034,0.0,0.0,0.0,0.33782051544241254,0.9745581943065003,0.029977626805295945,26.17432139571336,0.5058636646511707,-0.030075187969924838,2.801462749794231,3.324224777473646,2.637013253195884,0.003853860828532025,-0.030349535628290954,-0.02898231480898735,1.5454405989135784,1.4775447151869747,0.8987842723229789,Medical Care Facilities,Healthcare,AMED
2009Q4,2009,Q4,2010-02-23,2009-12-31,37793000.0,405472000.0,63556000.0,1.33,208103000.0,0.5132364256964722,1172351000.0,735166000.0,218036000.0,229306000.0,436016000.0,0.0,372089000.0,1352100600.0,1532768600.0,26.424858919521224,0.9508517003480066,0.03774808056631504,0.060195928538588565,0.03956635568974213,26.424858919521224,0.05140743723186328,3.334633710835767,8.94412060434472,1.839177274248265,0.0,0.0,0.0,0.34586228868316743,0.8057094014112147,0.0322369324545294,73.57970178493687,0.5132364256964722,0.031007751937984523,3.5427598553124606,3.6466353975200914,2.652007766233253,0.016932339057262092,0.05155815247634947,0.04646491256956565,2.0655959360688416,1.5942502220658952,0.8608840861384728,Medical Care Facilities,Healthcare,AMED
2009Q3,2009,Q3,2009-10-27,2009-09-30,35940000.0,388257000.0,60734000.0,1.29,204638000.0,0.52706841087218,1130940000.0,685135000.0,200909000.0,232584000.0,444792000.0,0.0,334296000.0,1192844200.0,1370903200.0,25.059802487198244,0.8638126440339834,0.03871027640723646,0.06389835579849226,0.038910268086091646,25.059802487198244,0.05245681508023966,3.0723057150289628,8.2974693934335,1.741035270421158,0.0,0.0,0.0,0.34330468459865243,0.8004462903725106,0.03177887421083347,15.355477459385702,0.52706841087218,0.015748031496063006,3.281709981800645,3.1009045471529237,2.002337636125262,0.025985811335890303,0.024427785537154748,0.0200537453812563,1.6726217333985585,1.2245951613076969,1.3212992340207128,Medical Care Facilities,Healthcare,AMED
2009Q2,2009,Q2,2009-07-28,2009-06-30,35083000.0,377892000.0,59540000.0,1.27,199455000.0,0.5278095328824108,1083398000.0,641969000.0,173196000.0,217263000.0,440556000.0,0.0,298357000.0,895634480.0000001,1136435480.0,23.66793245833948,0.7971720909680894,0.041346762685550466,0.06977751262132595,0.0391178011647252,23.66793245833948,0.054649056262841354,2.3700805521154193,6.382254083174187,1.3951366499005404,0.0,0.0,0.0,0.3488025637854233,0.7142357419348899,0.03238237471363248,14.211683089763731,0.5278095328824108,0.2828282828282829,3.269090517383475,3.009533347061444,5.046318159190783,0.12814552118507458,0.2983124861224188,0.2689955028879558,2.0433113243410688,1.2328123155123103,1.3355225410386249,Medical Care Facilities,Healthcare,AMED
2009Q1,2009,Q1,2009-04-28,2009-03-31,27022000.0,341838000.0,46919000.0,0.99,176799000.0,0.517201130359995,1086401000.0,597294000.0,198871000.0,197316000.0,488299000.0,0.0,263274000.0,738216460.0,1023426460.0,22.242273031950546,1.0078807597964685,0.03907489039498307,0.07107220229903531,0.03010779288819699,22.242273031950546,0.04524070223374084,2.1595506058425338,6.829772592702242,1.235934832762425,0.0,0.0,0.0,0.31465177222775015,0.9123233797563299,0.02487295206834309,15.70439423915587,0.517201130359995,0.020618556701030948,2.8160965078355824,3.304457965803706,5.1834905790895895,-0.007343900015159426,0.025853232603166167,0.001002730841440519,1.9289919891837275,1.1220140088117134,1.3238050310075484,Medical Care Facilities,Healthcare,AMED
2008Q4,2008,Q4,2009-02-17,2008-12-31,26341000.0,340096000.0,46872000.0,0.97,178107000.0,0.5236962504704554,1070194000.0,561335000.0,194350000.0,204627000.0,508076000.0,0.0,236252000.0,1110144360.0,1435871360.0,20.90321739778059,0.9497769111603063,0.03983576809438289,0.07594751797055234,0.03167371757203415,20.90321739778059,0.04692563264360854,3.2642088116296577,10.536277665995977,1.9776859807423377,0.0,0.0,0.0,0.31778911113312164,0.8725388145259423,0.02461329441204118,21.597298937784522,0.5236962504704554,0.11494252873563215,3.6689863350794747,3.81556174754697,5.510055096665211,0.04498970306091916,0.12122759971055208,0.0741097208854668,1.8481382155191335,1.2584780278213485,1.301117129919211,Medical Care Facilities,Healthcare,AMED
2008Q3,2008,Q3,2008-10-28,2008-09-30,23493000.0,321561000.0,43638000.0,0.87,170439000.0,0.5300362917144803,1050723000.0,528288000.0,200463000.0,192908000.0,521657000.0,0.0,209911000.0,1292480520.0,1646547520.0,19.893357433348395,1.0391637464490846,0.3423652094795679,0.6809372917802411,0.029870820831220293,19.893357433348395,0.044470061784481194,4.019394516126023,13.753889669263184,2.446545293476286,0.0,0.0,0.0,0.30603784251415456,0.9612457751881726,0.02235889002144238,63.647043876495786,0.5300362917144803,0.14473684210526314,3.8116902375960615,3.23269699908976,9.152340096552015,0.03978842951005692,0.15252158555729983,0.126054757051067,1.3851750817713748,1.2586328698173925,1.281286895687645,Medical Care Facilities,Healthcare,AMED
2008Q2,2008,Q2,2008-07-29,2008-06-30,20384000.0,312671000.0,38753000.0,0.76,163917000.0,0.5242475317506261,1022450000.0,495958000.0,177074000.0,179029000.0,525685000.0,0.0,186418000.0,1328113220.0,1705650220.0,18.828366424964884,0.9890799814555183,0.3708709472345836,0.7645748228680654,0.026768631383372876,18.828366424964884,0.04110025445703064,4.247637996488321,16.288672733516485,2.677874376459297,0.0,0.0,0.0,0.30580566286859995,0.913393919420876,0.01993642720915448,52.01352001253231,0.5242475317506261,0.22580645161290325,5.458475753100393,3.65885464587049,10.25451953176905,0.4593879931267194,0.23809523809523808,0.3920899489905884,1.0178813451074527,2.0658153500288323,1.2960044250610139,Medical Care Facilities,Healthcare,AMED
2008Q1,2008,Q1,2008-04-30,2008-03-31,16464000.0,213087000.0,27838000.0,0.62,112319000.0,0.5271039528455513,1037747000.0,468433000.0,183874000.0,173162000.0,568509000.0,0.0,166034000.0,1030353940.0000001,1422545940.0,17.885265931045016,1.0618611473648953,0.40224447770024874,0.8911156985097122,0.018983768216862266,17.885265931045016,0.035146968723382,4.835367432081733,15.645559098639458,2.1995759051988224,0.0,0.0,0.0,0.20533617538764265,0.977708735172844,0.01586513861278327,50.54967080410146,0.5271039528455513,-0.015873015873015886,5.803511144930198,2.249882843255321,10.64662537575385,0.05718965014165639,-0.015016452288363746,0.06687617368642931,0.8141791654201438,1.3701210254266585,1.3110900752126669,Medical Care Facilities,Healthcare,AMED
2007Q4,2007,Q4,2008-02-27,2007-12-31,16715000.0,193986000.0,26093000.0,0.63,106243000.0,0.5476838534739621,587111000.0,446971000.0,164513000.0,101736000.0,139291000.0,0.0,149570000.0,1270787320.0,1238637320.0,17.065824138062695,1.6170578752850515,0.04094626058786158,0.05378424998489835,0.03452590391819529,17.065824138062695,0.03739616216712046,6.550922850102585,19.00669039784625,2.843109105512438,0.0,0.0,0.0,0.33040770825278354,1.4989679169615475,0.02846991454767497,219.97357105764237,0.5476838534739621,-0.18181818181818182,2.295106240746951,1.9097760287012102,11.51107006482584,0.04559590591477217,-0.17317965967550455,0.01387161952129313,1.1342016354247408,1.3613957154390444,1.3585564819547236,Medical Care Facilities,Healthcare,AMED
2007Q3,2007,Q3,2007-10-30,2007-09-30,20216000.0,180910000.0,25736000.0,0.77,101610000.0,0.561660494168371,564727000.0,424147000.0,169881000.0,107167000.0,139749000.0,0.0,132855000.0,1012650900.0,969739900.0,16.37696436155836,1.5851988018699785,0.04193353602714232,0.05583205822509649,0.03795170627119768,16.37696436155836,0.04766272070767918,5.5975396606047205,12.522889048278591,2.387499852645427,0.0,0.0,0.0,0.32034947859762325,1.4290313249414466,0.03579782797705794,50.97150551165249,0.561660494168371,0.3508771929824563,6.73336856503941,1.551279842128379,7.845092181943363,0.07183544303797468,0.3552322853120601,0.07050455471902167,1.542435348672013,1.0171512072140156,0.9620735835131493,Medical Care Facilities,Healthcare,AMED
2007Q2,2007,Q2,2007-07-31,2007-06-30,14917000.0,169457000.0,24041000.0,0.57,94800000.0,0.5594339566969792,518671000.0,399443000.0,181757000.0,91484000.0,119228000.0,0.0,112639000.0,936369420.0,860329420.0,15.4979048653682,1.986762712605483,0.029500396204916027,0.03830584088343018,0.035636209954712554,15.4979048653682,0.03734450221934043,5.525705164141936,15.692991553261377,2.3441878315554407,0.0,0.0,0.0,0.32671385136242437,1.8186240216868523,0.028760042493218244,85.13223202109283,0.5594339566969792,0.1176470588235293,2.965695706563354,1.276235782511072,7.548937446089062,0.09535859128565982,0.12453825857519789,0.16184999033442876,0.9102580610565784,0.8921586913048561,2.959165583298323,Medical Care Facilities,Healthcare,AMED
2007Q1,2007,Q1,2007-05-01,2007-03-31,13265000.0,153581000.0,20692000.0,0.51,86547000.0,0.5635267383335179,483115000.0,379983000.0,190312000.0,82735000.0,103132000.0,0.0,97722000.0,831310620.0,730161620.0,14.823398611219474,2.3002598658367077,0.013110750028461132,0.016669166778513777,0.03272699128110229,14.823398611219474,0.03490945647568444,5.412848073654945,15.667369393139841,2.1877573996731434,0.0,0.0,0.0,0.3178973950301688,2.1201788843899196,0.027457230680065822,29.89358193390629,0.5635267383335179,0.15909090909090912,1.4181707866246736,0.8160930126589377,20.709858940704276,0.07029172798436863,0.16779646095607006,0.08437270726338958,0.9624640901109391,1.0259476912331469,3.1209972349002824,Medical Care Facilities,Healthcare,AMED
