Quarters,Year,Quarter,FillingDate,Date,NetIncome,Revenue,OperatingIncome,EPSDiluted,GrossProfit,GrossProfitRatio,TotalAssets,CommonStockEquity,CurrentAssets,CurrentLiability,TotalLiability,Inventory,RetainedEarnings,MarketCap,EnterpriseValue,bookValuePerShare,currentRatio,debtToAssets,debtToEquity,roic,shareholdersEquityPerShare,roe,priceToSalesRatio,peRatio,pbRatio,payoutRatio,inventoryTurnover,dividendYield,assetTurnover,quickRatio,returnOnAssets,priceToFreeCashFlowsRatio,grossProfitMargin,epsdilutedGrowth,fiveYNetIncomeGrowthPerShare,fiveYRevenueGrowthPerShare,fiveYShareholdersEquityGrowthPerShare,grossProfitGrowth,netIncomeGrowth,operatingIncomeGrowth,threeYNetIncomeGrowthPerShare,threeYRevenueGrowthPerShare,threeYShareholdersEquityGrowthPerShare,Industry,Sector,Symbol
2023Q1,2023,Q1,2023-05-05,2023-03-31,14162000.0,84628000.0,53513000.0,0.15,-10727000.0,-0.1267547384,6170249000.0,1737506000.0,430324000.0,12109000.0,4346957000.0,0.0,-1079047000.0,1589776740.0,3931404740.0,19.02781610705916,35.537534065571066,0.4164144753315466,1.4787753250924025,0.012387750353052226,19.02781610705916,0.008150763220386001,18.78546982086307,28.06412830108742,0.9149762590747887,3.4000847337946616,0.0,0.030288529696314466,0.013715491870749462,41.86877529110579,0.002295207211248687,-139.4051858996843,-0.12675473838445905,2.3636363636363638,0.9864013553172963,7.982149968311344,6.605664982464985,0.8240927502008822,1.3276951199759355,3.1264006993562745,1.0999601325622872,0.6692717539262738,2.6066483134283915,REIT—Mortgage,Real Estate,NYMTL
2022Q4,2022,Q4,2023-02-24,2022-12-31,-43217000.0,25829000.0,-25166000.0,-0.11,-60981000.0,-2.3609508692,6240745000.0,1767216000.0,419054000.0,10629000.0,4376634000.0,0.0,-1052768000.0,6285890260.000001,8680980260.0,4.686605954205761,39.42553391664315,0.42299565196142447,1.4937664665779395,-0.005807631792905525,4.686605954205761,-0.02445484875646214,243.36560687599214,-36.362370479209574,3.556945081982056,-1.1097253395654487,0.0,0.007629627310738319,0.004138768688674189,39.42553391664315,-0.006924974502242921,747.2527650974799,-2.3609508691780556,0.6451612903225807,-2.420072381233555,-0.3331702997502349,0.8293129419252041,-0.5453094115858294,0.6334249410487387,0.7229665019099305,-1.6639524758536166,-0.611030149399988,-0.19398892689906777,REIT—Mortgage,Real Estate,NYMTL
2022Q3,2022,Q3,2022-11-04,2022-09-30,-117894000.0,14221000.0,-90841000.0,-0.31,-39462000.0,-2.7749103439,6769469000.0,1917506000.0,457962000.0,97210000.0,4787563000.0,0.0,-965788000.0,5411069300.0,7555568300.0,5.0851707073868,4.7110585330727295,0.3836320101325525,1.3543556056669444,-0.020027368892144636,5.0851707073868,-0.061482988840712884,380.49850924688843,-11.474437418358864,2.8219308309856657,-0.4116579300049197,0.0,0.008969022074805067,0.0021007556131802953,5.504804032506944,-0.01741554618242583,-28.263763717752507,-2.7749103438576754,-0.2916666666666667,-5.259403612428228,-0.6202645087699526,1.290876188511119,0.115796549406229,-0.29813473100046245,-0.04186211879666479,-3.8662629253501537,-0.7105932226384264,0.04413034593861204,REIT—Mortgage,Real Estate,NYMTL
2022Q2,2022,Q2,2022-08-04,2022-06-30,-90818000.0,26129000.0,-87191000.0,-0.24,-44630000.0,-1.7080638371,7299536000.0,2092991000.0,547610000.0,97039000.0,5135364000.0,0.0,-802448000.0,7513452000.0,10316770000.0,5.490532528856243,5.643195004070528,0.45310564945497905,1.580255720163154,-0.01613427537326939,5.490532528856243,-0.043391490933310274,287.55222166940945,-20.68271708251668,3.5898157230489764,-0.5353344050738841,0.0,0.006470793983910457,0.0035795425901043575,6.520646338070261,-0.012441612727165124,-56.271266158385885,-1.7080638371158483,-0.04347826086956513,-7.304150293276168,0.3155537208049778,1.4843258049639725,-2.4936912212590783,-0.023658968202977942,-0.9268729281767956,-4.975205568700556,-0.21101106652171422,0.3630269872948243,REIT—Mortgage,Real Estate,NYMTL
2022Q1,2022,Q1,2022-05-05,2022-03-31,-88719000.0,29879000.0,-45250000.0,-0.23,29879000.0,1.0,6541752000.0,2217618000.0,449542000.0,8125000.0,4238390000.0,0.0,-681915000.0,8762092950.0,11581690950.0,5.823653146706233,55.32824615384615,0.4774500775938923,1.4084301263788443,-0.00845542195373496,5.823653146706233,-0.04000643934167201,293.25255028615413,-24.69057628580124,3.9511281699553304,-0.5415750853819362,0.0,0.005483621353274961,0.004567430865615205,65.21156923076923,-0.013561963217193192,229.48229401288566,1.0,-3.5027203482045706,-5.607517814899564,-0.022004122944666662,1.6138042688159362,-0.48687961531856433,-3.5435493119266055,-1.768460023096257,-3.002342751883899,-0.49012805306486906,0.6018936386935169,REIT—Mortgage,Real Estate,NYMTL
2021Q4,2021,Q4,2022-02-25,2021-12-31,34880000.0,58230000.0,58884000.0,0.0919,58230000.0,1.0,5617339000.0,2341031000.0,529233000.0,137898000.0,3276308000.0,0.0,-559338000.0,9312944300.0,11672419300.0,6.1712289044829785,3.837858417090893,0.47158930589732967,1.1315856133472817,0.011419706781524002,6.1712289044829785,0.014899418247772028,159.9337849905547,66.74988747133028,3.9781379657082714,1.4317373853211008,0.0,0.00536232134449682,0.010366118192261495,3.556585302179872,0.006209345741818324,93.70667612492957,1.0,-0.0810000000000001,1.704504923625649,1.8667782591571487,1.7604056245025497,-0.21322506113956033,-0.32371645726694587,-0.2051617780057503,2.6329549005311947,1.276298815527149,0.9849523778838026,REIT—Mortgage,Real Estate,NYMTL
2021Q3,2021,Q3,2021-11-04,2021-09-30,51576000.0,74011000.0,74083000.0,0.1,74011000.0,1.0,4908183000.0,2357793000.0,856878000.0,0.0,2550390000.0,0.0,-543756000.0,9407780800.0,11093573800.0,6.215415478217775,0.0,0.42675222174886307,0.8883638215907843,0.016253168801865867,6.215415478217775,0.021874693834446027,127.11327775600924,45.60154335349775,3.9900791969439218,0.9419303552039708,0.0,0.005163917084462683,0.015079103611254918,0.0,0.010508165649080322,-1440.4809064461797,1.0,-0.28571428571428575,1.2166064981949458,1.3001926902038785,1.7416516471121757,0.019421220093387145,-0.03125469571750564,0.0015818078576643323,0.5181467636063933,0.7185482747410952,1.1285617946488784,REIT—Mortgage,Real Estate,NYMTL
2021Q2,2021,Q2,2021-08-06,2021-06-30,53240000.0,72601000.0,73966000.0,0.14,72601000.0,1.0,4780927000.0,2321161000.0,932334000.0,0.0,2454568000.0,0.0,-542600000.0,9582279960.0,11167132960.0,6.11884928271288,0.0,0.3994580967247565,0.8227692951932244,0.017477083880291452,6.11884928271288,0.022936797576729923,131.98550929050563,44.99567975206612,4.128227193202023,0.9057663410969196,0.0,0.005032518377807863,0.01518554874399881,0.0,0.011135915691663981,204.97732437751347,1.0,0.0,2.6882577069622444,1.7198516464990818,1.6866315495846487,0.058863851819441405,0.019767085504137298,0.02769093965792728,0.7929548056846499,1.005718705970108,1.2846814906389676,REIT—Mortgage,Real Estate,NYMTL
2021Q1,2021,Q1,2021-05-07,2021-03-31,52208000.0,68565000.0,71973000.0,0.14,68565000.0,1.0,4726174000.0,2308853000.0,887272000.0,0.0,2411823000.0,0.0,-547491000.0,9582279960.0,10998366960.0,6.086403968936011,0.0,0.36119364204534155,0.7393558619799528,0.017898679495894347,6.086403968936011,0.022612093537353828,139.75468475169546,45.88511320104199,4.150233886696121,0.921410511798958,0.0,0.005020203980765346,0.014507506494682592,0.0,0.01104656747720249,394.07303668366507,1.0,1.1573033707865168,2.0799362869447227,1.6516997331476968,1.6386650179198365,-0.1545518440424666,-0.35080018403611085,-0.2855852457714603,0.7627118644067798,0.7517436958687819,1.4328146370144335,REIT—Mortgage,Real Estate,NYMTL
2020Q4,2020,Q4,2021-02-26,2020-12-31,80419000.0,81099000.0,100744000.0,-0.89,81099000.0,1.0,4649216000.0,2301202000.0,1017909000.0,0.0,2348014000.0,0.0,-551268000.0,9582279960.0,11093081960.0,6.066235046632889,0.0,0.3880191843097847,0.7839316148690988,0.0245210391428231,6.066235046632889,0.03494651925385081,118.15534050974735,29.78860704559868,4.164032518657641,0.4803342493689302,0.0,0.004031190923376027,0.017443586187434613,0.0,0.01729732496833875,280.4870754910283,1.0,-4.296296296296297,18.115521749465177,4.9482910371131,1.6134401482750083,-0.23671529411764705,-0.20879369545754173,-0.16532171204162455,1.6266984583224455,1.0812225729463392,1.3678206335242034,REIT—Mortgage,Real Estate,NYMTL
2020Q3,2020,Q3,2020-11-06,2020-09-30,101641000.0,106250000.0,120698000.0,0.27,106250000.0,1.0,4621113000.0,2253383000.0,1396464000.0,0.0,2367730000.0,0.0,-583616000.0,9582279960.0,10547768960.0,5.940178623209419,0.0,0.34955020576211837,0.7168381939510505,0.03143331676657286,5.940178623209419,0.04510595846334156,90.18616432941177,23.568933698015567,4.252397377631765,0.3884259304808099,0.0,0.0041201050443948825,0.022992296444601115,0.0,0.021994917674594845,251.239642370215,1.0,-0.12903225806451607,2.96539481897628,1.6812526812526816,1.474483005508166,-0.18648454129213052,-0.13726838294585486,-0.1328169904586734,2.6502424133596696,1.8201725282017256,1.6760583953741632,REIT—Mortgage,Real Estate,NYMTL
2020Q2,2020,Q2,2020-08-07,2020-06-30,117813000.0,130606000.0,139184000.0,0.31,130606000.0,1.0,4616730000.0,2164705000.0,1463363000.0,0.0,2453789000.0,0.0,-646629000.0,9582279960.0,10623630960.0,5.706413142619139,0.0,0.30607118025095686,0.6527670052039424,0.03827194781769687,5.706413142619139,0.054424505879554025,73.3678388435447,20.3336642815309,4.426598524972225,0.0,0.0,0.0,0.028289720213224512,0.0,0.025518711295657318,524.0514060705497,1.0,1.2,3.7831188339896884,2.7252139189960065,1.3750149487245034,1.2375298035285922,1.2001692245742626,1.3272799952971606,7.2179827008928585,5.607943334176575,1.582006271611594,REIT—Mortgage,Real Estate,NYMTL
2020Q1,2020,Q1,2020-05-26,2020-03-31,-588567000.0,210613000.0,-425275000.0,-1.55,-549851000.0,1.0,4718301000.0,2001339000.0,1550414000.0,0.0,2717850000.0,0.0,-724962000.0,9582279960.0,10662251960.0,5.27576144206081,0.0,0.26545254319298406,0.6258235111592788,-0.13064701048524033,5.27576144206081,-0.2940866090152643,45.4970963805653,-4.070173811987421,4.787934457880449,-0.11629771971585223,0.0,0.007143289518332962,0.0446374659013912,0.0,-0.1247412998873959,475.14652452025587,-2.610717287157013,-10.117647058823529,-25.999660196236672,5.005503279155974,1.4003806855458234,-9.230932742541503,-9.988225771967869,-2.9235901286388883,-31.683296840788238,5.920091999342862,1.3678964785724514,REIT—Mortgage,Real Estate,NYMTL
2019Q4,2019,Q4,2020-02-28,2019-12-31,65482000.0,66803000.0,221084000.0,0.17,66803000.0,1.0,23484073000.0,2205733000.0,2294117000.0,0.0,21278340000.0,0.0,-148863000.0,9582279960.0,27459180960.0,5.814567703363156,0.0,0.7662922866914951,8.158586737379366,0.010972903956369923,5.814567703363156,0.029687183353560926,143.4408628355014,36.58364115329404,4.344261050634869,0.9020646895330015,0.0,0.006164399312749781,0.0028446087695264788,0.0,0.0027883578798277454,1098.5073896595209,1.0,0.5454545454545455,0.5599866590432628,0.14943735159503063,1.6967357722632945,0.35135736537605694,0.5824935353681819,0.17085312700253677,4.07730479956579,2.2888440330838913,1.600870206054889,REIT—Mortgage,Real Estate,NYMTL
2019Q3,2019,Q3,2019-11-07,2019-09-30,41379000.0,49434000.0,188823000.0,0.11,49434000.0,1.0,19759758000.0,1847508000.0,2175566000.0,0.0,17912250000.0,0.0,-145896000.0,9582279960.0,24715021960.0,4.87024510605094,0.0,0.7691717681967563,8.226566813242487,0.011127585648665762,4.87024510605094,0.02239719665625264,193.83986648865152,57.8933756253172,5.186597275898129,1.1699654414074772,0.0,0.005052242284935286,0.0025017512866301298,0.0,0.002094104593791078,493.60119301499,1.0,0.8333333333333334,0.04163624921334163,-0.11593969633564023,1.6080858074161073,0.5,0.8200571805586101,0.15018152136835436,0.7783651366683858,0.536362506215813,1.1482900963964695,REIT—Mortgage,Real Estate,NYMTL
2019Q2,2019,Q2,2019-08-06,2019-06-30,22735000.0,32956000.0,164168000.0,0.06,32956000.0,1.0,18265484000.0,1528078000.0,2014707000.0,0.0,16737802000.0,0.0,-128207000.0,9582279960.0,23446117960.0,4.0281906228087285,0.0,0.7664089820997899,9.161070966272664,0.010637946574009072,4.0281906228087285,0.014878167213977297,290.7597997329773,105.36925401363537,6.270805521707662,1.9129535957774357,0.0,0.004538690184543512,0.0018042774010258913,0.0,0.0012446973756622052,-7803.159576547231,1.0,-0.5,-0.28459045281475187,-0.18741524274477894,1.2010549544255078,-0.4354722669498784,-0.4849226307800358,-0.01098848137259627,0.57499134049186,0.23463080208294307,0.768676349906883,REIT—Mortgage,Real Estate,NYMTL
2019Q1,2019,Q1,2019-05-07,2019-03-31,44139000.0,58378000.0,165992000.0,0.12,58378000.0,1.0,17555141000.0,1379105000.0,1781459000.0,0.0,16175689000.0,0.0,-102530000.0,9582279960.0,23293649960.0,3.6354805375567425,0.0,0.7847689175495657,9.989615729041661,0.010934106043139493,3.6354805375567425,0.03200553982474141,164.14197060536503,54.27331815401346,6.948187382396554,0.8392351435238677,0.0,0.003865781437677803,0.0033254076398474956,0.0,0.0025143062080788758,1188.1314271543708,1.0,3.8,0.9435075514068073,0.7277220397170676,1.4372616384078947,1.2820843594855558,3.597333611082179,0.4290806091964908,1.60391717302814,1.2577251808021037,0.5761055898917498,REIT—Mortgage,Real Estate,NYMTL
2018Q4,2018,Q4,2019-02-25,2018-12-31,9601000.0,25581000.0,116153000.0,0.025,25581000.0,1.0,14736734000.0,1179389000.0,1730797000.0,0.0,13557345000.0,0.0,-103178000.0,9582279960.0,20803167960.0,3.1090060261608135,0.0,0.7684614514993621,9.602100748777545,0.009815716965178214,3.1090060261608135,0.00814065588198635,374.5858238536414,249.51254973440268,8.124783222499108,3.5587959587542963,0.0,0.0035657484588876485,0.0017358663052478248,0.0,0.0006515012077981457,1935.8141333333333,1.0,-0.7222222222222223,-0.5877098810495126,-0.15038692749676186,1.4536559690096655,-0.40600473691543215,-0.717393224030848,-0.06452704063141787,1.2821487996196812,0.8762652193046795,0.3394141683493729,REIT—Mortgage,Real Estate,NYMTL
2018Q3,2018,Q3,2018-11-06,2018-09-30,33973000.0,43066000.0,124165000.0,0.09,43066000.0,1.0,12325915000.0,1107693000.0,1447318000.0,0.0,11218222000.0,0.0,-75736000.0,9582279960.0,19346959960.0,2.9200070647904552,0.0,0.7968699281148701,8.867214110768959,0.011511899033087358,2.9200070647904552,0.03067005027566302,222.50220498769332,70.51393724428223,8.650664001668332,0.9062490801518853,0.0,0.0032130140351273972,0.0034939393951686345,0.0,0.002756225399899318,1177.1842702702702,1.0,0.1538461538461538,0.8477646035026649,0.8006438934648994,1.3188872118120178,0.18976710777136227,0.14410318582878695,0.035536762743528155,0.32541354556804,0.08678426325485145,0.216378886243642,REIT—Mortgage,Real Estate,NYMTL
2018Q2,2018,Q2,2018-08-06,2018-06-30,29694000.0,36197000.0,119904000.0,0.078,36197000.0,1.0,11640873000.0,1015967000.0,1473945000.0,0.0,10624672000.0,0.0,-75541000.0,9582279960.0,18666885960.0,2.678206703115362,0.0,0.7876834495144823,9.025217354500688,0.011777596916751093,2.678206703115362,0.029227327265550947,264.7258049009586,80.67522024651444,9.431684257461118,0.9546709773018118,0.0,0.002958377350519406,0.0031094746931780806,0.0,0.0025508396148639367,2686.3694869638352,1.0,0.0,1.495294117647059,1.114681310977391,1.146433340093973,-0.0752152474387471,0.0025660071578094404,0.0103304740558486,0.20555397669603362,0.03243011979463769,0.1146723513877354,REIT—Mortgage,Real Estate,NYMTL
2018Q1,2018,Q1,2018-05-08,2018-03-31,29618000.0,39141000.0,118678000.0,0.078,39141000.0,1.0,11765879000.0,949046000.0,1564897000.0,0.0,10815092000.0,0.0,-74447000.0,9582279960.0,18813934960.0,2.5017951948880444,0.0,0.7901789573052723,9.796311243079893,0.011611228424262128,2.5017951948880444,0.031208181689823256,244.81438798191155,80.88223343912487,10.096749746587626,0.9577621716523735,0.0,0.002960360177161845,0.0033266532827679086,0.0,0.0025172789895255595,1356.68695455189,1.0,-0.03703703703703707,0.925372164077228,0.9836306507196433,1.8894863113795795,0.004465316806528601,-0.03259733472694016,-0.0034093581001645896,0.2580384827761967,0.11608212147134307,0.1382737697584075,REIT—Mortgage,Real Estate,NYMTL
2017Q4,2017,Q4,2018-02-27,2017-12-31,30616000.0,38967000.0,119084000.0,0.081,38967000.0,1.0,12052149000.0,971865000.0,1626094000.0,0.0,11080284000.0,0.0,-75717000.0,9582279960.0,19059265960.0,2.5619487222746518,0.0,0.7942298921130165,9.849286680763274,0.010881318860744588,2.5619487222746518,0.03150231770873527,245.90756178304719,78.2456882022472,9.85968211634332,0.8360334465638881,0.0,0.002671180565256622,0.0032331993240375637,0.0,0.002540293851328921,3149.993412228797,1.0,0.10958904109589052,2.2604898828541007,2.1414866172202514,2.0181580467444706,0.03429329794293298,0.0995151732806608,0.11906328114721747,-0.27063083666857246,-0.3295192539316563,0.1882050598647556,REIT—Mortgage,Real Estate,NYMTL
2017Q3,2017,Q3,2017-11-07,2017-09-30,27845000.0,37675000.0,106414000.0,0.073,37675000.0,1.0,10260970000.0,842053000.0,901270000.0,0.0,9418917000.0,0.0,-77966000.0,9582279960.0,17876847960.0,2.219749252661159,0.0,0.8182922277328557,9.971429351834148,0.011304134849793179,2.219749252661159,0.03306798978211585,254.34054306569342,86.03232142215838,11.379663702878561,0.9194828514993715,0.0,0.002671911080335415,0.003671680162791627,0.0,0.0027136810652404206,626.6614322150284,1.0,0.9210526315789473,2.518892960950335,2.1229277188328908,2.792792346428603,0.9061472299519352,0.9423130580357143,0.1436094184909351,-0.29905601006922594,-0.3262335246883774,0.18870742556576506,REIT—Mortgage,Real Estate,NYMTL
2017Q2,2017,Q2,2017-08-07,2017-06-30,14336000.0,19765000.0,93051000.0,0.038,19765000.0,1.0,10406574000.0,838381000.0,988166000.0,0.0,9563131000.0,0.0,-80217000.0,9582279960.0,17997759960.0,2.2100694352912647,0.0,0.8159141519581756,10.127699697392952,0.009615429793819996,2.2100694352912647,0.01709962415655889,484.81052162914244,167.10170131138395,11.429505153384916,1.7852957589285714,0.0,0.002670971846662681,0.0018992802049934974,0.0,0.0013775907421597156,2598.9367941415785,1.0,-0.2549019607843137,1.7907338913762896,1.5424491896063801,6.4198918497933475,-0.3505832101199277,-0.25263267646752163,0.09618782838159413,-0.5488844834639227,-0.5126611928890203,0.2076102487871771,REIT—Mortgage,Real Estate,NYMTL
2017Q1,2017,Q1,2017-05-09,2017-03-31,19182000.0,30435000.0,84886000.0,0.051,30435000.0,1.0,10449586000.0,845197000.0,1097169000.0,0.0,9596840000.0,0.0,-68949000.0,9582279960.0,18024440960.0,2.228037200866755,0.0,0.81488338389674,10.074803862294825,0.008519252617826887,2.228037200866755,0.0226953006222218,314.84409265648105,124.88635126681265,11.337333142450815,1.5628714419768532,0.0,0.0031285873638782725,0.0029125555787569,0.0,0.0018356708103077002,1345.6368431400085,1.0,0.4999999999999998,2.285151567049152,2.611605553577786,8.191319761625126,0.4983753446238677,0.4873226331705048,0.1046104597446875,-0.1553872572762098,-0.09926307378140803,0.4936978873961282,REIT—Mortgage,Real Estate,NYMTL
2016Q4,2016,Q4,2017-02-28,2016-12-31,12897000.0,20312000.0,76847000.0,0.034,20312000.0,1.0,8948544000.0,848075000.0,1058622000.0,0.0,8100469000.0,0.0,-62537000.0,9582279960.0,16419151960.0,2.2356239422585187,0.0,0.7733577663584154,8.160158004893436,0.00961256221580879,2.2356239422585187,0.015207381422633611,471.75462583694366,185.74629681321238,11.298859133920939,2.2890594711948515,0.0,0.0030808951651627595,0.0022698664721322263,0.0,0.0014412400497779304,1037.0432857142857,1.0,-0.44262295081967207,7.834658187599364,7.987610619469026,8.94482750533549,-0.36872202884137245,-0.4457194430118618,-0.12112582629977812,-0.4461716837720616,-0.3253844365472119,0.7643748465670548,REIT—Mortgage,Real Estate,NYMTL
2016Q3,2016,Q3,2016-11-03,2016-09-30,23268000.0,32176000.0,87438000.0,0.061,32176000.0,1.0,9358236000.0,859990000.0,1041556000.0,0.0,8498246000.0,0.0,-45456000.0,9582279960.0,16804279960.0,2.267033262509688,0.0,0.7787025247065793,8.473682252119211,0.010657566408294255,2.267033262509688,0.027056128559634414,297.80830308304326,102.9555608561114,11.142315561808859,1.268738181193055,0.0,0.003080790805865789,0.003438254816399159,0.0,0.002486366020262793,465.4303458325238,1.0,0.6052631578947368,1552.1999999999998,43.2585969738652,10.400108699974815,0.20540965796276178,0.6119154832005542,0.09430184098219091,0.26552811922114644,0.3453192290002928,0.8003362062288172,REIT—Mortgage,Real Estate,NYMTL
2016Q2,2016,Q2,2016-05-05,2016-06-30,14435000.0,26693000.0,79903000.0,0.038,26693000.0,1.0,9388142000.0,863967000.0,990862000.0,0.0,8521099000.0,0.0,-39202000.0,9582279960.0,16905764960.0,2.277517095211232,0.0,0.7853977922362061,8.534383836419678,0.00833386537524896,2.277517095211232,0.01670781407160227,358.98100475780166,165.95566262556287,11.091025421109835,2.0425355039833737,0.0,0.0030769295118778807,0.002843267602897357,0.0,0.0015375779360814951,1743.8180090991812,1.0,-0.15555555555555556,2.4624610218277767,2.383572062365319,9.606418110168555,0.03233167034072011,-0.14842782136747096,-0.015075314942188695,0.21302521008403366,0.5594438277735586,0.8253029611601257,REIT—Mortgage,Real Estate,NYMTL
2016Q1,2016,Q1,2016-03-31,2016-03-31,16951000.0,25857000.0,81126000.0,0.045,25857000.0,1.0,9252944000.0,875008000.0,1062631000.0,0.0,8377936000.0,0.0,-24115000.0,9582279960.0,16738135960.0,2.306622450216952,0.0,0.777675407956646,8.223681383484493,0.009939798489962598,2.306622450216952,0.01937239430953774,370.5874602622114,141.32322517845554,10.951076973010535,1.7391894283523095,0.0,0.003076616433986969,0.0027944619571889768,0.0,0.0018319574829373225,517.3737897521733,1.0,3.0909090909090913,5.742641209228322,4.5475219909890585,11.287539846372049,0.8965087281795511,3.029236985975755,0.17325658751048506,0.10193070272378606,0.3104094871275086,1.6640685892439593,REIT—Mortgage,Real Estate,NYMTL
2015Q4,2015,Q4,2016-02-25,2015-12-31,4207000.0,13634000.0,69146000.0,0.011,13634000.0,1.0,9059564000.0,880526000.0,1046543000.0,0.0,8179038000.0,0.0,-11583000.0,9582279960.0,16618459960.0,2.321168537430209,0.0,0.7834967554730007,8.061248617303749,0.008536498565527417,2.321168537430209,0.004777825981288457,702.8223529411765,569.4247658664132,10.882449762982581,7.007844069408129,0.0,0.0030767207932839396,0.0015049289347699294,0.0,0.0004643711330920561,1246.0702158647593,1.0,-0.8382352941176471,3.132612966601179,3.046898189373701,11.856834143706106,-0.655941655941656,-0.8358692259675405,-0.25629470287711753,-0.5519701810436635,0.09916156078684281,1.7345018415805915,REIT—Mortgage,Real Estate,NYMTL
2015Q3,2015,Q3,2015-11-05,2015-09-30,25632000.0,39627000.0,92975000.0,0.068,39627000.0,1.0,9361810000.0,910648000.0,1136134000.0,0.0,8451162000.0,0.0,13692000.0,9582279960.0,16784865960.0,2.4005736188071047,0.0,0.7825823211537085,8.04524580298864,0.01008785016640059,2.4005736188071047,0.028146989835809225,241.81189492013021,93.46012757490638,10.522485043617294,1.2728230337078652,0.0,0.0034047220636621847,0.004232835317102141,0.0,0.002737932087918896,708.3817520514526,1.0,0.04615384615384619,15.253646163601774,8.700611995104039,12.497680347429114,0.13026240730176838,0.04063984409889976,0.03413565279291705,2.239226589157083,2.2847314323607426,3.1017593485095527,REIT—Mortgage,Real Estate,NYMTL
2015Q2,2015,Q2,2015-08-06,2015-06-30,24631000.0,35060000.0,89906000.0,0.065,35060000.0,1.0,9405444000.0,911449000.0,1149319000.0,0.0,8493995000.0,0.0,17541000.0,9582279960.0,16777857960.0,2.402685147596126,0.0,0.7763630297517055,8.011461968799132,0.010446526627106174,2.402685147596126,0.0270240024400707,273.3108944666286,97.25833258901386,10.513237668810872,1.242336892533799,0.0,0.003193394487296946,0.003727628382030662,0.0,0.002618802472270315,1049.8827610386766,1.0,0.04838709677419359,14.973411154345005,7.806832454157247,13.032438840392285,-0.00028514399771884804,0.046213311812428326,-0.013885842144518054,3.794821880474985,3.5099048109081554,7.066562823587721,REIT—Mortgage,Real Estate,NYMTL
2015Q1,2015,Q1,2015-05-07,2015-03-31,23543000.0,35070000.0,91172000.0,0.062,35070000.0,1.0,9584793000.0,833759000.0,1137945000.0,0.0,8751034000.0,0.0,25536000.0,9582279960.0,16983649960.0,2.197885307871969,0.0,0.7814837524399327,8.983843052968544,0.01083994489460032,2.197885307871969,0.028237176450269203,273.2329615055603,101.75296223930681,11.492865396355542,1.2670008070339378,0.0,0.003112933469332699,0.0036589209594823802,0.0,0.0024562867450554225,1599.1788985313751,1.0,-0.4363636363636364,7.824212893553224,7.320284697508896,11.853559646039528,-0.39657249045046283,-0.4391318848866019,-0.2274737751868359,3.0320260318547696,3.1616233535065863,8.066934185915004,REIT—Mortgage,Real Estate,NYMTL
2014Q4,2014,Q4,2015-02-27,2014-12-31,41976000.0,58118000.0,118018000.0,0.11,58118000.0,1.0,10540005000.0,817927000.0,1153330000.0,0.0,9722078000.0,0.0,32593000.0,9582279960.0,17978153960.0,2.1561503218697444,0.0,0.8037445902539895,10.3572470403838,0.012202545462512072,2.1561503218697444,0.05131998332369515,164.87628548814482,57.06999213836479,11.715324179297173,0.6179245283018868,0.0,0.002706871444820529,0.005514039129962462,0.0,0.003982540805246297,1076.781656365884,1.0,0.09999999999999995,9.013358778625953,7.8271567436208995,11.985647832092338,0.039361911404402955,0.056664568911264944,0.013534635269060992,23.24483306836248,24.715929203539826,8.591301390745564,REIT—Mortgage,Real Estate,NYMTL
2014Q3,2014,Q3,2014-11-06,2014-09-30,39725000.0,55917000.0,116442000.0,0.1,55917000.0,1.0,10052252000.0,708377000.0,1131682000.0,0.0,9343875000.0,0.0,20445000.0,9582279960.0,17989490960.0,1.8673638314362087,0.0,0.8391874775920858,11.908523286329173,0.012390999925208994,1.8673638314362087,0.05607889584218573,171.3661312302162,60.3038386406545,13.527090744052956,0.6529137822529893,0.0,0.0027067670855235584,0.005562634124174364,0.0,0.00395185078925598,788.3405972850679,1.0,0.19047619047619047,12.80778588807786,10.090241967473224,11.182101153932141,0.378726237147718,0.25003933415148366,0.07834639106517753,2649.3333333333335,75.91471801925722,8.390312446147115,REIT—Mortgage,Real Estate,NYMTL
2014Q2,2014,Q2,2014-08-07,2014-06-30,31779000.0,40557000.0,107982000.0,0.084,40557000.0,1.0,10238064000.0,694248000.0,1252467000.0,0.0,9543816000.0,0.0,6658000.0,9582279960.0,18115825960.0,1.8301181507120148,0.0,0.8404595829836579,12.394243843698506,0.01141899065251101,1.8301181507120148,0.04577470874961109,236.26698128559804,75.38217030114227,13.802387561793482,0.6889455300670254,0.0,0.0022848424478718737,0.003961393482205229,0.0,0.003104004819661217,1619.9966120033812,1.0,0.40000000000000013,11.477031802120141,8.434054431263085,14.23509403322434,0.20030187339074848,0.39927788296420236,0.06750103802123494,6.62269129287599,4.140955761186462,7.52287710080165,REIT—Mortgage,Real Estate,NYMTL
2014Q1,2014,Q1,2014-05-08,2014-03-31,22711000.0,33789000.0,101154000.0,0.06,33789000.0,1.0,10071964000.0,565842000.0,1260016000.0,0.0,9506122000.0,0.0,817000.0,9582279960.0,17978848960.0,1.4916250599716354,0.0,0.8412537018599352,14.97428080630282,0.009873642743207777,1.4916250599716354,0.040136645918825396,283.5917002574802,105.48060367222932,16.93455056358489,0.8255030601910969,0.0,0.001956528099602717,0.0033547578208182635,0.0,0.0022548730317145695,905.5263617463618,1.0,-0.016393442622950834,10.056962025316455,7.01256817642874,12.629163956933304,0.12222259125178518,-0.02473483059217589,0.09855667416023198,8.033810660302308,6.249302724737181,6.94599149007878,REIT—Mortgage,Real Estate,NYMTL
2013Q4,2013,Q4,2014-03-10,2013-12-31,23287000.0,30109000.0,92079000.0,0.061,30109000.0,1.0,9898675000.0,480666000.0,1172105000.0,0.0,9418009000.0,0.0,0.0,9582279960.0,17929875960.0,1.2670912570582002,0.0,0.8465167307745733,17.432882708575185,0.010300588196138076,1.2670912570582002,0.04844736261770127,318.253012720449,102.87155880963628,19.935422850794524,0.8016060462919226,0.0,0.0019480749965481074,0.003041720230232834,0.0,0.0023525370819831946,1167.0052320058458,1.0,0.27083333333333326,5.529663489593464,2.6663346062316675,11.246891561353447,0.25889534640632184,0.2665615141955836,0.1491345205855558,21.87524557956778,7.937073315523894,6.018353848175567,REIT—Mortgage,Real Estate,NYMTL
2013Q3,2013,Q3,2013-11-08,2013-09-30,18386000.0,23917000.0,80129000.0,0.048,23917000.0,1.0,8450046000.0,477683000.0,1161804000.0,0.0,7972363000.0,0.0,-5916000.0,9582279960.0,16497865960.0,1.2592277235030815,0.0,0.8208351765185657,14.520288559567748,0.01068549167458188,1.2592277235030815,0.03848996091550254,400.6472366935652,130.29315729359297,20.059914127151274,0.9722071141085609,0.0,0.0018654224333474808,0.0028303987930953277,0.0,0.0021758461433227703,565.9606615084756,1.0,0.5483870967741936,16.867832847424683,9.961044912923922,11.527747180697615,0.3972658760296781,0.5450420168067227,0.19584813300301465,10.658845909955613,4.854834761321909,6.0802466390976315,REIT—Mortgage,Real Estate,NYMTL
2013Q2,2013,Q2,2013-08-08,2013-06-30,11900000.0,17117000.0,67006000.0,0.031,17117000.0,1.0,8562526000.0,473328000.0,1189527000.0,0.0,8089198000.0,0.0,-24301000.0,9582279960.0,16436818960.0,1.24774743901346,0.0,0.8067486160042024,14.594120778825676,0.008936082858606276,1.24774743901346,0.02514112835074198,559.8107121575042,201.30840252100842,20.24448154345401,1.1336974789915966,0.0,0.0014079112754288592,0.0019990596232934065,0.0,0.0013897768018456237,588.7729622119816,1.0,-0.2439024390243903,8.422011084718923,5.84953981592637,10.290952028816106,-0.13252584634096898,-0.22641877397126697,0.08671888937543587,6.717250324254215,3.2996734488821904,6.28723846473604,REIT—Mortgage,Real Estate,NYMTL
2013Q1,2013,Q1,2013-05-10,2013-03-31,15383000.0,19732000.0,61659000.0,0.041,19732000.0,1.0,7069690000.0,328448000.0,1214591000.0,0.0,6741242000.0,0.0,-36201000.0,9582279960.0,15146752960.0,0.865826975900629,0.0,0.7893360246347435,16.990089755455962,0.010346984013609613,0.865826975900629,0.046835419914263446,485.62132373809044,155.72840083208737,29.174420182190183,0.8700513553923162,0.0,0.0013967448306530172,0.0027910700469186062,0.0,0.0021759087032104663,806.1820595658759,1.0,0.64,1.7236334556402295,14.488226059654632,6.989297268370995,0.5907771686552725,0.6382321618743344,0.29967117743771343,4.765742128935532,3.681376037959668,4.063484722350692,REIT—Mortgage,Real Estate,NYMTL
2012Q4,2012,Q4,2013-03-18,2012-12-31,9390000.0,12404000.0,47442000.0,0.025,12404000.0,1.0,7160401000.0,322006000.0,1223542000.0,0.0,6838395000.0,0.0,-51584000.0,9582279960.0,15213645960.0,0.84884511764985,0.0,0.7908974651000691,17.587072911684874,0.008040284440263473,0.84884511764985,0.02916094731154078,772.5153144147049,255.1192747603834,29.75807891778414,0.9789137380191694,0.0,0.0009592706577527296,0.0017323052158671002,0.0,0.0013113790694124533,721.7202651201326,1.0,0.19047619047619047,1.601344860710855,2.280875671210244,16.48322293408622,0.028183023872679045,0.18665487173006445,0.07291148401103623,1.2399809160305342,0.8839611178614826,4.112261260260055,REIT—Mortgage,Real Estate,NYMTL
2012Q3,2012,Q3,2012-11-09,2012-09-30,7913000.0,12064000.0,44218000.0,0.021,12064000.0,1.0,5159548000.0,222014000.0,111757000.0,580176000.0,4937534000.0,0.0,-60974000.0,9582279960.0,14242550960.0,0.5852546224291281,0.19262603072171203,0.9111864062510903,21.175736665255343,0.008350358267487026,0.5852546224291281,0.03564189645698019,794.2871319628647,302.73853026664983,43.16070139720919,0.5926955642613421,0.0,0.0004894451027915907,0.0023381893142577605,0.19262603072171203,0.001533661475772684,3538.5081093057606,1.0,0.5000000000000001,1.381975284804016,43.847583643122675,7.883758152935056,0.5518394648829431,0.540393225618065,0.7862971640946917,1.750434480361488,1.3927013090043632,2.8180192264699313,REIT—Mortgage,Real Estate,NYMTL
2012Q2,2012,Q2,2012-08-09,2012-06-30,5137000.0,7774000.0,24754000.0,0.014,7774000.0,1.0,4577906000.0,112991000.0,71046000.0,412852000.0,4464915000.0,0.0,-68887000.0,9582279960.0,13742326960.0,0.29785736504404947,0.1720858806545687,0.9106058534185717,36.89380570133905,0.005282712420732892,0.29785736504404947,0.045463798001610746,1232.6061178286595,466.336381156317,84.8056921347718,0.6898968269417948,0.0,0.00036984934846341096,0.0016981563186312693,0.1720858806545687,0.0011221287636749204,1393.5834729493893,1.0,-0.06666666666666661,1.361862496477881,68.41071428571429,1.0276172702149802,-0.07748902337723983,-0.12022606610721014,0.3221171820755221,1.0168826069886139,0.8083275180274483,1.4795584717680876,REIT—Mortgage,Real Estate,NYMTL
2012Q1,2012,Q1,2012-05-04,2012-03-31,5839000.0,8427000.0,18723000.0,0.015,8427000.0,1.0,1841449000.0,91956000.0,49074000.0,118385000.0,1748413000.0,0.0,-74024000.0,9582279960.0,9736789960.0,0.24240666831863258,0.4145288676774929,0.08872632367228199,1.7767736743660012,,0.24240666831863258,0.06349775979816434,1137.0926735493058,410.27059256722043,104.20505415633565,0.8354170234629217,0.0,0.0005090646506220426,0.004576287477958934,0.4145288676774929,0.0031708725031211835,1538.5805973025049,1.0,4.0,2.231596709554946,34.308300395256914,0.4121007371007371,2.7287610619469027,4.094329623741388,31.74384236453202,1.8427458617332035,0.9983400521697889,1.214899920514488,REIT—Mortgage,Real Estate,NYMTL
2011Q4,2011,Q4,2012-03-12,2011-12-31,-1887000.0,2260000.0,-609000.0,-0.005,2260000.0,1.0,681676000.0,85278000.0,53404000.0,112674000.0,596398000.0,0.0,-79863000.0,9582279960.0,9923129960.0,0.22480268672926562,0.47396914993698636,0.5243488108720272,4.191420999554398,-0.0013858880801734172,0.22480268672926562,-0.022127629634841342,4239.9468849557525,-1269.5124483306838,112.36520509392811,-1.4811870694223634,0.0,0.00029168423503251516,0.0033153580293277156,0.47396914993698636,-0.002768177257230708,1612.9069112943948,1.0,0.0,0.8023048716605553,1.1039654062011224,0.19149946906611515,2.108665749656121,-124.8,-1.4895498392282958,0.6329507877844778,1.1250760971830207,1.1727986139421116,REIT—Mortgage,Real Estate,NYMTL
2011Q3,2011,Q3,2011-11-04,2011-09-30,-15000.0,727000.0,1244000.0,0.0,727000.0,1.0,523555000.0,75437000.0,46666000.0,111500000.0,448118000.0,0.0,-77971000.0,9582279960.0,9930154960.0,0.1988606707333147,0.41852914798206275,0.6867549732119834,4.7662817980566565,-0.00010591960310460216,0.1988606707333147,-0.00019884141734162282,13180.577661623109,-159704.666,127.02360857404193,0.0,0.0,0.0,0.0013885838164089733,0.41852914798206275,-2.865028507033645e-05,2348.0225336927224,1.0,-1.0,0.9961220268872802,-0.8136375288387594,-0.06571467495634299,-0.907846368361009,-1.003597985128328,-0.7822510064764572,-1.0145772594752187,-0.6668194317140238,0.9784159454497772,REIT—Mortgage,Real Estate,NYMTL
2011Q2,2011,Q2,2011-08-04,2011-06-30,4169000.0,7889000.0,5713000.0,0.011,7889000.0,1.0,455578000.0,81457000.0,29882000.0,15674000.0,373189000.0,0.0,-77936000.0,9582279960.0,9830068960.0,0.2147300880989914,1.9064693122368253,0.5590129461914315,3.1264839117571235,0.015638287802051235,0.2147300880989914,0.051180377377021004,1214.6380986183294,574.6150131926122,117.63605288679918,0.9062125209882466,0.0,0.0003942694239545053,0.01731646392055806,1.9064693122368253,0.009151012559869002,2039.216846137476,1.0,0.6666666666666666,3.57663782447466,-0.6419786702972543,-0.09294686205514234,0.6925552456554388,0.658313444709626,0.544889129259059,2.300870942201109,2.1568627450980387,0.9431072732043604,REIT—Mortgage,Real Estate,NYMTL
2011Q1,2011,Q1,2011-05-05,2011-03-31,2514000.0,4661000.0,3698000.0,0.0066,4661000.0,1.0,482217000.0,71211000.0,104219000.0,46563000.0,411006000.0,0.0,-82125000.0,9582279960.0,9880666960.0,0.18772044518724332,2.2382363679316195,0.6362757845534271,4.308646136130654,,0.18772044518724332,0.035303534566288916,2055.8420853894013,952.891801909308,134.56179466655433,0.6750198886237072,0.0,0.00017709772695891885,0.009665772878185546,2.2382363679316195,0.005213420514000958,-7331.507237949502,1.0,1.4444444444444442,2.3997772828507795,-0.5130080451363495,-0.24003500421544663,0.38349658652419116,1.469548133595285,0.22857142857142856,1.1182613604290148,2.6585557299843012,0.7321641409841649,REIT—Mortgage,Real Estate,NYMTL
2010Q4,2010,Q4,2011-03-04,2010-12-31,1018000.0,3369000.0,3010000.0,0.0027,3369000.0,1.0,374294000.0,68487000.0,33944000.0,35632000.0,305807000.0,0.0,-84639000.0,9582279960.0,9863529960.0,0.18053966563506665,0.9526268522676246,0.8031787845917915,4.389519178822258,,0.18053966563506665,0.014864134799304977,2844.2505075690115,2353.2121709233793,139.91385167988088,1.6669941060903732,0.0,0.00017709772695891885,0.00900094578058959,0.9526268522676246,0.002719787119216445,-6668.253277661795,1.0,-0.3571428571428571,1.1169029894666733,-0.1190139231886831,-0.3216287961330454,-0.17527539779681764,-0.3544705136334813,-0.22582304526748972,1.0651937239833493,1.347893432465923,2.7184819198610053,REIT—Mortgage,Real Estate,NYMTL
2010Q3,2010,Q3,2010-11-05,2010-09-30,1577000.0,4085000.0,3888000.0,0.0042,4085000.0,1.0,404042000.0,67467000.0,58651000.0,38465000.0,336575000.0,0.0,-85657000.0,9582279960.0,9872858960.0,0.17785082747676265,1.524788769010789,0.8194519381648443,4.907480694265344,,0.17785082747676265,0.023374390442734965,2345.723368421053,1519.0678440076094,142.0291395793499,1.0748256182625238,0.0,0.00017688900836497788,0.010110335064176497,1.524788769010789,0.0039030595829146475,-50969.57425531915,1.0,0.024390243902438876,-0.44851481928456605,-0.7531496980600829,-0.36978325212560487,0.026124089424767648,0.022697795071335927,-0.03690859549170176,1.0761247345047307,14.185873605947958,1.6996518746748828,REIT—Mortgage,Real Estate,NYMTL
2010Q2,2010,Q2,2010-08-04,2010-06-30,1542000.0,3981000.0,4037000.0,0.0041,3981000.0,1.0,438909000.0,64953000.0,70481000.0,60315000.0,373956000.0,0.0,-87234000.0,9582279960.0,9914545960.0,0.17122363225129564,1.1685484539500954,0.834580744527909,5.639539359228981,,0.17122363225129564,0.02374024294489862,2407.0032554634513,1553.5473346303504,147.52636460209692,1.527237354085603,0.0,0.00024576614436550026,0.0090702172887774,1.1685484539500954,0.003513256734311668,17844.096759776538,1.0,-0.41428571428571426,1.8237414024216052,-0.7592192243338943,-0.4174450598483651,-0.05551601423487545,-0.42203898050974514,-0.2634555738004014,1.1086221470836857,34.54464285714286,0.1655780066755193,REIT—Mortgage,Real Estate,NYMTL
2010Q1,2010,Q1,2010-05-06,2010-03-31,2668000.0,4215000.0,5481000.0,0.007,4215000.0,1.0,463868000.0,64866000.0,27379000.0,75799000.0,399002000.0,0.0,-88776000.0,9582279960.0,9949982960.0,0.17099429017308737,0.3612052929458172,0.8417394603637242,6.019424660068449,,0.17099429017308737,0.04113094687509635,2273.376028469751,897.8898013493254,147.72423087595968,0.8826836581709145,0.0,0.00024576614436550026,0.009086636715617375,0.3612052929458172,0.005751636241344521,12237.905440613027,1.0,-0.3636363636363636,72.03301384451545,-0.655599916755681,-0.4342662637263758,-0.3598116646415553,-0.36354961832061067,-0.2347109745881039,1.562750474583421,17.6600790513834,-0.003900491400491364,REIT—Mortgage,Real Estate,NYMTL
2009Q4,2009,Q4,2010-03-08,2009-12-31,4192000.0,6584000.0,7162000.0,0.011,6584000.0,1.0,488814000.0,62987000.0,26570000.0,85106000.0,425827000.0,0.0,-91444000.0,9582279960.0,9974360960.0,0.1660410285069567,0.312198904895072,0.8522730527358054,6.614110848270278,,0.1660410285069567,0.06655341578420944,1455.3888153098421,571.4623067748092,152.1310740311493,0.5617843511450382,0.0,0.00024576614436550026,0.013469335984648558,0.312198904895072,0.008575859120237964,4070.637196261682,1.0,0.44736842105263147,0.46479188214575246,-0.5453898916917655,-0.4728336941917693,0.30583101943673147,0.4570733402850191,0.15740142210730446,1.4391828182294395,1.3028797497469868,-0.11994914212261783,REIT—Mortgage,Real Estate,NYMTL
2009Q3,2009,Q3,2009-11-06,2009-09-30,2877000.0,5042000.0,6188000.0,0.0076,5042000.0,1.0,608114000.0,58149000.0,25026000.0,194745000.0,549965000.0,0.0,-95636000.0,9582279960.0,10099481960.0,0.1532875000659029,0.12850650851112994,0.8873418470878816,9.279695265610759,,0.1532875000659029,0.04947634525099314,1900.491860372868,832.6624921793535,164.7883877624723,0.7448731317344456,0.0,0.0002236419734077567,0.008291208556290432,0.12850650851112994,0.00473102082833153,2413.0647091412743,1.0,0.1343283582089552,0.17339058489666453,-0.538292425541641,-0.5187176132353194,0.1728308909048616,0.12956419316843346,0.02961730449251248,1.7437952430196484,0.2924891053576007,-0.27982611495733384,REIT—Mortgage,Real Estate,NYMTL
2009Q2,2009,Q2,2009-08-07,2009-06-30,2547000.0,4299000.0,6010000.0,0.0067,4299000.0,1.0,611495000.0,45569000.0,18562000.0,188151000.0,565926000.0,0.0,-98513000.0,9582279960.0,10121489960.0,0.12012516278015321,0.09865480385435102,0.9076231203852853,12.179486054115737,,0.12012516278015321,0.0558932607693827,2228.9555617585484,940.5457361601884,210.28067238692972,0.0,0.0,0.0,0.007030310959206535,0.09865480385435102,0.004165201677855093,3057.523918315252,1.0,0.24074074074074073,6.261222702372199,-0.47935406963091304,-0.6264257882929061,0.019445103153900876,0.2400194741966894,-0.08174178762414057,2.5741656365883805,-0.8049012933968687,-0.4925727139102935,REIT—Mortgage,Real Estate,NYMTL
2009Q1,2009,Q1,2009-05-11,2009-03-31,2054000.0,4217000.0,6545000.0,0.0054,4217000.0,1.0,726147000.0,41517000.0,65993000.0,276182000.0,684630000.0,0.0,-101060000.0,9582279960.0,10201542960.0,0.10944362139049839,0.2389475056303452,0.9147638150402053,15.999542356143266,,0.10944362139049839,0.04947370956475661,2272.2978325824047,1166.295029211295,230.80376616807573,0.0,0.0,0.0,0.005807364073665525,0.2389475056303452,0.002828628363127576,4141.0025756266205,1.0,1.397058823529412,3.1131708983239696,-0.34752582007587385,-0.6612240178519773,1.2333831423985833,1.3995331647539389,1.386943836615609,2.143652561247216,-0.5593981820081496,-0.5569298741769207,REIT—Mortgage,Real Estate,NYMTL
2008Q4,2008,Q4,2009-03-31,2008-12-31,-5141000.0,-18069000.0,2742000.0,-0.0136,-18069000.0,1.0,853300000.0,39248000.0,12482000.0,402329000.0,814052000.0,0.0,-103114000.0,9582279960.0,10375187960.0,0.10346227454619265,0.03102436066005682,0.940226180710184,20.44167855686914,,0.10346227454619265,-0.13098756624541377,-530.3160086335713,-465.97354405757636,244.1469618834081,-17.156195292744602,0.0,0.009204489992797079,-0.021175436540489864,0.03102436066005682,-0.0060248447204968945,208310.43391304347,1.0,-6.037037037037036,-3.0038127399771364,-11.91835254876369,83.86724729480073,-9.280934922089825,-5.996112730806608,-0.7010140660778541,0.4096284195990503,-5.725003687118933,-0.6112442797995206,REIT—Mortgage,Real Estate,NYMTL
2008Q3,2008,Q3,2008-11-13,2008-09-30,1029000.0,2182000.0,9171000.0,0.0027,2182000.0,1.0,864471000.0,38130000.0,16768000.0,0.0,826341000.0,0.0,-97973000.0,9582279960.0,10385666960.0,0.10051509703542412,0.0,0.9447326746646215,21.418672960923157,,0.10051509703542412,0.026986624704956726,4391.51235563703,2328.056355685131,251.30553265145556,82.81632653061224,0.0,0.008893290569231082,0.0025240869849885075,0.0,0.0011903233306843144,1813.1087909176915,1.0,-0.18181818181818177,-0.7033460489960469,2.4899268746761183,0.0,-0.12685074029611845,-0.18527315914489312,-0.036558462023321775,-0.6401532967937974,-0.8681450773970871,-0.6438234307668833,REIT—Mortgage,Real Estate,NYMTL
2008Q2,2008,Q2,2008-08-11,2008-06-30,1263000.0,2499000.0,9519000.0,0.0033,2499000.0,1.0,897311000.0,41921000.0,8216000.0,0.0,855390000.0,0.0,-99002000.0,9582279960.0,10425117960.0,0.1105086121904541,0.0,0.9447961743475785,20.223181698909855,,0.1105086121904541,0.030128098089263138,3834.445762304922,1896.7300000000002,228.57946995539228,0.0,0.0,0.0,0.0027849875907015515,0.0,0.0014075387463209524,115449.15614457832,1.0,1.0589285714285714,-0.7348498605704948,0.9469425055958041,0.0,0.9615384615384616,1.059412926898109,2.025864856126738,1.3128309930340385,-0.8488542681764386,-0.6240160478177037,REIT—Mortgage,Real Estate,NYMTL
2008Q1,2008,Q1,2008-05-15,2008-03-31,-21258000.0,1274000.0,-9279000.0,-0.056,1274000.0,1.0,931774000.0,41111000.0,10790000.0,0.0,890663000.0,0.0,-100265000.0,9582279960.0,10457040960.0,0.10837335835885972,0.0,0.9474110674906147,21.472914791661598,,0.10837335835885972,-0.5170878840213081,7521.41284144427,-112.69028083545018,233.08311546787965,0.0,0.0,0.0,0.0013672843414819474,0.0,-0.022814545157946026,11299.858443396226,1.0,-0.3592233009708738,-20.87039287077456,-0.8028806959394506,-0.6645369510781761,1.1315572077653862,-0.36138328530259367,-1.1151128333713243,-564.9744408945687,-0.8959037470810765,-0.6414472970131507,REIT—Mortgage,Real Estate,NYMTL
2007Q4,2007,Q4,2008-03-31,2007-12-31,-15615000.0,-9684000.0,-4387000.0,-0.0412,-9684000.0,1.0,809261000.0,18418000.0,8993000.0,0.0,790843000.0,0.0,-79007000.0,9582279960.0,10354512960.0,0.04855198156827804,0.0,0.9610508846960375,42.227223368443916,,0.04855198156827804,-0.8478119231186882,-989.4960718711276,-153.4146647454371,520.2671278097514,-26.373615113672752,0.0,0.042977663115574424,-0.011966473115595587,0.0,-0.019295381836020763,-7671.961537229784,1.0,0.24542124542124544,-7.086274253013611,-6.851642375462259,39.887305357614146,-37.0,0.24623479436184592,0.490417005459403,-6.4562798758840465,-1.6686580025602888,-0.8458515404706368,REIT—Mortgage,Real Estate,NYMTL
2007Q3,2007,Q3,2007-11-14,2007-09-30,-20716000.0,269000.0,-8609000.0,-0.0546,269000.0,1.0,854276000.0,24991000.0,16059000.0,327877000.0,829285000.0,0.0,-10930000.0,9582279960.0,10389817960.0,0.06587917099429018,0.04897873287848797,0.9583343088182273,32.75907326637589,,0.06587917099429018,-0.828938417830419,35621.85858736059,-115.63863631975286,383.42923292385257,-19.87951341957907,0.0,0.042977663115574424,0.00031488652379324717,0.04897873287848797,-0.024249774077698544,-2815.0058636897766,1.0,-0.4598930481283422,-6.972286928083471,-0.5697569526636683,0.0,1.4017857142857142,-0.4592843054381516,-5.105673758865248,-9.449064774667814,-0.9753670492801867,-0.793156750285712,REIT—Mortgage,Real Estate,NYMTL
2007Q2,2007,Q2,2007-08-10,2007-06-30,-14196000.0,112000.0,-1410000.0,-0.0374,112000.0,1.0,1004684000.0,55726000.0,6411000.0,423741000.0,948958000.0,0.0,-42676000.0,9582279960.0,10514898960.0,0.1469001913820101,0.0151295248748646,0.9301451998837446,16.769586907368193,,0.1469001913820101,-0.25474643792843554,85556.07107142857,-168.74964708368555,171.95348598499803,-0.06403212172442942,0.0,9.486260094617397e-05,0.0001114778378077087,0.0151295248748646,-0.014129815942127076,90.56804181395437,1.0,-1.992,-3.9802623747753416,-0.9127420725783393,0.0,1.4426877470355732,-1.9943049989453703,-1.1528455284552845,-28.324035132656352,-0.9864358352637036,-0.543158802659933,REIT—Mortgage,Real Estate,NYMTL
2007Q1,2007,Q1,2007-05-15,2007-03-31,-4741000.0,-253000.0,9225000.0,-0.0125,-253000.0,1.0,1162579000.0,65120000.0,20006000.0,0.0,1097459000.0,0.0,-28480000.0,9582279960.0,10562292960.0,0.1716638635968219,0.0,0.8444561616887971,15.075967444717445,,0.1716638635968219,-0.07280405405405406,-37874.62434782609,-505.28791183294663,147.1480337837838,-0.19341910989242775,0.0,9.56974753219379e-05,-0.00021761961982798587,0.0,-0.004078002441124431,145.21026171028504,1.0,0.503968253968254,-3.8775770345442737,-1.0391453563008783,-0.46862509435943744,0.9883613947925292,0.5033001571503405,3.487864077669903,-3.8775770345442737,-1.0391453563008783,-0.46862509435943744,REIT—Mortgage,Real Estate,NYMTL
