Quarters,Year,Quarter,FillingDate,Date,NetIncome,Revenue,OperatingIncome,EPSDiluted,GrossProfit,GrossProfitRatio,TotalAssets,CommonStockEquity,CurrentAssets,CurrentLiability,TotalLiability,Inventory,RetainedEarnings,MarketCap,EnterpriseValue,bookValuePerShare,currentRatio,debtToAssets,debtToEquity,roic,shareholdersEquityPerShare,roe,priceToSalesRatio,peRatio,pbRatio,payoutRatio,inventoryTurnover,dividendYield,assetTurnover,quickRatio,returnOnAssets,priceToFreeCashFlowsRatio,grossProfitMargin,epsdilutedGrowth,fiveYNetIncomeGrowthPerShare,fiveYRevenueGrowthPerShare,fiveYShareholdersEquityGrowthPerShare,grossProfitGrowth,netIncomeGrowth,operatingIncomeGrowth,threeYNetIncomeGrowthPerShare,threeYRevenueGrowthPerShare,threeYShareholdersEquityGrowthPerShare,Industry,Sector,Symbol
2023Q1,2023,Q1,2023-05-02,2023-03-31,151800000.0,1036900000.0,204700000.0,0.4,407400000.0,0.3929019192,8233500000.0,552800000.0,1478400000.0,1151600000.0,7680700000.0,0.0,-296800000.0,4174560000.0,5408660000.0,1.4764957264957266,1.2837790899617922,0.3021436813019979,4.500180897250361,0.0564632707073295,1.4764957264957266,0.27460202604920403,4.026000578647893,6.875098814229249,7.551664254703328,0.580368906455863,0.0,0.021104020543482427,0.1259367219287059,1.0668634942688433,0.01843687374749499,52.247309136420526,0.39290191918217765,-0.3846153846153846,-0.12627319816575436,-0.08248174287246914,2.808491173246362,-0.008517887563884156,-0.3913392141138733,1.057286432160804,-0.04936387183840493,-0.03579582794656329,5.0862537039891755,Credit Services,Financial Services,WU
2022Q4,2022,Q4,2023-02-23,2022-12-31,249400000.0,1091900000.0,99500000.0,0.65,410900000.0,0.3763165125,8496300000.0,477800000.0,1547500000.0,1189300000.0,8018500000.0,0.0,-353900000.0,5267025000.0,6777925000.0,1.2491503267973856,1.3011855713444884,0.3291785836187517,5.853495186270406,0.03335962144580317,1.2491503267973856,0.5219757220594391,4.823724700064108,5.279696271050521,11.023493093344495,0.35565356856455493,0.0,0.016840626349789493,0.12851476525075622,1.0812242495585638,0.029353954074126384,-3511.35,0.3763165125011448,0.4444444444444445,1.267348751615911,-0.08781701709398208,2.168313980863,-0.09153216891443731,0.4341575618171363,-0.5707506471095772,1.0201253125573222,-0.08425349900863704,14.266292711177298,Credit Services,Financial Services,WU
2022Q3,2022,Q3,2022-11-01,2022-09-30,173900000.0,1089600000.0,231800000.0,0.45,452300000.0,0.4151064611,8901300000.0,528300000.0,1991000000.0,1460500000.0,8373000000.0,0.0,-337400000.0,5217750000.0,6652650000.0,1.366882276843467,1.3632317699418008,0.29332794086257064,4.9422676509558965,0.06629038981739334,1.366882276843467,0.3291690327465455,4.7886839207048455,7.50107820586544,9.87649063032368,0.5215641173087981,0.0,0.017382971587370035,0.12240908631323515,0.8052721670660733,0.019536472200689787,34.23720472440945,0.4151064610866373,-0.09999999999999998,-0.11617120253373069,-0.07118897001758373,-0.1082702033786911,-0.06799917576756645,-0.10360824742268042,-0.12196969696969696,0.4107971826936897,-0.08688914258156301,30.370622730347183,Credit Services,Financial Services,WU
2022Q2,2022,Q2,2022-08-03,2022-06-30,194000000.0,1138300000.0,264000000.0,0.5,485300000.0,0.4263375209,8787300000.0,448300000.0,1890800000.0,1523100000.0,8339000000.0,0.0,-412100000.0,6368949000.0,7862349000.0,1.1592966123610033,1.241415534108069,0.3067267533827228,6.012268570153915,0.06897607590342014,1.1592966123610033,0.432745929065358,5.595140999736449,8.207408505154637,14.206890475128262,0.4793814432989691,0.0,0.01460209525935912,0.12953922137630444,0.7891143063488937,0.022077316126682827,121.7772275334608,0.426337520864447,-0.32432432432432434,0.41434840581465887,0.0020580411526838166,-0.17699057797602097,-0.030563324011186575,-0.33856120013637914,0.11157894736842106,-0.649117139689739,-0.055756071395535275,15.506541169378524,Credit Services,Financial Services,WU
2022Q1,2022,Q1,2022-04-28,2022-03-31,293300000.0,1155700000.0,237500000.0,0.74,500600000.0,0.4331573938,8488700000.0,352800000.0,1918900000.0,1498000000.0,8135900000.0,0.0,-495400000.0,7366693999.999999,8605394000.0,0.8974815568557619,1.2809746328437916,0.29857339757560053,7.183956916099773,0.06660936908665098,0.8974815568557619,0.8313492063492064,6.374226875486717,6.2791459256733715,20.88065192743764,0.3129901125127855,0.0,0.012461492224327495,0.13614569957708483,0.8650200267022697,0.03455181594354848,43.28257344300822,0.43315739378731505,0.761904761904762,1.2139063344863394,0.0830734891247483,-0.42608069974757484,-0.12098331870061457,0.7375592417061612,0.1490082244799226,0.8866376537736966,-0.03752998384435173,2.049780003836897,Credit Services,Financial Services,WU
2021Q4,2021,Q4,2022-02-24,2021-12-31,168800000.0,1284800000.0,206700000.0,0.42,569500000.0,0.4432596513,8823500000.0,355600000.0,2661200000.0,1320900000.0,8467900000.0,0.0,-537200000.0,7137784000.0,8937884000.0,0.8887778055486129,2.0146869558634264,0.34095313651045506,8.460067491563555,0.05733480832066382,0.8887778055486129,0.4746906636670416,5.555560398505604,10.571362559241706,20.072508436445442,0.5503554502369669,0.0,0.013015243946860818,0.14561115203717345,0.9147550912256794,0.019130730435768118,21.969172052939367,0.44325965130759654,-0.2631578947368421,1.5747273040894705,0.1321243466198406,-0.5235946056713487,0.005828329212292476,-0.27460249247958746,-0.3512241054613936,-0.1190142115579073,0.014725485295342837,2.2706252100628816,Credit Services,Financial Services,WU
2021Q3,2021,Q3,2021-11-02,2021-09-30,232700000.0,1286300000.0,318600000.0,0.57,566200000.0,0.4401772525849335,8871000000.0,368600000.0,2495600000.0,1427600000.0,8502400000.0,0.0,-436600000.0,8215386000.0,10064586000.0,0.9072114201329067,1.7481087139254694,0.32156464885582237,7.73901247965274,0.07895613941854766,0.9072114201329067,0.6313076505697233,6.386835108450595,8.826155994843145,22.28807921866522,0.4091104426299957,0.0,0.011588013028237506,0.14500056363431404,0.702857943401513,0.02623154097621463,27.23934350132626,0.4401772525849335,0.05555555555555539,0.2859348615688341,0.1190209777368044,-0.6815999123632708,0.05891153918084908,0.04584269662921348,0.2499019223224794,0.22672840442795877,0.019252366806597785,1.9760223031913862,Credit Services,Financial Services,WU
2021Q2,2021,Q2,2021-08-04,2021-06-30,222500000.0,1289700000.0,254900000.0,0.54,534700000.0,0.41459254090098474,8978100000.0,286300000.0,4698200000.0,5262900000.0,8691800000.0,0.0,-498000000.0,9401621000.0,10334421000.0,0.6994869289030051,0.8927017423853769,0.33379000011138216,10.46734194900454,0.06641640854083963,0.6994869289030051,0.7771568285015718,7.289773590757541,10.563619101123596,32.83835487251135,0.4350561797752809,0.0,0.010296096811390291,0.1436495472315969,0.8927017423853769,0.024782526369721877,75.03288906624103,0.41459254090098474,0.22727272727272735,0.2963642728735879,0.12301384679431392,-0.7390760489644375,0.06091269841269841,0.22387238723872388,0.09493127147766323,0.14218276181716277,0.020928634947900048,1.7086315619199068,Credit Services,Financial Services,WU
2021Q1,2021,Q1,2021-05-04,2021-03-31,181800000.0,1210000000.0,232800000.0,0.44,504000000.0,0.41652892561983473,9281000000.0,218800000.0,5140800000.0,5084600000.0,9062200000.0,0.0,-548200000.0,10152522000.0,11116422000.0,0.5314549429196016,1.0110529835188609,0.3480767158711346,14.764625228519195,0.06047332379937175,0.5314549429196016,0.8308957952468007,8.390514049586777,13.961113861386139,46.40092321755028,0.5319031903190319,0.0,0.00952472695946879,0.13037388212477105,1.0110529835188609,0.019588406421721796,128.6758174904943,0.41652892561983473,0.023255813953488393,0.18897059083205578,0.13240089260143342,-0.7855306929299428,-0.016777214202106906,0.026538678712591756,0.02509907529722589,-0.04840371384203068,-0.02631566341905351,1.6509545242839079,Credit Services,Financial Services,WU
2020Q4,2020,Q4,2021-02-19,2020-12-31,177100000.0,1271800000.0,227100000.0,0.43,512600000.0,0.4030507941500236,9496300000.0,186600000.0,5506400000.0,5408300000.0,9309700000.0,0.0,-543100000.0,9032698000.0,10210898000.0,0.45324265241680833,1.018138786679733,0.347724903383423,17.69614147909968,0.054277470173944166,0.45324265241680833,0.9490889603429796,7.102294385909734,12.750844155844156,48.40674169346195,0.5223037831733484,0.0,0.010240572639536935,0.13392584480271263,0.9706562135976184,0.018649368701494265,37.41797017398509,0.4030507941500236,-0.21818181818181825,0.022230584421223203,0.12932784882759,-0.8372404312447292,-0.045081967213114756,-0.22528433945756782,-0.20371669004207574,1.1763806119483993,-0.012883313939818232,1.4239119313202382,Credit Services,Financial Services,WU
2020Q3,2020,Q3,2020-10-29,2020-09-30,228600000.0,1258500000.0,285200000.0,0.55,536800000.0,0.42653953118792215,8827200000.0,67100000.0,4840800000.0,5023100000.0,8760100000.0,0.0,-625300000.0,8820588000.0,10259988000.0,0.163022351797862,0.9637076705620036,0.3439935653434838,45.253353204172875,0.0804858429143464,0.163022351797862,3.406855439642325,7.008810488676996,9.646312335958006,131.45436661698957,0.40638670166229224,0.0,0.010532177673415877,0.14257069059271343,0.9637076705620036,0.025897226753670472,40.8928511821975,0.42653953118792215,0.4102564102564103,0.2183752536744358,0.11359552397288257,-0.938334181653659,0.18629834254143646,0.4119827053736875,0.28584310189359785,0.0909853633425236,0.007366772233407997,-0.893647104014589,Credit Services,Financial Services,WU
2020Q2,2020,Q2,2020-08-05,2020-06-30,161900000.0,1114700000.0,221800000.0,0.39,452500000.0,0.40593881761909034,8707000000.0,-73400000.0,4703900000.0,5094700000.0,8780400000.0,0.0,-760200000.0,8896630000.0,10414130000.0,-0.17837181044957473,0.9232928337291695,0.35440450212472724,-42.0408719346049,0.061700492347297145,-0.17837181044957473,-2.2057220708446867,7.981187763523818,13.737847436689316,-121.2074931880109,0.5713403335392218,0.0,0.010397195342506094,0.1280234294246009,0.9232928337291695,0.01859423452394625,47.60101658640985,0.40593881761909034,-0.07142857142857137,0.07078492803633511,0.008680122679947746,-1.070290008217547,-0.10679036715357283,-0.08375778155065082,-0.04888507718696398,0.10918977300508279,-0.07785657241534831,-1.1266299573881282,Credit Services,Financial Services,WU
2020Q1,2020,Q1,2020-05-05,2020-03-31,176700000.0,1190000000.0,233200000.0,0.42,506600000.0,0.4257142857142857,8365400000.0,-149700000.0,4207400000.0,4727700000.0,8515100000.0,0.0,-828200000.0,7511259000.0,8955059000.0,-0.3613323678493845,0.8899464856061087,0.3669997848279819,-20.508350033400134,0.06988539704203031,-0.3613323678493845,-1.1803607214428857,6.311982352941176,10.627134974533107,-50.17541082164328,0.5229202037351444,0.0,0.012301532938752345,0.1422526119492194,0.8899464856061087,0.021122719774308463,97.93036505867015,0.4257142857142857,0.31249999999999994,0.08978823158403881,0.13292148049570215,-1.139457858841047,-0.08091436865021771,0.3050221565731167,0.029580573951434878,0.2655282374947214,0.05815157860776979,-1.2310639345516923,Credit Services,Financial Services,WU
2019Q4,2019,Q4,2020-02-20,2019-12-31,135400000.0,1307700000.0,226500000.0,0.32,551200000.0,0.4215034029211593,8758500000.0,-39500000.0,4946000000.0,5163300000.0,8798000000.0,0.0,-675900000.0,11234210000.0,12887110000.0,-0.09415971394517282,0.9579145120368756,0.39636924130844325,-87.88860759493672,0.04226037420731052,-0.09415971394517282,-3.427848101265823,8.590815936376845,20.7426329394387,-284.4103797468355,0.6181683899556869,0.0,0.007450457130496938,0.1493063880801507,0.9194120039509616,0.015459268139521608,52.22784751278475,0.4215034029211593,0.0,-0.2381867051229965,0.15590841910444123,-1.0378550434101326,0.023964332156789895,0.002962962962962963,0.1474164133738602,1.439688025650926,0.09901422097615482,-1.0504717775037526,Credit Services,Financial Services,WU
2019Q3,2019,Q3,2019-10-31,2019-09-30,135000000.0,1306900000.0,197400000.0,0.32,538300000.0,0.41189073379753616,8803700000.0,-19700000.0,4688200000.0,5315300000.0,8823400000.0,0.0,-659400000.0,9807861000.0,11174561000.0,-0.04653909756673754,0.8820198295486614,0.36893578836171154,-164.87309644670052,0.05089278071897525,-0.04653909756673754,-6.852791878172589,7.504675950723085,18.162705555555558,-497.8609644670051,0.6237037037037036,0.0,0.008584950378069183,0.14844894760157662,0.8820198295486614,0.015334461646807592,40.16323095823096,0.41189073379753616,-0.7746478873239436,-0.2809593021935721,0.13091413963078596,-1.0208216798302314,-0.04573657152987059,-0.780416395575797,-0.23754345307068367,-0.2839309397707991,0.09128169453749344,-1.0163336267764493,Credit Services,Financial Services,WU
2019Q2,2019,Q2,2019-08-01,2019-06-30,614800000.0,1340500000.0,258900000.0,1.42,564100000.0,0.4208131294293174,9043300000.0,30200000.0,4938600000.0,5539800000.0,9013100000.0,0.0,-569700000.0,8591400000.0,9669700000.0,0.07023255813953488,0.8914762265785768,0.3406057523249256,101.99337748344371,0.06863470425674244,0.07023255813953488,20.357615894039736,6.409101081685938,3.4935751463890696,284.4834437086093,0.13906961613532856,0.0,0.009951812277393671,0.14823128725133525,0.8914762265785768,0.06798403237756129,68.40286624203821,0.4208131294293174,2.6410256410256405,2.962477260181919,0.19121942462707323,-0.9647524696535749,0.021920289855072463,2.5517042172154825,0.030652866242038217,2.409605918016469,0.11105745742970596,-0.9738017169386687,Credit Services,Financial Services,WU
2019Q1,2019,Q1,2019-05-07,2019-03-31,173100000.0,1337000000.0,251200000.0,0.39,552000000.0,0.4128646222887061,9432000000.0,-374200000.0,1807300000.0,1866400000.0,9806200000.0,0.0,-938000000.0,8167482000.0,10704682000.0,-0.8549234635595157,0.9683347621088727,0.35732612383375745,-9.006680919294494,0.0671592181358209,-0.8549234635595157,-0.46258685195082844,6.108812266267764,11.795901213171577,-21.826515232495993,0.5049104563835933,0.0,0.010700972466177457,0.14175148430873621,2.320295756536648,0.018352417302798983,40.43307920792079,0.4128646222887061,-0.18749999999999994,0.0635002042697441,0.23445966136957477,-1.437110348185014,-0.027826699542092288,-0.18387553041018387,-0.07306273062730627,0.06482593879077853,0.17692980264251634,-1.3450054332362855,Credit Services,Financial Services,WU
2018Q4,2018,Q4,2019-02-21,2018-12-31,212100000.0,1401600000.0,271000000.0,0.48,567800000.0,0.4051084474885845,8996800000.0,-309800000.0,4946100000.0,5557700000.0,9306600000.0,0.0,-838800000.0,7555873999.999999,8768374000.0,-0.6994806954165725,0.8899544775716574,0.3816579228170016,-11.083602324080053,0.07829697330055925,-0.6994806954165725,-0.68463524854745,5.3908918378995425,8.90602781706742,-24.38952227243383,0.3955681282413956,0.0,0.0111039437661348,0.15578872487995732,0.8613635136837181,0.023575048906277787,35.657734780556865,0.4051084474885845,0.04347826086956513,0.5222819713730125,0.22675705206897162,-1.3490121836820992,-0.013208202989224887,0.016778523489932886,-0.10442828816920026,0.13801022613875252,0.1569124446582308,-1.2511837218575421,Credit Services,Financial Services,WU
2018Q3,2018,Q3,2018-11-01,2018-09-30,208600000.0,1387800000.0,302600000.0,0.46,575400000.0,0.41461305663640297,8989600000.0,-415300000.0,4786400000.0,2289100000.0,9404900000.0,0.0,-916800000.0,8493668000.000001,9765468000.0,-0.9294986571172784,2.0909527762002535,0.3665346622764083,-7.93402359739947,0.08228141674333986,-0.9294986571172784,-0.5022875030098723,6.1202392275544035,10.179372003835093,-20.451885384059718,0.40508149568552254,0.0,0.00994858758312663,0.15437839280946872,2.0909527762002535,0.023204591972946515,136.55414790996787,0.41461305663640297,-0.021276595744680753,0.20224811762583667,0.21725655770582863,-1.488599646381462,-0.011170304175975254,-0.04136029411764706,0.06699576868829338,0.024191929138030775,0.13126237118230508,-1.3515977699428185,Credit Services,Financial Services,WU
2018Q2,2018,Q2,2018-08-02,2018-06-30,217600000.0,1411100000.0,283600000.0,0.47,581900000.0,0.4123733257742187,9115600000.0,-451300000.0,4950100000.0,1751600000.0,9566900000.0,0.0,-939900000.0,9294876000.0,10422976000.0,-0.9870953630796151,2.826044759077415,0.3655052876387731,-7.3826722800797695,0.08385063068320589,-0.9870953630796151,-0.4821626412585863,6.586971865920204,10.67885569852941,-20.595781076888986,0.3943014705882353,0.0,0.009230892375541104,0.15480056167449208,2.826044759077415,0.02387116591337926,82.47449866903283,0.4123733257742187,0.021739130434782507,0.3317227592271005,0.23754235650553052,-1.590705247968277,0.03173758865248227,0.018726591760299626,0.07059267648169121,0.29532250095785034,0.14925624178446326,-1.3889792955932518,Credit Services,Financial Services,WU
2018Q1,2018,Q1,2018-05-01,2018-03-31,213600000.0,1389400000.0,264900000.0,0.46,564000000.0,0.40593061753274795,9188000000.0,-375800000.0,4960800000.0,1966500000.0,9563800000.0,0.0,-819800000.0,8851569000.0,9686269000.0,-0.8164240712578753,2.522654462242563,0.3421201567261646,-8.364555614688664,0.08718404960722784,-0.8164240712578753,-0.5683874401277275,6.370785231034979,10.359982443820225,-23.553935604044703,0.4096441947565543,0.0,0.009885253111623487,0.15121898127993033,2.522654462242563,0.02324771441010013,92.68658638743456,0.40593061753274795,1.1885245901639345,0.24241532388639078,0.29265235035272835,-1.5050155872340563,-0.005992245329573493,1.1905611562137568,2.049108910891089,0.18571624770377593,0.19056771853541232,-1.3151025565785266,Credit Services,Financial Services,WU
2017Q4,2017,Q4,2018-02-22,2017-12-31,-1120900000.0,1438300000.0,-252500000.0,-2.44,567400000.0,0.3944934992699715,9231400000.0,-491400000.0,5201100000.0,6159400000.0,9722800000.0,0.0,-965900000.0,8736996000.0,9667596000.0,-1.0691906005221932,0.8444166639607754,0.3286175444677947,-6.173382173382174,-0.38496411554971444,-1.0691906005221932,2.281033781033781,6.074529653062643,-1.948656436791864,-17.77980463980464,-0.07163886162904809,0.0,0.009190801964428048,0.1558051866455792,0.8161671591388772,-0.12142253612669801,33.851204959318096,0.3944934992699715,-5.784313725490196,-7.027951275136996,0.291586099111883,-1.6683862142324577,0.00674237047551455,-5.757640067911715,-1.9296759941089838,-6.756369951690251,0.1604240707156549,-1.4298468517017862,Credit Services,Financial Services,WU
2017Q3,2017,Q3,2017-11-02,2017-09-30,235600000.0,1404700000.0,271600000.0,0.51,563600000.0,0.4012244607389478,9873600000.0,709400000.0,4981700000.0,1055000000.0,9164200000.0,0.0,247900000.0,8885760000.0,10291860000.0,1.5328435609334485,4.721990521327014,0.35786339329120076,4.980828869467155,0.06305090378569336,1.5328435609334485,0.3321116436425148,6.325735032391258,9.42886247877759,12.525740062024246,0.3416808149405772,0.0,0.009059438922500721,0.14226827094474154,4.721990521327014,0.023861610760006483,22.219954988747187,0.4012244607389478,0.45714285714285724,0.13621049897133353,0.28424667216118393,-0.19594889517618444,0.05149253731343283,0.41501501501501503,0.2644320297951583,0.14775688868197098,0.11179771381962432,-0.3142029062806865,Credit Services,Financial Services,WU
2017Q2,2017,Q2,2017-08-03,2017-06-30,166500000.0,1378900000.0,214800000.0,0.35,536000000.0,0.38871564290376387,9408200000.0,661200000.0,4705600000.0,1372600000.0,8747000000.0,0.0,193900000.0,8942070000.0,10362070000.0,1.4086067319982958,3.4282383797173246,0.3855572798197317,5.486085904416213,0.04522432119133782,1.4086067319982958,0.2518148820326679,6.484930016679963,13.426531531531532,13.524001814882032,0.4894894894894895,0.0,0.009114220756491506,0.14656363597712635,3.4282383797173246,0.017697327862928085,-56.168781407035176,0.38871564290376387,0.06060606060606049,-0.20099114478660385,0.2592572832255068,-0.18263881784027458,0.0679418210798964,0.029684601113172542,-0.10313152400835073,-0.016956961063527436,0.12249157548393087,-0.2930642162621149,Credit Services,Financial Services,WU
2017Q1,2017,Q1,2017-05-02,2017-03-31,161700000.0,1302400000.0,239500000.0,0.33,501900000.0,0.38536547911547914,9486000000.0,750300000.0,4775300000.0,1686200000.0,8735700000.0,0.0,259700000.0,9763930000.0,10844630000.0,1.5637765735723217,2.83198908788993,0.3680054817625975,4.652672264427562,0.042849260895987,1.5637765735723217,0.21551379448220712,7.496875,15.095748299319729,13.01336798613888,0.5151515151515151,0.0,0.008531400778170264,0.13729706936538055,2.83198908788993,0.017046173308032892,163.00383973288814,0.38536547911547914,1.452054794520548,-0.15630307951132755,0.20606063253114945,0.0007588140362045843,-0.045636052481460354,1.4554929577464788,1.7639553429027113,-0.09371074154460914,0.09699888525756535,-0.20046302190397075,Credit Services,Financial Services,WU
2016Q4,2016,Q4,2017-02-22,2016-12-31,-355000000.0,1371700000.0,-313500000.0,-0.73,525900000.0,0.38339287016111395,9419600000.0,902200000.0,4811500000.0,5286000000.0,8517400000.0,0.0,419300000.0,10503792000.0,11222392000.0,1.8655913978494623,0.9102345819144911,0.29577689073846025,3.0881179339392597,-0.08919441508519775,1.8655913978494623,-0.39348259809354913,7.657499453233214,-7.3970366197183095,11.64242074927954,-0.2171830985915493,0.0,0.007340206279789242,0.14562189477260182,0.8752553916004541,-0.03768737526009597,62.821722488038276,0.38339287016111395,-2.6590909090909087,-2.004792251056863,0.22688252080379256,0.2907774188741641,-0.0522616687691476,-2.636698939603504,-2.1264822134387353,-3.3334697572893797,0.0995449825956033,-0.06914639404849851,Credit Services,Financial Services,WU
2016Q3,2016,Q3,2016-11-01,2016-09-30,216900000.0,1377800000.0,278300000.0,0.44,554900000.0,0.40274350413703003,9518700000.0,1387600000.0,4669700000.0,793200000.0,8131100000.0,0.0,930900000.0,10139340000.0,10929740000.0,2.849281314168378,5.887165910237014,0.33878575855946713,2.324012683770539,0.054529881406642965,2.849281314168378,0.156313058518305,7.359079692263028,11.686652835408022,7.307105794176996,0.3582295988934993,0.0,0.007663220683003035,0.14474665658125585,5.887165910237014,0.02278672507800435,37.833358208955225,0.40274350413703003,0.047619047619047665,0.16110924076039612,0.2531477909631131,2.5475510922969105,0.0019862766341639583,0.05496108949416342,0.06915097963887822,0.1468947293818382,0.10872955211419688,0.49775132205309097,Credit Services,Financial Services,WU
2016Q2,2016,Q2,2016-08-03,2016-06-30,205600000.0,1375700000.0,260300000.0,0.42,553800000.0,0.40255869739041944,9394900000.0,1314400000.0,4519700000.0,725600000.0,8080500000.0,0.0,877200000.0,9403954000.0,10574354000.0,2.6808076687742197,6.228914002205071,0.3436438918987961,2.456253804017042,0.05294611346857833,2.6808076687742197,0.15642118076688982,6.835759249836447,11.434768968871595,7.154560255629946,0.37986381322957197,0.0,0.008305017229986451,0.14643051017041162,6.228914002205071,0.02188421377555908,44.3373597359736,0.40255869739041944,0.13513513513513511,0.005480175588793457,0.29602672136603003,3.4628270107185704,0.0684931506849315,0.10716208939149165,0.006573859242072699,0.17333592952010177,0.12504617135749804,0.6042696764353154,Credit Services,Financial Services,WU
2016Q1,2016,Q1,2016-05-03,2016-03-31,185700000.0,1297700000.0,258600000.0,0.37,518300000.0,0.3993989365801033,9418300000.0,1239000000.0,4486100000.0,801200000.0,8179300000.0,0.0,827900000.0,9645000000.0,10746400000.0,2.478,5.599226160758862,0.3424928065574467,2.6034705407586762,0.04945257162893904,2.478,0.14987893462469734,7.432380365261617,12.98465266558966,7.784503631961258,0.42703284868066776,0.0,0.008221876620010367,0.13778495057494453,5.599226160758862,0.01971693405391631,58.525485436893206,0.3993989365801033,-0.11904761904761903,0.1430002854424358,0.3086237412314887,4.718937566892615,-0.089103690685413,-0.12529439472444653,-0.0823278921220724,-0.005629056603773544,0.11147505658669092,0.5328169136878815,Credit Services,Financial Services,WU
2015Q4,2015,Q4,2016-02-19,2015-12-31,212300000.0,1380000000.0,281800000.0,0.42,569000000.0,0.41231884057971013,9458900000.0,1404900000.0,4765100000.0,4126800000.0,8054000000.0,0.0,977300000.0,9035595000.0,9869595000.0,2.7847373637264616,1.154671900746341,0.34101216843396165,2.295964125560538,0.05453785258232152,2.7847373637264616,0.1511139582888462,6.5475326086956525,10.640126000942063,6.431486226777707,0.3674046161092793,0.0,0.008632525030172335,0.14589434289399403,1.1206261510128914,0.022444470287242703,43.62914051183003,0.41231884057971013,-0.06666666666666672,0.12210934238187719,0.30399287766037864,2.0915507132223237,-0.022336769759450172,-0.08609556607834697,-0.07454844006568144,0.04009188426481963,0.12894248666611993,0.7408309269308522,Credit Services,Financial Services,WU
2015Q3,2015,Q3,2015-10-29,2015-09-30,232300000.0,1399200000.0,304500000.0,0.45,582000000.0,0.4159519725557461,9815900000.0,1347200000.0,4784300000.0,847100000.0,8468700000.0,0.0,912300000.0,9356256000.0,10428156000.0,2.643642072213501,5.6478573958210365,0.35491396611619924,2.585956057007126,0.05516943683698145,2.643642072213501,0.17243171021377673,6.686861063464837,10.069151958674128,6.944964370546318,0.3379250968575118,0.0,0.008390108180024147,0.14254423944824213,5.6478573958210365,0.023665685265742316,36.80667191188041,0.4159519725557461,0.25000000000000006,0.2602736354608957,0.3610706918146321,2.9799554358061178,-0.003765833618623759,0.2271526677231907,0.21411483253588517,0.017411524335722534,0.16173906686608677,0.3867190254089306,Credit Services,Financial Services,WU
2015Q2,2015,Q2,2015-07-30,2015-06-30,189300000.0,1383600000.0,250800000.0,0.36,584200000.0,0.42223185891876264,10063800000.0,1307400000.0,5120900000.0,764600000.0,8756400000.0,0.0,884200000.0,10474016000.0,11568216000.0,2.5376552795031055,6.697488883076118,0.3702180091019297,2.8497781857121005,0.04559040681330773,2.5376552795031055,0.1447911886186324,7.570118531367447,13.832562070787109,8.011332415481107,0.41996830427892234,0.0,0.0075902118156015806,0.13748285935730042,6.697488883076118,0.01880999224944852,59.545287094940306,0.42223185891876264,-0.07692307692307698,0.11276462508080153,0.4115318382732392,3.2493186854426535,0.06392278273538518,-0.0716037273173124,-0.07895703268453912,-0.17233383890782164,0.1512230698859096,0.4725053288834035,Credit Services,Financial Services,WU
2015Q1,2015,Q1,2015-04-30,2015-03-31,203900000.0,1320900000.0,272300000.0,0.39,549100000.0,0.4157014157014157,10353000000.0,1349900000.0,5227400000.0,766500000.0,9003100000.0,0.0,931900000.0,10842010000.0,12232010000.0,2.590978886756238,6.81983039791259,0.3601468173476287,2.762130528187273,0.047002363833641585,2.590978886756238,0.1510482257945033,8.20804754334166,13.293293281020107,8.031713460256315,0.39480137322216774,0.0,0.007424822519071648,0.12758620689655173,6.81983039791259,0.019694774461508743,64.76708482676224,0.4157014157014157,-0.07142857142857137,0.2836472761616716,0.40247623656511683,3.642113775299734,-0.05,-0.07945823927765237,-0.013763129300977906,-0.020247929073533445,0.12646373484871223,0.6581300690415411,Credit Services,Financial Services,WU
2014Q4,2014,Q4,2015-02-20,2014-12-31,221500000.0,1409900000.0,276100000.0,0.42,578000000.0,0.40995815306050076,9890400000.0,1300400000.0,5205100000.0,4080400000.0,8590000000.0,0.0,968700000.0,9363348000.0,10466248000.0,2.4873756694720734,1.275634741691991,0.37616274367063013,2.8609658566594893,0.05163441659635298,2.4873756694720734,0.1703322054752384,6.641143343499539,10.568112866817156,7.200359889264842,0.2948081264108352,0.0,0.006974001179919832,0.142552374019251,1.2491177335555337,0.022395454177788564,42.38727025803531,0.40995815306050076,-0.0454545454545455,0.29149538316940615,0.39951660884663887,3.7981371117765397,-0.037308461025982675,-0.05382315249893208,-0.1209805794333015,-0.4200742832561484,0.16649495370498812,0.7209815343877521,Credit Services,Financial Services,WU
2014Q3,2014,Q3,2014-10-30,2014-09-30,234100000.0,1440900000.0,314100000.0,0.44,600400000.0,0.41668401693386076,9846600000.0,1179700000.0,5133200000.0,797600000.0,8666900000.0,0.0,856200000.0,8465912000.0,9620612000.0,2.2351269420234936,6.435807422266801,0.3772063453374769,3.148427566330423,0.05507695138342969,2.2351269420234936,0.19844028142748157,5.875433409674509,9.040914139256728,7.17632618462321,0.2797949594190517,0.0,0.007736910093088612,0.14633477545548718,6.435807422266801,0.02377470395872687,28.97300479123888,0.41668401693386076,0.22222222222222227,0.711424258728507,0.4509093214907343,3.7649958983797553,0.03911388023537556,0.20794633642930857,0.1286381602587136,0.15631063080461038,0.20923171521633635,1.7828866827465255,Credit Services,Financial Services,WU
2014Q2,2014,Q2,2014-07-31,2014-06-30,193800000.0,1405600000.0,278300000.0,0.36,577800000.0,0.41107000569151964,9874600000.0,1070200000.0,5208400000.0,790600000.0,8804400000.0,0.0,810100000.0,9313314000.0,10416914000.0,1.992552597281698,6.587907918036934,0.3801774249083507,3.507849000186881,0.048167879965494584,1.992552597281698,0.1810876471687535,6.625863688104724,12.014078947368422,8.70240515791441,0.3446852425180599,0.0,0.007172527416127063,0.14234500638000527,6.587907918036934,0.019626111437425313,45.96897334649556,0.41107000569151964,-0.027027027027027053,0.1480252460864355,0.46175741930722375,3.8878933811469105,0.043713872832369945,-0.04532019704433497,0.023161764705882354,-0.13481114665667643,0.20881184778589182,2.3170665896715366,Credit Services,Financial Services,WU
2014Q1,2014,Q1,2014-05-01,2014-03-31,203000000.0,1350800000.0,272000000.0,0.37,553600000.0,0.4098312111341427,9922600000.0,1067700000.0,5209900000.0,926100000.0,8854900000.0,0.0,827100000.0,8930924000.0,10214824000.0,1.9558527202784393,5.625634380736422,0.3874085421159777,3.600355905216821,0.04943491671537997,1.9558527202784393,0.1901283131965908,6.611581285164347,10.99867487684729,8.364638006930786,0.3330049261083744,0.0,0.00756920560515351,0.13613367464172696,5.625634380736422,0.02045834761050531,59.066957671957674,0.4098312111341427,0.1935483870967742,0.17438281440411574,0.45661061781230294,11.142084798146483,-0.03922249219021173,0.1707035755478662,0.14093959731543623,0.14442512290826753,0.24763759375673275,3.513882000528442,Credit Services,Financial Services,WU
2013Q4,2013,Q4,2014-02-24,2013-12-31,173400000.0,1421900000.0,238400000.0,0.31,576200000.0,0.405232435473662,10121300000.0,1104700000.0,5590500000.0,4126200000.0,9016600000.0,0.0,877300000.0,9508200000.0,11109500000.0,2.0041727140783743,1.3548785807765014,0.416250876863644,3.8137050783018016,0.04032036750047228,2.0041727140783743,0.15696569204308863,6.686968141219495,13.708477508650518,8.607042636009778,0.3956170703575548,0.0,0.007214825098336173,0.14048590596069674,1.3280257864378848,0.017132186576823135,46.930898321816386,0.405232435473662,-0.20512820512820515,-0.07160261660096291,0.4122534560705075,175.95685507713807,-0.024381984422621062,-0.1912313432835821,-0.19268540467321368,-0.1611462721819859,0.22975089922382774,1.224985976896002,Credit Services,Financial Services,WU
2013Q3,2013,Q3,2013-11-04,2013-09-30,214400000.0,1408800000.0,295300000.0,0.39,590600000.0,0.41922203293583193,9940900000.0,1050300000.0,5150700000.0,1295900000.0,8890600000.0,0.0,832000000.0,10302186000.0,11796486000.0,1.9023727585582322,3.9746122385986573,0.39922944602601373,3.7786346758069125,0.0501173174040355,1.9023727585582322,0.20413215271827098,7.312738500851789,12.012810167910446,9.808803199085975,0.3218283582089552,0.0,0.006697607672779349,0.14171755072478348,3.9746122385986573,0.021567463710529228,37.61294633077765,0.41922203293583193,0.08333333333333341,0.16903806125930543,0.34291837701828154,16.288581071827746,0.028561476837338905,0.07955689828801611,0.06683526011560693,0.07362371129634389,0.26491662618018386,1.8639878601318658,Credit Services,Financial Services,WU
2013Q2,2013,Q2,2013-08-07,2013-06-30,198600000.0,1385900000.0,276800000.0,0.36,574200000.0,0.4143156071866657,9589400000.0,928600000.0,4858200000.0,752200000.0,8660800000.0,0.0,707400000.0,9513584000.0,10986484000.0,1.6710455281626777,6.458654613134804,0.3876467766492168,4.003122980831359,0.05095810353859837,1.6710455281626777,0.2138703424510015,6.864552998051807,11.97581067472306,10.245082920525522,0.34894259818731116,0.0,0.007284321029803279,0.14452416209564728,6.458654613134804,0.02071036769766617,55.50515752625438,0.4143156071866657,-0.027027027027027053,0.13700036262709941,0.36352910651366654,47.2637267251691,0.014487632508833921,-0.06320754716981132,-0.0676995621421354,0.0823491955440002,0.31083333599480567,1.7981755616694526,Credit Services,Financial Services,WU
2013Q1,2013,Q1,2013-05-06,2013-03-31,212000000.0,1325400000.0,296900000.0,0.37,566000000.0,0.4270408933152256,9361700000.0,917600000.0,4736300000.0,752700000.0,8444100000.0,0.0,702800000.0,8321016000.0,9698716000.0,1.616631430584919,6.2924139763518,0.3980900904750206,4.0614646904969485,0.05416629576366467,1.616631430584919,0.23103748910200522,6.278116794929833,9.81251886792453,9.068238884045336,0.33160377358490567,0.0,0.008448487540463808,0.14157685035837508,6.2924139763518,0.02264545969214993,41.73027081243731,0.4270408933152256,-0.07500000000000007,0.3466648563725586,0.3773722561908925,162.12684989429175,-0.06800592787749053,-0.10886927280369903,0.03811188811188811,0.22506653162044285,0.2917184831728628,1.8964292499102895,Credit Services,Financial Services,WU
2012Q4,2012,Q4,2013-02-22,2012-12-31,237900000.0,1424700000.0,286000000.0,0.4,607300000.0,0.4262651786340984,9465700000.0,940600000.0,5022700000.0,4189100000.0,8525100000.0,0.0,754700000.0,8002680000.0,9680880000.0,1.5996598639455781,1.1989926237139241,0.4256631839166675,4.283648734850096,0.055925535331441116,1.5996598639455781,0.252923665745269,5.617098336491893,8.409709962168979,8.50805868594514,0.5544346364018495,0.0,0.01648197853719004,0.15051184804082107,1.1764102074431262,0.02513284807251445,33.26134663341646,0.4262651786340984,-0.11111111111111108,0.24171280102669931,0.3820362252302953,22.559487582015056,-0.02878618263233648,-0.11725417439703154,-0.21772428884026257,0.23330877724357513,0.25739411518031874,2.0857370897439593,Credit Services,Financial Services,WU
2012Q3,2012,Q3,2012-11-06,2012-09-30,269500000.0,1421600000.0,365600000.0,0.45,625300000.0,0.4398564997186269,9355100000.0,1146700000.0,4759600000.0,4966800000.0,8208400000.0,0.0,940300000.0,10911210000.0,12911210000.0,1.9064006650041563,0.9582829991141177,0.36696561233979325,2.9938083195255953,0.06644328289101042,1.9064006650041563,0.2350222377256475,7.675302476083287,10.121716141001855,9.515313508328246,0.0,0.0,0.0,0.15195989353400818,0.8853386486268825,0.028807816057551495,30.988952002272082,0.4398564997186269,0.02272727272727275,0.5690950616985047,0.4240329814978937,10.864060817900604,-0.0036647546207775653,-0.006268436578171091,0.056952876553917314,0.7288160813436022,0.25608086169174876,3.064194824294575,Credit Services,Financial Services,WU
2012Q2,2012,Q2,2012-08-02,2012-06-30,271200000.0,1425100000.0,345900000.0,0.44,627600000.0,0.44039014805978527,9166000000.0,1052800000.0,4507100000.0,4177700000.0,8113200000.0,0.0,842800000.0,10287556000.0,12386256000.0,1.7233589785562284,1.0788472125810853,0.4007309622518001,3.4888867781155017,0.06401090291549939,1.7233589785562284,0.25759878419452886,7.218830959230931,9.48336651917404,9.771614741641338,0.22382005899705015,0.0,0.005900332401592759,0.15547676194632337,1.0788472125810853,0.029587606371372463,55.5483585313175,0.44039014805978527,0.09999999999999995,0.660252439284538,0.4831790053504817,16.32587147441632,0.02817824377457405,0.09664375252729479,0.04030075187969925,0.41244770858915,0.30299852971321306,3.2275395671445857,Credit Services,Financial Services,WU
2012Q1,2012,Q1,2012-05-01,2012-03-31,247300000.0,1393400000.0,332500000.0,0.4,610400000.0,0.4380651643462035,9197800000.0,967400000.0,4581000000.0,3943000000.0,8230400000.0,0.0,794900000.0,10896160000.0,12650760000.0,1.5625908576966565,1.1618057316763886,0.395061862619322,3.756150506512301,0.06160363867246917,1.5625908576966565,0.25563365722555303,7.81983637146548,11.015123331985444,11.263345048583833,0.24909017387788113,0.0,0.005653367791956065,0.15149274826588968,1.1618057316763886,0.026886864250146775,78.27701149425287,0.4380651643462035,-0.4520547945205479,0.5882925290936921,0.5287156093933453,7.962774343866425,-0.044607919862263264,-0.4532390006632766,-0.072265625,0.26150813658605826,0.32489211644436977,8.70068477153034,Credit Services,Financial Services,WU
2011Q4,2011,Q4,2012-02-24,2011-12-31,452300000.0,1431300000.0,358400000.0,0.73,638900000.0,0.4463774191294627,9069900000.0,894800000.0,4462100000.0,3928600000.0,8175100000.0,0.0,760000000.0,11304766000.000002,12804566000.000002,1.4453238572120821,1.135799012370819,0.39506499520391625,4.004470272686634,0.1026663663813534,1.4453238572120821,0.5054760840411265,7.898250541465802,6.248488834844131,12.633846669646848,0.21932345788193677,0.0,0.008775060005664867,0.15780769357986307,1.135799012370819,0.04986824551538606,44.52448207955889,0.4463774191294627,0.9210526315789473,1.5839271526153478,0.513812600288696,4.526994241138251,0.046005239030779306,0.886942010846892,-0.012672176308539946,1.156054860723291,0.2656763589380062,127.17141968329176,Credit Services,Financial Services,WU
2011Q3,2011,Q3,2011-11-03,2011-09-30,239700000.0,1410800000.0,363000000.0,0.38,610800000.0,0.43294584632832434,8819700000.0,501900000.0,5428100000.0,4500900000.0,8317800000.0,0.0,357300000.0,9554721000.0,10866421000.0,0.8031685069611137,1.2060032437956854,0.4515799857137998,7.935445307830245,0.06180874802298506,0.8031685069611137,0.4775851763299462,6.772555287779983,9.96529098873592,19.037101016138674,0.0,0.0,0.0,0.1599600893454426,1.2060032437956854,0.027177795163100787,29.16581501831502,0.43294584632832434,-0.07317073170731701,0.1352879149544207,0.5122870308144428,2.067769617938731,0.014449427005480818,-0.08928571428571429,0.03507271171941831,0.15472648381216084,0.18815458273527041,7.454732269358219,Credit Services,Financial Services,WU
2011Q2,2011,Q2,2011-08-02,2011-06-30,263200000.0,1366300000.0,350700000.0,0.41,602100000.0,0.4406792066164093,8009500000.0,379100000.0,4675000000.0,3779700000.0,7630400000.0,0.0,307700000.0,12640933000.0,13977133000.0,0.600697195373158,1.2368706511098764,0.4476559086085274,9.457926668425218,0.06983235346070069,0.600697195373158,0.6942759166446848,9.251945399985361,12.006965235562312,33.34458718016354,0.1911094224924012,0.0,0.003979136666573583,0.17058493039515576,1.2368706511098764,0.03286097758911293,62.827698807157056,0.4406792066164093,0.2812499999999999,0.45487280973802363,0.5363255185817838,-0.8587203030891224,0.11997767857142858,0.2521408182683159,0.12080536912751678,0.32681221344472766,0.18364318846822736,16.349548407542386,Credit Services,Financial Services,WU
2011Q1,2011,Q1,2011-05-04,2011-03-31,210200000.0,1283000000.0,312900000.0,0.32,537600000.0,0.4190179267342167,7887700000.0,280300000.0,4749400000.0,3473400000.0,7607400000.0,0.0,230200000.0,13436113000.0,14803613000.0,0.43329726387386,1.3673633903379974,0.45428959012132814,12.783803068141276,0.061970850712612796,0.43329726387386,0.749910809846593,10.472418550272797,15.98015342530923,47.9347591865858,0.2126546146527117,0.0,0.003326855021240146,0.1626583161124282,0.6379340127828641,0.026649086552480446,58.49417936438833,0.4190179267342167,-0.13513513513513511,0.08335021003413218,0.4450980127308095,-0.8900052875160206,-0.06259808195292066,-0.13355317394888705,-0.028562558211735485,0.1715521165870823,0.16986637041296004,42.72203607224476,Credit Services,Financial Services,WU
2010Q4,2010,Q4,2011-02-25,2010-12-31,242600000.0,1357000000.0,322100000.0,0.37,573500000.0,0.42262343404568903,7929200000.0,582700000.0,4987500000.0,3512200000.0,7346500000.0,0.0,591600000.0,12012933000.0,13145433000.0,0.9007574586489411,1.4200501110415125,0.41490944862028956,5.645958469195127,0.06998971705998738,0.9007574586489411,0.41633773811566843,8.852566691230656,12.379362118713932,20.61598249528059,0.3511953833470734,0.0,0.007092356213091342,0.171139585330172,0.6325095381811969,0.030595772587398477,46.453723897911836,0.42262343404568903,0.027777777777777804,0.23820268147022447,0.6106590731909148,-0.7547728022634026,-0.006065857885615251,0.01761744966442953,-0.08285876993166287,0.15095326110927604,0.196509152391634,12.2661852933563,Credit Services,Financial Services,WU
2010Q3,2010,Q3,2010-11-05,2010-09-30,238400000.0,1329600000.0,351200000.0,0.36,577000000.0,0.43396510228640195,7570400000.0,437800000.0,4390100000.0,3331300000.0,7132600000.0,0.0,465300000.0,11646297000.000002,12946097000.000002,0.664239113943256,1.3178338786659862,0.4354459473739829,7.529693924166286,0.07265334795759039,0.664239113943256,0.544540886249429,8.759248646209388,12.212979236577183,26.60186614892645,0.0,0.0,0.0,0.1756314065306985,0.5993756191276679,0.031491070485047026,34.294160777385166,0.43396510228640195,0.09090909090909081,0.19174777350270844,0.5456883609103244,0.0,0.057357522448231626,0.07873303167420814,0.1292604501607717,0.26672125293369625,0.21548039867513769,4.436892956366232,Credit Services,Financial Services,WU
2010Q2,2010,Q2,2010-08-04,2010-06-30,221000000.0,1273400000.0,311000000.0,0.33,545700000.0,0.42853777289147166,7347700000.0,399700000.0,4088100000.0,3116300000.0,6948000000.0,0.0,364900000.0,9979263000.0,11335163000.0,0.5971910951740624,1.3118441741809197,0.4486437932958613,8.247435576682513,0.06828881218600445,0.5971910951740624,0.5529146860145109,7.836707240458614,11.288759049773756,24.966882661996497,0.17918552036199095,0.0,0.003968228916303739,0.17330593246866366,1.3118441741809197,0.030077439198660804,44.790228904847396,0.42853777289147166,0.10000000000000009,0.08792976391087864,0.4577943490473594,0.0,0.05327156919513607,0.06301106301106302,-0.015199493350221659,0.23488357905588345,0.20965736757216927,6.310834297547942,Credit Services,Financial Services,WU
2010Q1,2010,Q1,2010-05-06,2010-03-31,207900000.0,1232700000.0,315800000.0,0.3,518100000.0,0.42029690922365537,7041000000.0,380600000.0,3817400000.0,3070600000.0,6660400000.0,0.0,400500000.0,11565024000.0,12858624000.0,0.5581463557706409,1.2432097961310493,0.43289305496378355,8.008407777193904,0.06938102508566052,0.5581463557706409,0.546242774566474,9.38186420053541,13.906955266955269,30.386295323173936,0.19480519480519481,0.0,0.0035019382579750805,0.17507456327226245,1.2432097961310493,0.029527055815935236,193.71899497487436,0.42029690922365537,-0.09090909090909098,0.004530687717085782,0.38512493473575876,0.0,-0.059880239520958084,-0.07063030844881538,-0.008788449466415568,0.21227452705675323,0.2278587329909448,3.4870535412007326,Credit Services,Financial Services,WU
2009Q4,2009,Q4,2010-02-26,2009-12-31,223700000.0,1314000000.0,318600000.0,0.33,551100000.0,0.41940639269406393,7353400000.0,353500000.0,4319200000.0,3409300000.0,6999900000.0,0.0,433200000.0,12853815000.000002,14217115000.000002,0.5184044581316909,1.2668876308919719,0.4145701308238366,8.623762376237623,0.07374052284295156,0.5184044581316909,0.6328147100424328,9.782203196347034,14.365014528386231,36.36157001414427,0.0,0.0,0.0,0.17869284956618706,0.5326899950136391,0.030421301710773247,61.237803716055275,0.41940639269406393,0.2692307692307693,0.3336903953288956,0.6597265065141106,0.0,-0.03569553805774278,0.23591160220994475,0.13179396092362344,0.1602719030376883,0.2617604878209024,2.2650517939541452,Credit Services,Financial Services,WU
2009Q3,2009,Q3,2009-10-30,2009-09-30,181000000.0,1314100000.0,281500000.0,0.26,571500000.0,0.4348984095578723,6214200000.0,327600000.0,2881500000.0,2279800000.0,5886600000.0,0.0,425600000.0,13213728000.000002,14640728000.000002,0.4690721649484536,1.2639266602333539,0.491197579736732,9.317460317460318,0.06115378614208385,0.4690721649484536,0.5525030525030525,10.055344342135303,18.251005524861878,40.33494505494506,0.0,0.0,0.0,0.21146728460622446,0.7129572769541188,0.029126838531106175,39.16339063426201,0.4348984095578723,-0.16129032258064513,0.05362016548735754,0.6206380817026551,0.0,0.0315884476534296,-0.17801998183469572,-0.1761779338601112,-0.23295145643132706,0.2603857547019333,1.6236063814899473,Credit Services,Financial Services,WU
2009Q2,2009,Q2,2009-08-04,2009-06-30,220200000.0,1254300000.0,341700000.0,0.31,554000000.0,0.4416806186717691,5859200000.0,285600000.0,3002100000.0,2041900000.0,5573600000.0,0.0,373200000.0,11489839999.999998,12757239999.999998,0.40765058521267483,1.4702482981536804,0.520514746040415,10.678571428571429,0.07628919714687275,0.40765058521267483,0.7710084033613446,9.16036036036036,13.044777475022705,40.23053221288515,0.0,0.0,0.0,0.2140735936646641,0.8729124834712767,0.03758192244675041,50.416147433084674,0.4416806186717691,-0.03125000000000003,0.27778242841192763,0.5420311414531951,0.0,0.041157677128359334,-0.01652523447967843,0.0023467292461132297,0.09643907423517475,0.2704765266713136,-0.9041234892255298,Credit Services,Financial Services,WU
2009Q1,2009,Q1,2009-05-04,2009-03-31,223900000.0,1201200000.0,340900000.0,0.32,532100000.0,0.442973692973693,5654000000.0,113900000.0,2692200000.0,2294800000.0,5540100000.0,0.0,153100000.0,8888247000.0,10434847000.0,0.16108046952340546,1.1731741328220324,0.5406084188185355,26.83582089552239,0.07888034619608228,0.16108046952340546,1.9657594381035997,7.399473026973027,9.924349039749888,78.03553116769096,0.0,0.0,0.0,0.21245136186770427,0.6580094125849747,0.03960028298549699,25.837927325581397,0.442973692973693,-0.058823529411764754,0.2873095356314864,0.46317523345630535,0.0,-0.01862781261527112,-0.06552587646076795,0.019742746036494167,0.05571469717060951,0.23777664758065808,-0.9591089041883047,Credit Services,Financial Services,WU
2008Q4,2008,Q4,2009-02-19,2008-12-31,239600000.0,1291600000.0,334300000.0,0.34,542200000.0,0.41978940848559926,5578300000.0,-8100000.0,2503100000.0,1974800000.0,5586400000.0,0.0,29200000.0,10139814000.0,11987714000.0,-0.011455239711497667,1.267520761596111,0.5635229370955309,-388.08641975308643,0.08370390261262942,-0.011455239711497667,-29.580246913580247,7.850583772065655,10.579939482470785,-1251.8288888888887,0.0,0.0,0.0,0.23154007493322337,1.2150091148470732,0.042952153882007064,32.30268875438038,0.41978940848559926,0.030303030303030328,0.3775764392018944,0.5732909852915117,0.0,-0.08381209868198716,-0.0049833887043189366,-0.10900852878464819,0.11877839567232475,0.40251697390829855,-1.0031186378829047,Credit Services,Financial Services,WU
2008Q3,2008,Q3,2008-11-03,2008-09-30,240800000.0,1377400000.0,375200000.0,0.33,591800000.0,0.4296500653404966,5504200000.0,-90200000.0,1129600000.0,810700000.0,5594400000.0,0.0,-72900000.0,17883283000.0,19836183000.0,-0.1244309559939302,1.3933637597138275,0.5600268885578286,-34.174057649667404,0.09067132165751957,-0.1244309559939302,-2.669623059866962,12.9833621315522,18.5665313538206,-198.26256097560977,0.0,0.0,0.0,0.2502452672504633,1.3933637597138275,0.043748410304858106,51.300295467584625,0.4296500653404966,0.06451612903225812,0.3504798628516488,0.6366048506564201,0.0,0.08051853204308929,0.04017278617710583,0.11600237953599048,0.09447990610232825,0.4559089666713598,0.0,Credit Services,Financial Services,WU
2008Q2,2008,Q2,2008-08-05,2008-06-30,231500000.0,1347100000.0,336200000.0,0.31,547700000.0,0.40657709152995325,6024300000.0,25500000.0,3317000000.0,2432400000.0,5998800000.0,0.0,209500000.0,18206280000.0,19700380000.0,0.034623217922606926,1.3636737378720605,0.5591852995368757,132.10588235294117,0.0744492897356606,0.034623217922606926,9.07843137254902,13.515165911959024,19.661209503239743,713.9717647058823,0.0,0.0,0.0,0.2236110419467822,0.7706791646110837,0.038427701143701344,80.5587610619469,0.40657709152995325,0.14814814814814806,0.27787382391653626,0.5753931039846258,0.0,0.07963729548590577,0.1178174794785128,0.08697057872615584,0.03563722887175833,0.40145554695349894,0.0,Credit Services,Financial Services,WU
2008Q1,2008,Q1,2008-05-02,2008-03-31,207100000.0,1265900000.0,309300000.0,0.27,507300000.0,0.40074255470416303,5972800000.0,7400000.0,3277800000.0,2984200000.0,5965400000.0,0.0,363000000.0,15882309000.0,17366209000.0,0.009910271862863265,1.098384826754239,0.5657815429949102,456.6621621621622,0.06466323393243405,0.009910271862863265,27.986486486486488,12.546258788213919,19.172270642201834,2146.2579729729728,0.0,0.0,0.0,0.21194414679882131,0.6351450975135715,0.03467385480846504,53.92974193548387,0.40074255470416303,-0.15624999999999997,0.127570428209472,0.46020927832453395,0.0,-0.08824586628324946,-0.1487875051376901,-0.1516730663741086,-0.08617432192986935,0.29898905082477406,0.0,Credit Services,Financial Services,WU
2007Q4,2007,Q4,2008-02-26,2007-12-31,243300000.0,1309100000.0,364600000.0,0.32,556400000.0,0.42502482621648463,5784200000.0,50700000.0,3134800000.0,2787200000.0,5733500000.0,0.0,453100000.0,18129876000.0,19471276000.0,0.0678987545198875,1.1247129735935706,0.5770893122644445,65.83826429980276,0.07809471433663462,0.0678987545198875,4.798816568047338,13.849114658925979,18.62913686806412,357.5912426035503,0.0,0.0,0.0,0.22632343279969572,1.1247129735935706,0.04206286089692611,120.54438829787235,0.42502482621648463,0.14285714285714277,0.3246638589249858,0.5100402608852576,0.0,0.04,0.12482662968099861,0.10451378370190852,0.3246638589249858,0.5100402608852576,0.0,Credit Services,Financial Services,WU
2007Q3,2007,Q3,2007-11-07,2007-09-30,216300000.0,1257200000.0,330100000.0,0.28,535000000.0,0.4255488386891505,5685300000.0,-146400000.0,3080500000.0,2343800000.0,5831700000.0,0.0,776200000.0,15968099999.999998,17193400000.0,-0.19326732673267327,1.3143186278692722,0.5756248570875767,-22.353825136612024,0.07441978252980377,-0.19326732673267327,-1.4774590163934427,12.70132039452752,18.455963938973646,-109.0717213114754,0.0,0.0,0.0,0.22113169050006157,1.3143186278692722,0.038045485726346896,46.60858143607705,0.4255488386891505,0.07692307692307698,0.1608700646541503,0.42949812581889607,0.0,0.038834951456310676,0.05770171149144254,0.02293151533932445,0.1608700646541503,0.42949812581889607,0.0,Credit Services,Financial Services,WU
2007Q2,2007,Q2,2007-08-07,2007-06-30,204500000.0,1202900000.0,322700000.0,0.26,515000000.0,0.42813201429877795,5327700000.0,-86000000.0,2738100000.0,2005500000.0,5413700000.0,0.0,570700000.0,15930783999.999998,17251484000.0,-0.11244769874476987,1.3652954375467465,0.5923381571785198,-36.6953488372093,0.07208992220746896,-0.11244769874476987,-2.377906976744186,13.243647851026683,19.475286063569683,-185.24167441860465,0.0,0.0,0.0,0.22578223248306023,1.3652954375467465,0.03838429340991422,96.66737864077669,0.42813201429877795,0.040000000000000036,0.08706412373268961,0.3547011539653657,0.0,0.060980634528224144,0.05848861283643892,0.05942219304005253,0.08706412373268961,0.3547011539653657,0.0,Credit Services,Financial Services,WU
2007Q1,2007,Q1,2007-05-08,2007-03-31,193200000.0,1131000000.0,304600000.0,0.25,485400000.0,0.42917771883289124,5353900000.0,-172400000.0,2764300000.0,1792800000.0,5526300000.0,0.0,385200000.0,16861990000.0,18579790000.0,-0.2244207237698516,1.5418897813476127,0.6124133808999047,-19.018561484918795,0.06715472227671808,-0.2244207237698516,-1.1206496519721578,14.908921308576481,21.819345238095238,-97.80736658932715,0.0,0.0,0.0,0.2112478753805637,0.8707050423917894,0.036085843964213,66.49049684542587,0.42917771883289124,-0.10714285714285723,0.022451106302562494,0.2680902320034543,0.0,-0.07029304730894465,-0.11049723756906077,-0.09128878281622911,0.022451106302562494,0.2680902320034543,0.0,Credit Services,Financial Services,WU
