Quarters,Year,Quarter,FillingDate,Date,NetIncome,Revenue,OperatingIncome,EPSDiluted,GrossProfit,GrossProfitRatio,TotalAssets,CommonStockEquity,CurrentAssets,CurrentLiability,TotalLiability,Inventory,RetainedEarnings,MarketCap,EnterpriseValue,bookValuePerShare,currentRatio,debtToAssets,debtToEquity,roic,shareholdersEquityPerShare,roe,priceToSalesRatio,peRatio,pbRatio,payoutRatio,inventoryTurnover,dividendYield,assetTurnover,quickRatio,returnOnAssets,priceToFreeCashFlowsRatio,grossProfitMargin,epsdilutedGrowth,fiveYNetIncomeGrowthPerShare,fiveYRevenueGrowthPerShare,fiveYShareholdersEquityGrowthPerShare,grossProfitGrowth,netIncomeGrowth,operatingIncomeGrowth,threeYNetIncomeGrowthPerShare,threeYRevenueGrowthPerShare,threeYShareholdersEquityGrowthPerShare,Industry,Sector,Symbol
2023Q1,2023,Q1,2023-05-09,2023-03-31,-33701000.0,0.0,-35713000.0,-0.54,0.0,0.0,560132000.0,54936000.0,417037000.0,139191000.0,505196000.0,0.0,-669418000.0,292153757.25,629801757.25,0.8743765693946077,2.996149176311687,0.6096366570736897,6.215905781272753,-0.07184912660385931,0.8743765693946077,-0.6134592980923256,0.0,-2.1672484292009138,5.318074800677152,0.0,0.0,0.0,0.0,2.9479564052273495,-0.06016617511586555,1.6738594655062766,0.0,-1.2634146341463415,0.13824185915785633,-1.0,2.445093783666064,0.0,-1.2617899062400473,0.11026682279080197,-0.003276414790240812,-1.0,1.3600564536925068,Biotechnology,Healthcare,OMER
2022Q4,2022,Q4,2023-03-13,2022-12-31,128733000.0,0.0,-40139000.0,2.05,0.0,0.0,590969000.0,85684000.0,443236000.0,136683000.0,505285000.0,0.0,-635717000.0,141844226.32,472858226.32,1.3652007207056547,3.2428026894346775,0.5787494775529681,3.9916787264833573,0.235589569779056,1.3652007207056547,1.502415853601606,0.0,0.2754620538634227,1.6554342271602631,0.0,0.0,0.0,0.0,3.1967106370214293,0.217833761161753,-5.585517870446938,0.0,2.867924528301886,6.952065961928331,-1.0,24.301169733088994,0.0,2.8646952867006905,0.2093330181617618,4.552841826526363,-1.0,1.6339136068017497,Biotechnology,Healthcare,OMER
2022Q3,2022,Q3,2022-11-09,2022-09-30,33310000.0,0.0,-50766000.0,0.53,0.0,0.0,457551000.0,-46314000.0,288545000.0,39514000.0,503865000.0,-47744000.0,-764450000.0,197599547.25,394827547.25,-0.7383068535851618,7.302348534696563,0.7491208630294764,-7.400807531200069,0.09514025388587043,-0.7383068535851618,-0.7192209699011098,0.0,1.4830347286850796,-4.266518703847648,0.0,0.0,0.0,0.0,7.150933846231715,0.07280062768959089,-7.445628970571612,0.0,3.8181818181818183,4.283280010028179,-1.0,-4.7081432464773485,0.0,4.055395355896191,-0.356001923179657,2.5925062737223117,-1.0,0.7394665371266173,Biotechnology,Healthcare,OMER
2022Q2,2022,Q2,2022-08-09,2022-06-30,6589000.0,0.0,-37438000.0,0.11,0.0,0.0,345638000.0,-32702000.0,192722000.0,38501000.0,378340000.0,-43794000.0,-746994000.0,172507541.25,501394541.25,-0.5213134414203472,5.00563621724111,0.9924342809529045,-10.489358449024525,0.017452852043146807,-0.5213134414203472,-0.2014861476362302,0.0,6.5452853714524215,-5.275137338694881,0.0,0.0,0.0,0.0,4.696916963195761,0.019063297438360365,-8.813996589515634,0.0,1.1833333333333333,1.3221382468698808,-1.0,0.5814525878129674,0.0,1.1758989828879576,-0.06825315299891571,1.3567195272474468,-1.0,0.8035817013308383,Biotechnology,Healthcare,OMER
2022Q1,2022,Q1,2022-05-10,2022-03-31,-37459000.0,0.0,-35046000.0,-0.6,0.0,0.0,369263000.0,-4925000.0,210222000.0,35066000.0,374188000.0,0.0,-716145000.0,376975897.75,710137897.75,-0.07851761923418617,5.9950379284777275,0.9265076652683859,-69.46700507614213,-0.0909640969445104,-0.07851761923418617,7.605888324873097,0.0,-2.515923394578072,-76.5433294923858,0.0,0.0,0.0,0.0,5.777647864027833,-0.10144260323942556,-24.812472701243994,0.0,0.6590909090909092,-0.7346582645176544,-1.0,0.9284743182118324,1.0,0.6598038325311053,-1.1227225453564962,-0.20234060588418484,-1.0,0.9681995116816121,Biotechnology,Healthcare,OMER
2021Q4,2021,Q4,2022-03-01,2021-12-31,-110110000.0,-79889000.0,285571000.0,-1.76,-78951000.0,0.988258709,419268000.0,23780000.0,247889000.0,51789000.0,395488000.0,0.0,-683134000.0,402211899.84999996,649242899.8499999,0.38016130317632124,4.786518372627392,0.8296340288312011,14.627375946173254,0.7364855901024383,0.38016130317632124,-4.630361648444071,-5.034634303220718,-0.9132047494550903,16.913872996215307,0.0,0.0,0.0,-0.19054399572588415,4.62916835621464,-0.26262438344924965,-21.99201158346547,0.9882587089586802,-3.888888888888889,-2.8729774319243875,-5.274759884169533,1.4385080482233972,-3.6608809949108556,-3.8500198211690084,16.64515422122391,-2.6658760159652326,-3.84312089707924,1.1860294224796692,Biotechnology,Healthcare,OMER
2021Q3,2021,Q3,2021-11-09,2021-09-30,-22703000.0,30004000.0,-18253000.0,-0.36,29671000.0,0.9889014798026929,123430000.0,-262697000.0,91349000.0,42818000.0,386127000.0,712000.0,-963755000.0,862022925.3299999,1203008925.33,-4.2024307284092215,2.133425195011444,2.8226606173539657,-1.3262465882747043,-0.15074285431136292,-4.2024307284092215,0.08642276082330594,28.73026680875883,-9.492390051204685,-3.281434220147166,0.0,0.46769662921348315,0.0,0.2430851494774366,1.9680975290765566,-0.18393421372437818,-36.27431936248106,0.9889014798026929,0.21739130434782614,-0.06803831149077974,0.7457212553520507,-6.5771372510010115,0.04178224079210702,0.20599447417200015,0.23996502331778813,0.5523904498020926,4.067245123807133,-1.297126822882866,Biotechnology,Healthcare,OMER
2021Q2,2021,Q2,2021-08-09,2021-06-30,-28593000.0,28823000.0,-24016000.0,-0.46,28481000.0,0.988134475939354,145391000.0,-246296000.0,112401000.0,47697000.0,391687000.0,978000.0,-941052000.0,925623051.64,1261785051.6399999,-3.9487268964662103,2.3565633058682938,2.39948827644077,-1.4164420047422615,-0.17296736695787449,-3.9487268964662103,0.11609201935882028,32.11404266176317,-8.09309141782954,-3.7581733022054764,0.0,0.3496932515337423,0.0,0.1982447331678027,2.2117952911084555,-0.19666279205728002,-33.44013914884393,0.988134475939354,0.19298245614035078,-0.4240453724449737,0.8097290731488553,-2.1575749015892547,0.369410520242331,0.18515246508976915,0.21547105710179015,0.34175584345873555,12.509734722284378,-2.393733566140176,Biotechnology,Healthcare,OMER
2021Q1,2021,Q1,2021-05-10,2021-03-31,-35090000.0,21061000.0,-30612000.0,-0.57,20798000.0,0.9875124637956413,161444000.0,-221955000.0,132482000.0,43434000.0,383399000.0,1191000.0,-912459000.0,1102327495.8,1437067495.8,-3.584051940147568,3.050191094534236,2.1293327717350907,-1.548818454191165,-0.19952809896885715,-3.584051940147568,0.15809510936901625,52.33975099947771,-7.853572925334854,-4.966445882273434,0.0,0.22082283795130142,0.0,0.13045390352072544,2.885043974766312,-0.2173509080548054,-27.376136090001488,0.9875124637956413,0.050000000000000044,-0.05707520576363389,0.7564485384932484,-2.370733377129187,0.9723091512565197,0.05856786413757948,0.09474804826117814,0.08968046983186087,9.340493457375858,-4.92341030207332,Biotechnology,Healthcare,OMER
2020Q4,2020,Q4,2021-03-01,2020-12-31,-37273000.0,10632000.0,-33816000.0,-0.6,10545000.0,0.9918171557562077,181042000.0,-120752000.0,151285000.0,36736000.0,301794000.0,1355000.0,-872672000.0,880810742.975,1106787742.975,-1.9583574947938152,4.1181674651567945,1.3062051899559217,-1.9583775009937723,-0.205175231107617,-1.9583574947938152,0.3086739764144693,82.84525423015425,-5.907833706536904,-7.294378088768716,0.0,0.06420664206642067,0.0,0.058726704300659516,3.7781467770034842,-0.20588040344229516,-47.85194453061335,0.9918171557562077,0.09090909090909098,-0.15823080103978657,-0.01870505770385836,-1.83573524477953,-0.5898961614747404,0.03093882432467566,-0.32987258140632375,-0.7541755766917264,-0.3980907095522107,-32.42513645954642,Biotechnology,Healthcare,OMER
2020Q3,2020,Q3,2020-11-09,2020-09-30,-38463000.0,26114000.0,-25428000.0,-0.66,25713000.0,0.9846442521252968,227075000.0,-87326000.0,195985000.0,47719000.0,314401000.0,1542000.0,-835399000.0,588454448.74,833658448.74,-1.4995710065400296,4.107064272092877,1.0252471650335793,-2.6659643176144563,-0.11799835485199324,-1.4995710065400296,0.44045301513867574,22.53406022593245,-3.8248085740841846,-6.738593875134553,0.0,0.2600518806744488,0.0,0.11500165143674997,4.0005448563465285,-0.16938456457117693,-16.80626174501628,0.9846442521252968,-0.08196721311475418,-0.25736745577528153,4.218182154956592,-5.315944094800406,0.9213180901143242,-0.15525319877455399,0.08135838150289017,-3.083901920669756,-0.042133680544196556,-8.531589438067227,Biotechnology,Healthcare,OMER
2020Q2,2020,Q2,2020-08-10,2020-06-30,-33294000.0,13530000.0,-27680000.0,-0.61,13383000.0,0.9891352549889135,70689000.0,-161270000.0,38927000.0,38047000.0,231959000.0,1892000.0,-796936000.0,802436320.64,977968320.64,-2.958358612315368,1.0231292874602465,2.3111375178599216,-1.0130340422893285,-0.7616112700858464,-2.958358612315368,0.20644881255038136,59.307932050258685,-6.025382355980057,-4.975732130216407,0.0,0.0776955602536998,0.0,0.19140177396766117,0.8375956054353826,-0.47099265798073253,-21.261660280331736,0.9891352549889135,-0.150943396226415,-0.3857876715234189,1.9474231996436102,-15.1155448053521,-0.424881822088526,-0.14684302986462747,-0.16906702707268656,-0.8731018033275101,-0.3627234294547931,-1.3751801567445443,Biotechnology,Healthcare,OMER
2020Q1,2020,Q1,2020-05-11,2020-03-31,-29031000.0,23537000.0,-23677000.0,-0.53,23270000.0,0.9886561583889196,118214000.0,-131864000.0,85611000.0,57936000.0,250078000.0,1211000.0,-763642000.0,725988499.81,926478499.81,-2.428442985613965,1.477682270091135,1.3597881807569323,-1.219028696232482,-0.3706771037181996,-2.428442985613965,0.22015864830431353,30.844563870076897,-6.251838550256622,-5.5055852985651885,0.0,0.22047894302229562,0.0,0.19910501294262947,1.347987434410384,-0.24558004974030148,-78.85179752470945,0.9886561583889196,0.08620689655172403,-0.04481597346620078,39.75850493901219,-5.0555819346234205,-0.29516886263819475,0.006638152266894782,0.0012233189909727495,-0.5529609103033257,0.549979335757605,-1.2121918866600843,Biotechnology,Healthcare,OMER
2019Q4,2019,Q4,2020-03-02,2019-12-31,-29225000.0,33416000.0,-23706000.0,-0.58,33015000.0,0.9879997605937275,136969000.0,-109021000.0,103745000.0,55459000.0,245990000.0,1147000.0,-734611000.0,713271250.4399999,926104250.4399999,-2.153606904880034,1.8706612091815575,1.1551007892296796,-1.451215820805166,-0.27884818970993014,-2.153606904880034,0.26806761999981654,21.34520141369404,-6.101550474251496,-6.5425124557654035,0.0,0.34960767218831734,0.0,0.24396761310953574,1.7305216466218287,-0.2133694485613533,-30.971396024316107,0.9879997605937275,-0.7575757575757573,0.04953380880408868,124.05674361538604,-0.721771660680682,0.11620123064439786,-0.7751928567089837,-1.1354832897937124,-0.2702024315801019,1.209425788028948,-1.484140160002998,Biotechnology,Healthcare,OMER
2019Q3,2019,Q3,2019-11-12,2019-09-30,-16463000.0,29856000.0,-11101000.0,-0.33,29578000.0,0.9906886387995713,91263000.0,-139915000.0,63799000.0,46753000.0,231178000.0,1173000.0,-705386000.0,806263637.4799999,971654637.4799999,-2.833827353471186,1.3645969242615448,1.706836286337289,-1.1133259478969375,-0.23338589298854198,-2.833827353471186,0.11766429617982346,27.00507896168274,-12.243570999817772,-5.762524657685022,0.0,0.236999147485081,0.0,0.3271424345024818,1.2250122986760208,-0.18039073885364276,-106.63452420050257,0.9906886387995713,-0.13793103448275876,0.3813034590722258,95.08994356381588,-2.624285173265208,0.1078732489325043,-0.13907147305057774,-0.18879845791390018,0.01943537500777426,1.199333179058444,-4.109495001960498,Biotechnology,Healthcare,OMER
2019Q2,2019,Q2,2019-08-08,2019-06-30,-14453000.0,26753000.0,-9338000.0,-0.29,26698000.0,0.9979441557956117,89760000.0,-130274000.0,65944000.0,40673000.0,220034000.0,1187000.0,-688923000.0,758840077.7800001,936129077.7800001,-2.6540981413265596,1.621321269638335,1.709180035650624,-1.1776409721049481,-0.18053863851671403,-2.6540981413265596,0.11094308918126411,28.364672290210446,-13.125995948591989,-5.824954156470209,0.0,0.04633529907329402,0.0,0.29805035650623884,1.4840311754726723,-0.16101827094474153,-45.47765059211316,0.9979441557956117,0.42000000000000004,0.4446219104740556,410.00397188329197,-7.4876502769364315,0.2332779009608278,0.40632573423700963,0.5146317376163002,0.08529385698109637,1.1345501445035895,-1.1223330701617564,Biotechnology,Healthcare,OMER
2019Q1,2019,Q1,2019-05-09,2019-03-31,-24345000.0,21779000.0,-19239000.0,-0.5,21648000.0,0.9939850314523164,101246000.0,-121019000.0,76871000.0,44505000.0,222265000.0,736000.0,-674470000.0,845001515.16,1035297515.16,-2.4690696082420027,1.7272441298730479,1.4932145467475257,-1.2492418545848172,-0.32442413409328524,-2.4690696082420027,0.20116675893867905,38.79891249184995,-8.677362036968576,-6.98238718845801,0.0,0.17798913043478262,0.0,0.21510973273018194,1.6164475901584092,-0.2404539438595105,-64.35655104036557,0.9939850314523164,-0.041666666666666706,0.07785143221732917,136.28862953875085,-15.636788177200284,-0.009652774600850908,-0.03446078014787116,-0.0413531799729364,0.07337778285322312,1.2949054043758037,-1.322113484386037,Biotechnology,Healthcare,OMER
2018Q4,2018,Q4,2019-03-01,2018-12-31,-23534000.0,22016000.0,-18475000.0,-0.48,21859000.0,0.9928688226744186,95936000.0,-100156000.0,89867000.0,37356000.0,196092000.0,88000.0,-650125000.0,545978941.78,743735941.78,-2.043554713598427,2.4056911874933076,1.552920697131421,-1.487489516354487,-0.2324760217481525,-2.043554713598427,0.23497344143136706,24.799188852652616,-5.799895276833518,-5.451285412556412,0.0,1.7840909090909092,0.0,0.2294863242161441,2.230324445872149,-0.24530937291527685,-22.059755223434344,0.9928688226744186,0.4074074074074075,-7.041286543882401,81.12547063846743,-2.43449682793105,3.781058617672791,0.4037798946088366,0.478725805541448,0.0799569130605433,1.5564344754178165,-1.9591022790231258,Biotechnology,Healthcare,OMER
2018Q3,2018,Q3,2018-11-08,2018-09-30,-39472000.0,4608000.0,-35442000.0,-0.81,4572000.0,0.9921875,75610000.0,-88997000.0,66001000.0,24587000.0,164607000.0,214000.0,-626591000.0,679117927.36,859441927.36,-1.8294291314465705,2.684386057672754,1.7291628091522286,-1.4690607548569052,-0.8193166581903926,-1.8294291314465705,0.4435205681090374,147.37802243055555,-4.301263727199028,-7.630795727496433,0.0,0.16822429906542055,0.0,0.06094431953445312,2.3367226583153697,-0.5220473482343605,-18.37340856447162,0.9921875,-0.1571428571428573,-0.7458917124327201,13.42318026276492,-1.2851216054685928,1.9707602339181287,-0.17141500474833807,-0.15759218734689878,-0.544631717553837,0.10223719370900744,-6.705251748148789,Biotechnology,Healthcare,OMER
2018Q2,2018,Q2,2018-08-09,2018-06-30,-33696000.0,1655000.0,-30617000.0,-0.7,1539000.0,0.9299093655589123,106349000.0,-56297000.0,96504000.0,24442000.0,162646000.0,235000.0,-587118000.0,877694104.4,1089269104.4,-1.1635347382196681,3.9482857376646754,1.2123950389754488,-2.290299660727925,-0.41340246553516696,-1.1635347382196681,0.5985398866724693,530.3287639879154,-6.511856781220323,-15.590424079435849,0.0,0.49361702127659574,0.0,0.015561970493375585,3.6794452172489978,-0.31684359984579075,-28.209883469932183,0.9299093655589123,-0.12903225806451607,-0.4448879659975818,5.889840257004596,-1.6771684020257807,0.1111913357400722,-0.12118187262926731,-0.10574596410126764,-0.5801777311834861,-0.5938003277983552,-6.551702441195633,Biotechnology,Healthcare,OMER
2018Q1,2018,Q1,2018-05-10,2018-03-31,-30054000.0,1588000.0,-27689000.0,-0.62,1385000.0,0.8721662468513854,89035000.0,-29215000.0,78684000.0,24630000.0,118250000.0,247000.0,-553422000.0,539332492.23,694138492.23,-0.605065622229997,3.194640682095006,0.947604874487561,-2.887900051343488,-0.49150616845655454,-0.605065622229997,1.0287181242512409,339.6300328904282,-4.486361983679377,-18.460807538250897,0.0,0.8218623481781376,0.0,0.01783568259673162,2.9637028014616322,-0.337552647835121,-46.984274956877776,0.8721662468513854,-0.8235294117647057,-0.5374508382958845,-0.22183907363998298,0.011842365369707262,-0.8958176621032045,-0.81584194308501,-0.9608384675306282,-0.21639607947348782,2.0925202909172933,-2.0104800571042665,Biotechnology,Healthcare,OMER
2017Q4,2017,Q4,2018-03-01,2017-12-31,-16551000.0,13759000.0,-14121000.0,-0.34,13294000.0,0.9662039392397703,116328000.0,-2814000.0,108372000.0,26307000.0,119142000.0,443000.0,-523368000.0,933207258.85,1093475258.85,-0.05858936423981289,4.119511916980271,0.7161388487724366,-29.604477611940297,-0.1726431357206607,-0.05858936423981289,5.881663113006397,67.82522413329457,-14.095934669355325,-331.63015595238096,0.0,1.0496613995485327,0.0,0.11827762877381198,3.83521496179724,-0.14227872911079018,-223.68342733700862,0.9662039392397703,-1.125,-0.15342548105493425,3.6846314135114238,0.7677723754280751,-0.3809257706994505,-1.2121090617481958,-1.7634050880626224,0.4326581626649154,53.27226450506937,0.9531588115097414,Biotechnology,Healthcare,OMER
2017Q3,2017,Q3,2017-11-09,2017-09-30,-7482000.0,21658000.0,-5110000.0,-0.16,21474000.0,0.9915042940253024,125517000.0,9211000.0,117897000.0,24690000.0,116306000.0,822000.0,-506817000.0,1000189001.82,1167195001.8200002,0.1991041889459196,4.775091130012151,0.6552498864695618,8.928997937248942,-0.055328778544127676,0.1991041889459196,-0.8122896536749539,46.18104173146182,-33.419841012429835,108.5863643274346,0.0,0.22384428223844283,0.0,0.17255033182756122,4.511300121506683,-0.05960945529290853,-89.07988972390453,0.9915042940253024,0.5151515151515151,0.6852773480249736,7.535442502269263,7.272930443032705,0.263622454984112,0.47893307333379764,0.5719909540162492,0.6999104188651527,73.39250268957078,1.2546416100641355,Biotechnology,Healthcare,OMER
2017Q2,2017,Q2,2017-08-08,2017-06-30,-14359000.0,17151000.0,-11939000.0,-0.33,16994000.0,0.9908460148096321,60354000.0,-54850000.0,53093000.0,24753000.0,115204000.0,905000.0,-499335000.0,876565860.255,980660860.255,-1.2455301985892877,2.144911727871369,1.3453954998840176,-1.480401093892434,-0.44364757905689123,-1.2455301985892877,0.2617866909753874,51.10873186723806,-15.261610492635281,-15.981146039288971,0.0,0.1734806629834254,0.0,0.284173377075256,1.969135054336848,-0.23791298008417006,-104.31582295073189,0.9908460148096321,0.029411764705882377,0.14211118616703736,4.733881804791586,-0.3625531493311669,0.4178207909227432,0.04837961428855458,0.06176817288801572,0.38500252154377634,292.6847368793423,-2.98313256408265,Biotechnology,Healthcare,OMER
2017Q1,2017,Q1,2017-05-10,2017-03-31,-15089000.0,12257000.0,-12725000.0,-0.34,11986000.0,0.9778901852002937,58404000.0,-48113000.0,51354000.0,16973000.0,106517000.0,960000.0,-484976000.0,662688008.64,773959008.64,-1.097754222975825,3.0256289400813055,1.372885418806931,-1.6665350321119032,-0.39012201851738304,-1.097754222975825,0.3136158626566624,54.06608539120502,-10.979654195771753,-13.773574889115206,0.0,0.28229166666666666,0.0,0.2098657626189987,2.7769987627408237,-0.25835559208273406,-51.87787761390324,0.9778901852002937,0.2444444444444444,0.13167684675771066,3.1939134898639345,-0.9418126240087523,-0.04303393213572854,0.23140790546047268,-0.07320570127350932,0.3608327989540065,85.40596527374883,-7.5075508518224785,Biotechnology,Healthcare,OMER
2016Q4,2016,Q4,2017-03-16,2016-12-31,-19632000.0,12905000.0,-11857000.0,-0.45,12525000.0,0.9705540488182874,67278000.0,-37447000.0,60262000.0,16071000.0,104725000.0,1128000.0,-469887000.0,428487704.0,548558704.0,-0.8669425902592528,3.7497355485035158,1.1770266654775707,-2.1146687318076216,-0.2805527293377186,-0.8669425902592528,0.5242609554837504,33.20323161565285,-5.456495823145884,-11.442510855342217,0.0,0.33687943262411346,0.0,0.191816046850382,3.5696596353680543,-0.29180415589048425,-39.27116707909449,0.9705540488182874,-0.32352941176470584,0.00041598524896544153,4.8642068780078285,-2.5019396685335042,0.14792411328017596,-0.4061022776106575,0.015035720219305533,-6.611291311882335,53.621229748920854,-0.4570256213011942,Biotechnology,Healthcare,OMER
2016Q3,2016,Q3,2016-11-09,2016-09-30,-13962000.0,11289000.0,-12038000.0,-0.34,10911000.0,0.9665160775976614,72763000.0,-22772000.0,60649000.0,16057000.0,95535000.0,1396000.0,-450255000.0,458215694.64,518397694.64,-0.5546198503734429,3.777106557887526,0.9686104201311105,-3.0949850693834535,-0.252331942901461,-0.5546198503734429,0.6131213771298085,40.58957344671804,-8.204692999570263,-20.121890683295277,0.0,0.2707736389684814,0.0,0.1551475337740335,3.605779410848851,-0.19188323735964707,-40.68688462440064,0.9665160775976614,-0.06250000000000006,-0.16168345323055555,5.197162467972523,-4.026321235698619,0.12751885915056319,-0.10704091341579448,-0.10147314484399304,0.2683054571277796,40.8656699242331,0.30722989968571685,Biotechnology,Healthcare,OMER
2016Q2,2016,Q2,2016-08-09,2016-06-30,-12612000.0,10004000.0,-10929000.0,-0.32,9677000.0,0.967313074770092,46108000.0,-48995000.0,34105000.0,16065000.0,95103000.0,1780000.0,-436293000.0,412158314.44,477595314.44,-1.2505568417327984,2.1229380641145346,1.5187386136895984,-1.4292478824369834,-0.5196614521420759,-1.2505568417327984,0.25741402183896317,41.19935170331867,-8.169963416587377,-8.412252565363811,0.0,0.18370786516853932,0.0,0.21696885573002517,1.8700902583255525,-0.27353170816344236,-32.127080399095796,0.967313074770092,0.40740740740740744,-0.3487054719893701,3.9007507812642364,-3.768035957158701,0.3644952058657642,0.38594868299332974,0.4381554595928439,0.3321216592686535,50.43306560749031,-1.8773969110255566,Biotechnology,Healthcare,OMER
2016Q1,2016,Q1,2016-05-10,2016-03-31,-20539000.0,7419000.0,-19452000.0,-0.54,7092000.0,0.9559239789729074,35972000.0,-40742000.0,24322000.0,17521000.0,76714000.0,1972000.0,-423681000.0,587784068.56,636848068.56,-1.0632855047111622,1.3881627760972548,1.391137551428889,-1.2282656717883265,-2.0916129032258066,-1.0632855047111622,0.5041235089097246,79.22685922091925,-7.154487421003944,-14.426981212507977,0.0,0.1658215010141988,0.0,0.20624374513510507,1.1352091775583586,-0.5709718670076727,-35.34905391869136,0.9559239789729074,-0.03846153846153849,-0.8072351898089357,2.4468309505330654,-2.598449593126852,0.1332694151486098,-0.03596287703016241,-0.07827050997782706,-0.3240037389421758,3.5811578258443935,-0.7364954323461302,Biotechnology,Healthcare,OMER
2015Q4,2015,Q4,2016-03-15,2015-12-31,-19826000.0,6675000.0,-18040000.0,-0.52,6258000.0,0.9375280898876405,48995000.0,-26234000.0,37146000.0,16253000.0,75229000.0,472000.0,-403142000.0,597539945.86,646016945.86,-0.6905995538190913,2.2854857564757274,1.0172874783141137,-1.8999008919722498,-0.7641477465266011,-0.6905995538190913,0.7557368300678509,89.51909301273409,-7.53480210153334,-22.777309821605552,0.0,0.8834745762711864,0.0,0.13623839167261967,2.139912631514182,-0.40465353607510973,-35.88181984387197,0.9375280898876405,0.018867924528301903,-0.5919773698068117,2.9710156801758623,-1.7441265858705732,1.0783792759880437,0.004768836905777823,0.06533340241438268,-0.7468977742467825,1.8734716226277366,-1.7372936367324356,Biotechnology,Healthcare,OMER
2015Q3,2015,Q3,2015-11-09,2015-09-30,-19921000.0,3259000.0,-19301000.0,-0.53,3011000.0,0.9239030377416385,41417000.0,-9004000.0,39463000.0,22273000.0,50421000.0,445000.0,-383316000.0,415639948.88000005,443589948.88000005,-0.23742626344247567,1.771786467920801,0.6893546128401381,-3.170924033762772,-0.9874149485854606,-0.23742626344247567,2.212461128387383,127.53603831850262,-5.216102967722504,-46.161700231008446,0.0,0.5573033707865168,0.0,0.07868749547287346,1.684056929915144,-0.48098606852258735,-28.350040848509654,0.9239030377416385,-0.2045454545454546,-0.4940264061826174,6.269963836740723,-1.2226660948104955,0.06697377746279234,-0.19430455635491606,-0.20880566167720924,-0.02221227134162383,0.5667933107335738,-6.480296842616133,Biotechnology,Healthcare,OMER
2015Q2,2015,Q2,2015-08-10,2015-06-30,-16680000.0,3187000.0,-15967000.0,-0.44,2822000.0,0.8854722309381864,58637000.0,7932000.0,56681000.0,20096000.0,50705000.0,633000.0,-363395000.0,680864507.68,709074507.68,0.20958161042382623,2.820511544585987,0.5247710489963675,3.8793494704992435,-0.4125519985530837,0.20958161042382623,-2.102874432677761,213.63806328208344,-10.204803772182254,85.83768377206252,0.0,0.5766192733017378,0.0,0.054351348124904074,2.712828423566879,-0.2844620290942579,-40.87067096944594,0.8854722309381864,0.13725490196078433,-0.2074847489123765,2.622668070158642,-0.8496170990637063,6.485411140583555,0.10654025389683433,0.1094813162297825,-0.15956658964826498,0.23975021059445342,1.2292727094439941,Biotechnology,Healthcare,OMER
2015Q1,2015,Q1,2015-05-11,2015-03-31,-18669000.0,388000.0,-17930000.0,-0.51,377000.0,0.9716494845360825,74911000.0,21846000.0,73066000.0,20068000.0,53065000.0,566000.0,-346715000.0,803732804.7700001,835216804.7700001,0.5987902660483315,3.6409208690452464,0.4395215655911682,1.507140895358418,-0.3273630205765825,0.5987902660483315,-0.8545729195276023,2071.4763009536086,-10.762933268653917,36.79084522429736,0.0,0.019434628975265017,0.0,0.005179479649183698,3.518038668527008,-0.24921573600672797,-45.990661751544984,0.9716494845360825,0.16393442622950816,-0.6358351384487926,-0.4009020458898883,-0.6552780076712654,0.0,0.09868198715782359,0.10237797246558197,-0.29063102856574213,-0.8405123236249474,2.0591974719024293,Biotechnology,Healthcare,OMER
2014Q4,2014,Q4,2015-03-16,2014-12-31,-20713000.0,180000.0,-19975000.0,-0.61,0.0,0.0,11090000.0,-42654000.0,9157000.0,18431000.0,53744000.0,568000.0,-328046000.0,845026224.4200001,877381224.4200001,-1.2508086606725952,0.4968259996744615,2.94941388638413,-0.7668448445632297,2.0085470085470085,-1.2508086606725952,0.48560510151451214,4694.590135666667,-10.199225419060493,-19.811183579969054,0.0,0.0,0.0,0.016230838593327322,0.39487819434648147,-1.8677186654643823,-53.799339429553704,0.0,-0.12962962962962954,-1.317071291321135,-0.7410183467819444,-1.6173273446622523,0.0,-0.13019042942107273,-0.16594676628531405,-0.3358434606788214,-0.896394792251626,-4.0525334846506285,Biotechnology,Healthcare,OMER
2014Q3,2014,Q3,2014-11-10,2014-09-30,-18327000.0,214000.0,-17132000.0,-0.54,0.0,0.0,25294000.0,-26589000.0,23361000.0,14397000.0,51883000.0,0.0,-307333000.0,432551766.24,464343766.24,-0.7818996624148428,1.622629714523859,1.2865501700007906,-1.2238895783970816,-2.8778767008231143,-0.7818996624148428,0.6892699988717139,2021.2699357009346,-5.900471520707154,-16.2680719936816,0.0,0.0,0.0,0.008460504467462639,1.539279016461763,-0.7245591839962047,-27.115832888666,0.0,-0.018867924528301903,0.5967045798612767,-0.9582779059792437,0.9782390877490099,0.0,-0.018676004669001166,0.004936980890979845,-0.8411379801292135,-0.8581576330849243,-5.266489111340552,Biotechnology,Healthcare,OMER
2014Q2,2014,Q2,2014-08-11,2014-06-30,-17991000.0,45000.0,-17217000.0,-0.53,0.0,0.0,40993000.0,-10611000.0,38968000.0,12170000.0,51604000.0,0.0,-289006000.0,590440394.4,621277394.4,-0.31270116636857254,3.201972062448644,0.7896470129046422,-3.050607859768165,-0.7912587894664277,-0.31270116636857254,1.6955046649703138,13120.897653333333,-8.20466336501584,-55.64418003958156,0.0,0.0,0.0,0.0010977483960676214,3.098767460969597,-0.438879808747835,-38.67175755829185,0.0,0.018518518518518535,0.7457388343153397,-0.9895279077465444,0.9909873536114991,0.0,-0.08105996875375555,-0.09774292272379495,-1.2213140986618918,-0.9745479386965775,-1.692146125204772,Biotechnology,Healthcare,OMER
2014Q1,2014,Q1,2014-05-12,2014-03-31,-16642000.0,100000.0,-15684000.0,-0.54,0.0,0.0,56067000.0,5212000.0,54132000.0,10232000.0,50855000.0,0.0,-271015000.0,372927260.73,456194260.73,0.16868930385206168,5.290461297888975,0.5745269053097187,6.180353031465848,-0.4190893544249679,0.16868930385206168,-3.1930161166538755,3729.2726073000003,-5.602200167197452,71.55166169033001,0.0,0.0,0.0,0.0017835803592130843,5.148260359655981,-0.29682344338024147,-33.46139620726783,0.0,-8.04303580487805,0.7122043210342073,-0.9518771260015948,0.0,0.0,-8.020054200542006,-0.12818299525248167,-0.8160026887132817,-0.9423830582115658,-0.7464073873738859,Biotechnology,Healthcare,OMER
2013Q4,2013,Q4,2014-03-13,2013-12-31,-1845000.0,169000.0,-13902000.0,-0.059714460016702574,0.0,0.0,16535000.0,-18384000.0,14817000.0,11873000.0,34919000.0,0.0,-254373000.0,348827570.31,367941570.31,-0.595008473142038,1.2479575507453886,1.2396734200181434,-1.1149912967798086,-6.576158940397351,-0.595008473142038,0.10035900783289817,2064.068463372781,-47.266608443089424,-18.97451970789817,0.0,0.0,0.0,0.010220743876625341,1.2195738229596564,-0.11158149380102812,-960.9574939669421,0.0,0.8701859564854293,0.9727791872572334,-0.9120698747770848,0.9810094880306286,0.0,0.8669790915645278,-0.034836980794997766,0.8178540503858662,-0.876388636700594,-1.641126425921834,Biotechnology,Healthcare,OMER
2013Q3,2013,Q3,2013-11-07,2013-09-30,-13870000.0,196000.0,-13434000.0,-0.46,0.0,0.0,12014000.0,-23893000.0,10270000.0,11900000.0,35907000.0,0.0,-252528000.0,290983943.25,310228943.25,-0.8005828342213862,0.8630252100840337,1.69760279673714,-0.8535972879085925,3.840480274442539,-0.8005828342213862,0.5805047503452894,1484.611955357143,-5.244843966294161,-12.178627349014356,0.0,0.0,0.0,0.016314299983352754,0.8301680672268907,-1.154486432495422,-26.24787509020386,0.0,0.04166666666666659,0.8167676662688157,-0.9618582724823629,0.0,0.0,-0.020453207769276043,-0.02082066869300912,-0.321800520283742,-0.44442041271146604,-1.7508126973138518,Biotechnology,Healthcare,OMER
2013Q2,2013,Q2,2013-08-09,2013-06-30,-13592000.0,140000.0,-13160000.0,-0.48,0.0,0.0,23058000.0,-12256000.0,21271000.0,10900000.0,35314000.0,0.0,-238658000.0,140152702.82999998,158730702.82999998,-0.4346139515688425,1.951467889908257,0.8801283719316506,-1.655842036553525,-1.637223189848221,-0.4346139515688425,1.1090078328981723,1001.0907344999998,-2.577852833100353,-11.435435935868146,0.0,0.0,0.0,0.006071645415907711,1.9061467889908257,-0.5894700320929829,-14.919385014903128,0.0,-0.1999999999999999,0.7688521700140917,-0.9607959706213446,0.9874735936981375,0.0,-0.295833730574888,-0.313373253493014,-0.3205456449750886,-0.7864207982038816,-1.3118522979766079,Biotechnology,Healthcare,OMER
2013Q1,2013,Q1,2013-05-09,2013-03-31,-10489000.0,1095000.0,-10020000.0,-0.4,0.0,0.0,17693000.0,-15864000.0,15813000.0,10585000.0,33557000.0,0.0,-225066000.0,106482508.83000001,125398508.83000001,-0.6123169027139835,1.4939064714218233,1.1415248968518623,-1.2731341401916287,-2.312485575813524,-0.6123169027139835,0.6611825516893596,97.24430030136988,-2.5379566410048624,-6.712210591906203,0.0,0.0,0.0,0.06188888260894139,1.4472366556447804,-0.592833323913412,-11.758227565150179,0.0,-0.3333333333333335,0.783681708223798,-0.3715856647058981,0.0,0.0,-0.35621929144039305,-0.330147351652728,-0.29423549651812503,1.3808990101815952,-1.3525092417302038,Biotechnology,Healthcare,OMER
2012Q4,2012,Q4,2013-03-18,2012-12-31,-7734000.0,1583000.0,-7533000.0,-0.3,0.0,0.0,26575000.0,-6531000.0,24700000.0,9318000.0,33106000.0,0.0,-214577000.0,134351381.34,173764381.34,-0.2522928284170033,2.6507834299205837,0.7564628410159925,-3.0780891134588884,-0.5550397877984085,-0.2522928284170033,1.1841984382177309,84.8713716614024,-4.342881475950349,-20.571333844740472,0.0,0.0,0.0,0.059567262464722485,2.6061386563640268,-0.29102539981185327,-10.185079322265182,0.0,0.411764705882353,0.8638081974086,-0.016953673158447535,0.9919477281516024,-1.0,0.4174450135583007,0.42213869285056765,-0.13971080511607029,2.0003472087198793,-1.124517255708997,Biotechnology,Healthcare,OMER
2012Q3,2012,Q3,2012-11-09,2012-09-30,-13276000.0,1417000.0,-13036000.0,-0.51,1417000.0,1.0,32761000.0,-820000.0,31437000.0,21811000.0,33581000.0,0.0,-206843000.0,245171587.70000002,259163587.70000002,-0.0317402194642638,1.4413369400761085,0.45944873477610576,-18.35609756097561,,-0.0317402194642638,16.190243902439025,173.0215862385321,-4.616819593627598,-298.989741097561,0.0,0.0,0.0,0.04325264796556882,1.4257026271147586,-0.4052379353499588,-32.728819610198904,1.0,-0.34210526315789475,0.7973934983386058,-0.6814521925020158,0.0,-0.07142857142857142,-0.5547487996252488,-0.5812712275594372,0.6154558531343488,-0.636362029170901,0.9991166435237281,Biotechnology,Healthcare,OMER
2012Q2,2012,Q2,2012-08-07,2012-06-30,-8539000.0,1526000.0,-8244000.0,-0.38,1526000.0,1.0,10066000.0,-20537000.0,8520000.0,17249000.0,30603000.0,0.0,-193567000.0,224665400.0,233952400.0,-0.9141149460486573,0.49394167777842196,1.644645340751043,-0.8061060524906267,,-0.9141149460486573,0.4157861420850173,147.22503276539973,-6.577626185736035,-10.939543263378292,0.0,0.0,0.0,0.15159944367176634,0.4658241057452606,-0.8483012120007948,-25.147235280949182,1.0,0.050000000000000044,0.8177269906728816,-0.463627998843261,0.9736534568679237,0.020053475935828877,0.04002248454187746,-0.02130822596630327,0.8177269906728816,-0.463627998843261,0.9736534568679237,Biotechnology,Healthcare,OMER
2012Q1,2012,Q1,2012-05-10,2012-03-31,-8895000.0,1496000.0,-8072000.0,-0.4,1496000.0,1.0,21089000.0,-12683000.0,19698000.0,18742000.0,33772000.0,0.0,-185028000.0,222778586.79,223995586.79,-0.5653244856908898,1.0510084302635792,0.8544264782588079,-1.4207206496885594,,-0.5653244856908898,0.7013324923125444,148.91616764037434,-6.26134308010118,-17.565133390365055,0.0,0.0,0.0,0.07093745554554508,1.0276384590758725,-0.42178386836739534,-39.945954238838084,1.0,0.12028612881090087,0.7881554143629182,-0.008538590595941134,0.0,0.3088363954505687,0.12802666405254387,0.18025794658271554,0.7881554143629182,-0.008538590595941134,0.0,Biotechnology,Healthcare,OMER
2011Q4,2011,Q4,2012-03-15,2011-12-31,-10201000.0,1143000.0,-9847000.0,-0.4546932964229888,1143000.0,1.0,26982000.0,-5554000.0,25948000.0,18985000.0,32536000.0,0.0,-176133000.0,88617866.85000001,104058866.85000001,-0.2475606870241427,1.3667632341322096,0.7207026906826773,-3.5012603528988118,,-0.2475606870241427,1.836694274396831,77.53094212598425,-2.1717936194980885,-15.955683624414837,0.0,0.0,0.0,0.04236157438292195,1.340321306294443,-0.37806685938774,-11.972151695487707,1.0,-0.5679079186999614,0.7927282424749469,-0.18098872165235752,0.9920987609382236,0.1580547112462006,-0.566492628992629,-0.5975016223231667,0.7927282424749469,-0.18098872165235752,0.9920987609382236,Biotechnology,Healthcare,OMER
2011Q3,2011,Q3,2011-11-08,2011-09-30,-6512000.0,987000.0,-6164000.0,-0.29,987000.0,1.0,34984000.0,4077000.0,33839000.0,15815000.0,30907000.0,0.0,-165932000.0,90098041.5,105577041.5,0.1832653598802145,2.1396775213404995,0.5821804253372971,4.995584988962473,,0.1832653598802145,-1.5972528820210938,91.28474316109423,-3.458923583384521,22.09910264900662,0.0,0.0,0.0,0.028212897324491195,2.1263989883022445,-0.18614223645094902,-21.900350388915896,1.0,-0.2083333333333333,0.8845898180816727,-0.7423290122138981,0.0,-0.14545454545454545,-0.23076923076923078,-0.2455041422509598,0.8845898180816727,-0.7423290122138981,0.0,Biotechnology,Healthcare,OMER
2011Q2,2011,Q2,2011-08-09,2011-06-30,-5291000.0,1155000.0,-4949000.0,-0.24,1155000.0,1.0,40948000.0,10015000.0,39667000.0,14339000.0,30933000.0,0.0,-159420000.0,91330631.48,107484631.48,0.4517848976992533,2.7663714345491317,0.49606818403829245,2.0282576135796306,,0.4517848976992533,-0.528307538691962,79.07413980952381,-4.315376652806653,9.119384071892162,0.0,0.0,0.0,0.028206505812249684,2.743148057744613,-0.12921265995897235,-13.360244511410182,1.0,0.2,0.8855356989640385,-0.5885562222794362,1.0130213058490136,-0.06779661016949153,0.1912259247936411,0.23271317829457364,0.8855356989640385,-0.5885562222794362,1.0130213058490136,Biotechnology,Healthcare,OMER
2011Q1,2011,Q1,2011-05-10,2011-03-31,-6542000.0,1239000.0,-6450000.0,-0.3,1239000.0,1.0,47753000.0,14672000.0,45277000.0,15023000.0,33081000.0,0.0,-154129000.0,176452720.0,192791720.0,0.665198020183537,3.013845436996605,0.42426653822796473,1.3808615049073065,,0.665198020183537,-0.4458833151581243,142.4154317998386,-6.743072454906756,12.026494002181025,0.0,0.0,0.0,0.02594601386300337,2.99081408506956,-0.1369966284840743,-20.620862451793855,1.0,0.08491536440326376,0.841522437849633,-0.16477909960737983,0.0,0.2694672131147541,0.09528419305766837,0.24623115577889448,0.841522437849633,-0.16477909960737983,0.0,Biotechnology,Healthcare,OMER
2010Q4,2010,Q4,2011-03-15,2010-12-31,-7231000.0,976000.0,-8557000.0,-0.32783852807709624,976000.0,1.0,45704000.0,20470000.0,43754000.0,15874000.0,25234000.0,0.0,-147587000.0,181746301.6,188223301.6,0.9280673032413442,2.7563311074713366,0.21343864869595658,0.47655105031753786,,0.9280673032413442,-0.3532486565705911,186.21547295081967,-6.283581164430922,8.878666419149976,0.0,0.0,0.0,0.021354804831086996,2.7385662088950484,-0.15821372308769474,-171.94541305581834,1.0,0.06331849120829641,0.8505549379471111,-0.2886566180009308,1.0296205415992112,2.84251968503937,0.042885506287227,-0.14245660881174899,0.8505549379471111,-0.2886566180009308,1.0296205415992112,Biotechnology,Healthcare,OMER
2010Q3,2010,Q3,2010-11-04,2010-09-30,-7555000.0,254000.0,-7490000.0,-0.35,254000.0,1.0,37106000.0,22912000.0,35185000.0,5321000.0,14194000.0,0.0,-140356000.0,156644757.09,162788757.09,1.0662883527217835,6.612478857357639,0.2409313857597154,0.39018854748603354,,1.0662883527217835,-0.32973987430167595,616.7116420866142,-5.183479718398412,6.8367998031599155,0.0,0.0,0.0,0.006845254136797284,6.579778237173463,-0.20360588584056488,-25.88313897719762,1.0,0.027777777777777804,0.8613767123560739,-0.9313478601620605,0.0,-0.48893360160965793,0.03190671450538186,0.018862981399004455,0.8613767123560739,-0.9313478601620605,0.0,Biotechnology,Healthcare,OMER
2010Q2,2010,Q2,2010-08-10,2010-06-30,-7804000.0,497000.0,-7634000.0,-0.36,497000.0,1.0,44786000.0,29798000.0,43032000.0,10114000.0,14988000.0,0.0,-132801000.0,158648622.72,165918622.72,1.393653195402918,4.254696460351988,0.22647702407002188,0.34039197261561177,,1.393653195402918,-0.2618967715954091,319.2125205633803,-5.082285453613531,5.324136610510773,0.0,0.0,0.0,0.011097217880587684,4.233537670555665,-0.17425088197204483,-20.07956242500949,1.0,-0.16129032258064513,0.8249603632669064,-0.8164426636631062,1.040167753719109,0.3148148148148148,-0.1715958564780063,-0.18817120622568093,0.8249603632669064,-0.8164426636631062,1.040167753719109,Biotechnology,Healthcare,OMER
2010Q1,2010,Q1,2010-05-12,2010-03-31,-6661000.0,378000.0,-6425000.0,-0.31,378000.0,1.0,53486000.0,36988000.0,51777000.0,10122000.0,16498000.0,0.0,-124997000.0,149909020.8,160575020.8,1.7370236868360627,5.115293420272673,0.21463560557903003,0.31037093111279335,,1.7370236868360627,-0.1800854331134422,396.5847111111111,-5.626370695090827,4.052909613928842,0.0,0.0,0.0,0.00706726993979733,5.100573009286702,-0.12453726208727517,-18.904037931904163,1.0,-0.18257030634181293,0.8328601770248444,-0.736060062771763,0.0,-0.12903225806451613,-0.19329989251164456,-0.20884289746001883,0.8328601770248444,-0.736060062771763,0.0,Biotechnology,Healthcare,OMER
2009Q4,2009,Q4,2010-03-31,2009-12-31,-5582000.0,434000.0,-5315000.0,-0.2621408624396805,434000.0,1.0,62062000.0,43145000.0,60664000.0,11090000.0,18917000.0,0.0,-118336000.0,149483142.89999998,161421142.89999998,2.026167594045148,5.470153291253381,0.20556862492346364,0.29570054467493334,,2.026167594045148,-0.12937767991656043,344.4312048387096,-6.694873831064134,3.464668974388689,0.0,0.0,0.0,0.006993006993006993,5.46014427412083,-0.08994231574876736,-31.516580834914606,1.0,0.8043724907166564,0.8805031925817971,-0.6723558113592538,1.0646679193381527,-0.01809954751131222,-0.4254341164453524,-0.1740667108460349,0.8805031925817971,-0.6723558113592538,1.0646679193381527,Biotechnology,Healthcare,OMER
2009Q3,2009,Q3,2009-11-19,2009-09-30,-3916000.0,442000.0,-4527000.0,-1.34,442000.0,1.0,6910000.0,-105293000.0,4940000.0,11940000.0,112203000.0,0.0,-112754000.0,25582313.43,38209313.43,-35.93138253564115,0.4137353433835846,1.3377713458755427,-0.08779311065312984,,-35.93138253564115,0.037191456222161016,57.8785371719457,-1.63319161325332,-0.24296309754684547,0.0,0.0,0.0,0.06396526772793054,0.4030150753768844,-0.5667149059334298,-5.65980385619469,1.0,0.35885167464114825,0.4731255089622283,-0.1239974011193295,0.0,0.19137466307277629,0.3589785562285153,0.2031332511881711,0.4731255089622283,-0.1239974011193295,0.0,Biotechnology,Healthcare,OMER
2009Q2,2009,Q2,2009-06-30,2009-06-30,-6109000.0,371000.0,-5681000.0,-2.09,371000.0,1.0,12682000.0,-101648000.0,11116000.0,23217000.0,114330000.0,0.0,-108838000.0,25576193.700000003,39485193.7,-34.69582105956603,0.478787095662661,0.007412080113546759,-0.000924759955926334,,-34.69582105956603,0.06009955926334015,68.93852749326146,-1.0466604067768865,-0.25161531658271685,0.0,0.0,0.0,0.02925406087367923,0.4709049403454365,-0.4817063554644378,-4.815702071173038,1.0,-0.11764705882352927,0.0,0.0,0.0,0.883248730964467,-0.11437431594308646,-0.08519579751671442,0.0,0.0,0.0,Biotechnology,Healthcare,OMER
2009Q1,2009,Q1,2009-03-31,2009-03-31,-5482000.0,197000.0,-5235000.0,-1.87,197000.0,1.0,,,,,,,,25571069.19,,,0.0,0.0,0.0,0.0,,0.0,129.80238167512692,-1.166137777727107,0.0,0.0,0.0,0.0,0.0,0.0,0.0,-5.403860775570584,1.0,0.14756124706250967,0.0,0.0,0.0,0.08839779005524862,0.14115619614601285,0.18610074626865672,0.0,0.0,0.0,Biotechnology,Healthcare,OMER
2008Q4,2008,Q4,2008-12-31,2008-12-31,-6383000.0,181000.0,-6432000.0,-2.1937059918451736,181000.0,1.0,21681000.0,-91166000.0,20478000.0,23561000.0,112847000.0,0.0,-97247000.0,25401576.240000002,29349576.240000002,-31.331881631295175,0.8691481685836764,0.005442553387758867,-0.0012943421889739595,,-31.331881631295175,0.07001513722221003,140.3402002209945,-0.9948917530941565,-0.2786299304565299,0.0,0.0,0.0,0.008348323416816567,0.8568821357327787,-0.29440523961071907,-5.303043056367432,1.0,0.13633622368300255,0.0,0.0,0.0,-0.6387225548902196,0.13509485094850948,0.16075156576200417,0.0,0.0,0.0,Biotechnology,Healthcare,OMER
2008Q3,2008,Q3,2008-09-30,2008-09-30,-7380000.0,501000.0,-7664000.0,-2.54,501000.0,1.0,,,,,,,,25401576.240000002,,,0.0,0.0,0.0,0.0,,0.0,50.70174898203593,-0.8604870000000001,0.0,0.0,0.0,0.0,0.0,0.0,0.0,-5.102767424668542,1.0,0.0,0.0,0.0,0.0,0.0,0.0,0.0,0.0,0.0,0.0,Biotechnology,Healthcare,OMER
