Quarters,Year,Quarter,FillingDate,Date,NetIncome,Revenue,OperatingIncome,EPSDiluted,GrossProfit,GrossProfitRatio,TotalAssets,CommonStockEquity,CurrentAssets,CurrentLiability,TotalLiability,Inventory,RetainedEarnings,MarketCap,EnterpriseValue,bookValuePerShare,currentRatio,debtToAssets,debtToEquity,roic,shareholdersEquityPerShare,roe,priceToSalesRatio,peRatio,pbRatio,payoutRatio,inventoryTurnover,dividendYield,assetTurnover,quickRatio,returnOnAssets,priceToFreeCashFlowsRatio,grossProfitMargin,epsdilutedGrowth,fiveYNetIncomeGrowthPerShare,fiveYRevenueGrowthPerShare,fiveYShareholdersEquityGrowthPerShare,grossProfitGrowth,netIncomeGrowth,operatingIncomeGrowth,threeYNetIncomeGrowthPerShare,threeYRevenueGrowthPerShare,threeYShareholdersEquityGrowthPerShare,Industry,Sector,Symbol
2023Q3,2023,Q3,2023-04-21,2023-03-31,3397000000.0,20068000000.0,4248000000.0,1.37,9664000000.0,0.4815626869,119851000000.0,45421000000.0,22305000000.0,38030000000.0,74430000000.0,7483000000.0,117082000000.0,350774579000.0,379769579000.0,19.253528888135307,0.586510649487247,0.30530408590666747,0.8055965302393167,0.04136052896518238,19.253528888135307,0.07478919442548601,17.47929933227028,25.815026420370913,7.722740120208713,0.6546953193994701,1.3903514633168514,0.006340254206391622,0.16744123953909437,0.34359716013673414,0.028343526545460615,111.96124449409511,0.48156268686466014,-0.1383647798742138,0.48449063453060376,0.3525447529303213,-0.082374369412991,-0.021466180639935196,-0.13628273582506992,-0.1122257053291536,0.2521355785368839,0.25347169612267084,0.07239777288580829,Household & Personal Products,Consumer Defensive,PG
2023Q2,2023,Q2,2023-01-19,2022-12-31,3933000000.0,20773000000.0,4785000000.0,1.59,9876000000.0,0.4754248303,117715000000.0,44725000000.0,21866000000.0,38746000000.0,72990000000.0,7541000000.0,115858000000.0,358575804000.0,386603804000.0,18.904011158544318,0.5643421256387756,0.2963258718090303,0.7799217439910564,0.049217517871434836,18.904011158544318,0.08793739519284516,17.261628267462573,22.792766590389018,8.017346092789268,0.5672514619883041,1.4450338151438802,0.006221836429320256,0.17646858938962748,0.32573685025551025,0.0334112050290957,125.11367899511514,0.47542483030857363,0.012738853503184724,0.6882878060106009,0.27899213920951516,-0.11478278617246741,0.011263567479008805,-0.0015232292460015233,-0.031180400890868598,0.11227144106737699,0.19716438442252981,0.03241854607799457,Household & Personal Products,Consumer Defensive,PG
2023Q1,2023,Q1,2022-10-19,2022-09-30,3939000000.0,20612000000.0,4939000000.0,1.57,9766000000.0,0.4738016689,116282000000.0,44075000000.0,22521000000.0,36618000000.0,71948000000.0,7590000000.0,114163000000.0,301169375000.0,327462375000.0,18.476210438063298,0.6150253973455677,0.2838186477700762,0.7487918321043675,0.05081867200706526,18.476210438063298,0.08937039137833239,14.611361100329905,19.114583333333332,6.833111174134998,0.5724803249555724,1.4289855072463769,0.007487481089337188,0.17725873307992637,0.3394505434485772,0.03387454636143169,94.70735062893081,0.47380166893071995,0.29752066115702486,0.5148863837176985,0.35807421822090313,-0.1178041969969887,0.12085389647652932,0.29062909567496725,0.3727070594774875,0.15075711097342626,0.21563678976032508,-0.006732128109611815,Household & Personal Products,Consumer Defensive,PG
2022Q4,2022,Q4,2022-08-05,2022-06-30,3052000000.0,19515000000.0,3598000000.0,1.21,8713000000.0,0.4464770689,117208000000.0,46854000000.0,21653000000.0,33081000000.0,70354000000.0,6924000000.0,112429000000.0,353908935544.17,378187935544.17,19.03635648430573,0.6545449049303226,0.26869326325848064,0.6721517906688863,0.03808652220049705,19.03635648430573,0.06513851538822726,18.135226007900076,28.98991935977801,7.55344123328147,0.7411533420707732,1.5600808781051416,0.006391474678428086,0.16649887379701045,0.37353768023941236,0.026039178213091256,117.14959799542204,0.44647706892134253,-0.09022556390977451,0.47619047599227904,0.3002926890805724,-0.09036932689556106,-0.03776918829376035,-0.09355509355509356,-0.1058648111332008,1.584905660201813,0.14667491146157874,-0.0028159127869066707,Household & Personal Products,Consumer Defensive,PG
2022Q3,2022,Q3,2022-04-20,2022-03-31,3367000000.0,19381000000.0,4024000000.0,1.33,9055000000.0,0.4672101543,120217000000.0,45746000000.0,23416000000.0,34401000000.0,74471000000.0,7101000000.0,111645000000.0,366796400000.0,391939400000.0,19.056863153509685,0.6806778872707189,0.2800685427185839,0.7359987758492545,0.041908049269581284,19.056863153509685,0.07360206356839942,18.925566276249935,27.234659934659938,8.018108687098326,0.6400356400356401,1.454161385720321,0.005875193976822018,0.1612167996206859,0.4080986017848318,0.02800768610096742,146.77727090836333,0.4672101542748052,-0.2035928143712574,0.4255936800108225,0.326203396293934,-0.09271067382259707,-0.11993391000097191,-0.20627062706270627,-0.2444611340593316,0.2820856158913461,0.23057997702307131,-0.1317625047488533,Household & Personal Products,Consumer Defensive,PG
2022Q2,2022,Q2,2022-01-19,2021-12-31,4242000000.0,20953000000.0,5326000000.0,1.67,10289000000.0,0.4910514008,121416000000.0,44618000000.0,25545000000.0,38027000000.0,76523000000.0,6673000000.0,110393000000.0,394783972000.0,418892972000.0,18.487610839479572,0.6717595392747259,0.293643341898926,0.7990721233582859,0.053723556404008006,18.487610839479572,0.09507373705679323,18.84140562210662,23.26638213107025,8.848087587968982,0.5117868929750118,1.5980818222688447,0.005499210084445879,0.17257198392304143,0.44139690220106764,0.03493773473018383,87.8273575083426,0.4910514007540686,0.037267080745341505,-0.4204434131653822,0.33741883387284466,-0.09527081971743948,0.0316855509876667,0.0316147859922179,0.06032251642444754,0.37560686397212717,0.2445378848890424,-0.14403628791540862,Household & Personal Products,Consumer Defensive,PG
2022Q1,2022,Q1,2021-10-19,2021-09-30,4112000000.0,20338000000.0,5023000000.0,1.61,9973000000.0,0.4903628675385977,119669000000.0,46111000000.0,24336000000.0,36589000000.0,73261000000.0,6307000000.0,108361000000.0,339448380000.0,361625380000.0,18.990568757464683,0.6651179316187925,0.27197519825518723,0.7058402550367592,0.05232991475698991,18.990568757464683,0.08917611849667108,16.6903520503491,20.63766901750973,7.361548871202101,0.5306420233463035,1.6434120818138576,0.0064280760450233995,0.16995211792527723,0.4381644756620842,0.034361446991284295,95.5654222972973,0.4903628675385977,0.4247787610619471,0.6689824556909632,0.3563110186386309,-0.12817832797379447,0.08935008192244676,0.4150034411562285,0.4189265536723164,0.32124110744164397,0.2525501339432813,-0.09264374177041973,Household & Personal Products,Consumer Defensive,PG
2021Q4,2021,Q4,2021-08-06,2021-06-30,2906000000.0,18946000000.0,3540000000.0,1.13,9155000000.0,0.483215454449488,119307000000.0,46378000000.0,23091000000.0,33132000000.0,72653000000.0,5983000000.0,106374000000.0,338022913821.02,360353913821.02,18.51289745201545,0.6969395146685984,0.27340390756619476,0.7033291646901548,0.03627389245513523,18.51289745201545,0.06265901936262883,17.84138677404307,29.07974138171198,7.288432313187719,0.7560220233998624,1.6364699983285977,0.006499559379466479,0.1588004056761129,0.45312688639381865,0.0243573302488538,99.21423945436455,0.483215454449488,-0.10317460317460327,0.6338028167999729,0.2906218417207701,-0.11282753633691155,-0.0034831827582453468,-0.11104313245640869,-0.06472919418758256,0.5890410958179977,0.18709556174433672,-0.0829362927630084,Household & Personal Products,Consumer Defensive,PG
2021Q3,2021,Q3,2021-04-20,2021-03-31,3269000000.0,18109000000.0,3785000000.0,1.26,9187000000.0,0.5073168037992158,116778000000.0,46596000000.0,22608000000.0,32016000000.0,69859000000.0,6002000000.0,105674000000.0,333035913000.0,352854913000.0,18.948395754544347,0.7061469265367316,0.2554076966551919,0.6400978624774659,0.04150509335012294,18.948395754544347,0.07015623658683148,18.39062968689602,25.469250000000002,7.147306914756632,0.6151728357295809,1.4865044985004998,0.006038387817952834,0.15507201698950146,0.4643928035982009,0.02799328640668619,97.06671903235208,0.5073168037992158,-0.14285714285714285,0.29971575705819953,0.2567306833222171,-0.1392273359818308,-0.12438048036599314,-0.15179034769071095,-0.29646840148698883,0.37046199545569103,0.17087944271746233,-0.09691705328934468,Household & Personal Products,Consumer Defensive,PG
2021Q2,2021,Q2,2021-01-20,2020-12-31,3854000000.0,19745000000.0,5380000000.0,1.47,10492000000.0,0.5313750316535832,120112000000.0,48181000000.0,24655000000.0,31744000000.0,71572000000.0,5957000000.0,104361000000.0,350487294066.72,369646294066.72,19.127381943619962,0.7766822076612904,0.2589250033302251,0.6454826591394949,0.05408476428466352,19.127381943619962,0.07999003756667566,17.750685949188146,22.73529411434354,7.274388121183038,0.5254281266216917,1.553298640255162,0.005777670215955144,0.1643882376448648,0.5279737903225806,0.032086719062208606,72.16127116877084,0.5313750316535832,-0.09815950920245395,0.29754117298953553,0.259963868564945,-0.1561394371631675,0.031053459119496855,-0.0989010989010989,0.018746449536072712,0.5538545092438166,0.1418311772349987,-0.10432301325143001,Household & Personal Products,Consumer Defensive,PG
2021Q1,2021,Q1,2020-10-20,2020-09-30,4277000000.0,19318000000.0,5281000000.0,1.63,10176000000.0,0.526762604824516,119899000000.0,48182000000.0,26026000000.0,30008000000.0,71323000000.0,5707000000.0,102539000000.0,345543039000.0,363806039000.0,19.380555890752586,0.8673020527859238,0.26401387834760925,0.6569880868374082,0.053796953183748664,19.380555890752586,0.08876758955626582,17.887102132725953,20.197746025251348,7.1716209165248435,0.4746317512274959,1.6018924128263536,0.005874810865456329,0.16111894177599478,0.6143361770194615,0.03567169033936897,88.85138570326562,0.526762604824516,0.5233644859813082,0.7991408934947047,0.2788935926481314,-0.15364281345327105,0.16217450890817725,0.5275,0.5170927894283252,0.5783167256015651,0.22131125648708305,-0.07462381834186359,Household & Personal Products,Consumer Defensive,PG
2020Q4,2020,Q4,2020-08-06,2020-06-30,2800000000.0,17698000000.0,3481000000.0,1.07,8756000000.0,0.4947451689456436,120700000000.0,46521000000.0,27987000000.0,32976000000.0,73822000000.0,5498000000.0,100239000000.0,304359999945.64996,323550999945.64996,18.276107146120733,0.8487081513828238,0.29305716652858327,0.7603447905247093,0.03394632495292202,18.276107146120733,0.06018787214376303,17.197423434605604,27.17499999514732,6.5424217008587515,0.7242857142857143,1.626409603492179,0.006663162046136624,0.14662800331400166,0.6173884036875303,0.0231980115990058,73.37512052691658,0.4947451689456436,-0.04464285714285718,5.470588235704406,0.1977652208354156,-0.10266276180684653,0.03036008472581784,-0.04010970174837161,0.00810889081957718,0.30952380980494965,0.14023470131472549,-0.12669697802935653,Household & Personal Products,Consumer Defensive,PG
2020Q3,2020,Q3,2020-04-20,2020-03-31,2917000000.0,17214000000.0,3453000000.0,1.12,8498000000.0,0.49366794469617753,118560000000.0,45540000000.0,27140000000.0,32896000000.0,72619000000.0,5330000000.0,99474000000.0,279017391290.0,299635391290.0,17.953719575828952,0.8250243190661478,0.30373650472334685,0.7907553798858147,0.03579305822432765,17.953719575828952,0.06405357927097058,16.208748186940863,23.913043477031195,6.126864103864735,0.6534110387384299,1.6352720450281426,0.00683111540534395,0.1451923076923077,0.6089798151750972,0.02460357624831309,83.71358874587459,0.49366794469617753,-0.2056737588652481,0.4935064935277988,0.045951029949575437,-0.19977579178953986,-0.0931597481592146,-0.21522733387140167,-0.22958500669344042,0.16883227603155584,0.11475357655158866,-0.14523088059579584,Household & Personal Products,Consumer Defensive,PG
2020Q2,2020,Q2,2020-01-23,2019-12-31,3717000000.0,18240000000.0,4482000000.0,1.41,9371000000.0,0.5137609649122807,111723000000.0,45538000000.0,18917000000.0,30164000000.0,65815000000.0,5521000000.0,98414000000.0,310626300000.0,332485300000.0,18.310414153598714,0.62713831056889,0.2518550343259669,0.6179015327858053,0.050243020333727115,18.310414153598714,0.08162413808248056,17.029950657894737,20.89227199354318,6.82125477623084,0.5173527037933817,1.6064118819054518,0.0061907185579585505,0.16326092210198437,0.3804203686513725,0.03326978330334846,82.63535514764565,0.5137609649122807,0.03676470588235281,0.7583197330155595,0.01515588827190811,-0.20326779793538347,0.032617079889807166,0.03451155023657111,0.044755244755244755,-0.5071993566546039,0.129794819153571,-0.10394230321834858,Household & Personal Products,Consumer Defensive,PG
2020Q1,2020,Q1,2019-10-22,2019-09-30,3593000000.0,17798000000.0,4290000000.0,1.36,9075000000.0,0.5098887515451175,114058000000.0,46578000000.0,21925000000.0,30253000000.0,67074000000.0,5465000000.0,96625000000.0,311447520000.0,331656520000.0,18.60143769968051,0.7247215152216309,0.2587543179785723,0.6336253166731075,0.046955090278081875,18.60143769968051,0.07713942204474215,17.499017867176086,21.670436960757026,6.6865799304392635,0.5377122182020596,1.5961573650503202,0.006203292291426819,0.15604341650739098,0.477539417578422,0.031501516772168545,100.79207766990291,0.5098887515451175,1.6415094339622642,0.9544980894889785,-0.07337066388276639,-0.23668068989850893,0.1126777832270721,1.685556191566495,1.826271186440678,0.41412606447223127,0.15094479659521398,-0.1460426107010494,Household & Personal Products,Consumer Defensive,PG
2019Q4,2019,Q4,2019-08-06,2019-06-30,-5241000000.0,17094000000.0,-5192000000.0,-2.12,8156000000.0,0.4771264771264771,115095000000.0,47194000000.0,22473000000.0,30011000000.0,67516000000.0,5017000000.0,94918000000.0,273150042417.38998,298970042417.39,19.09011257641314,0.7488254306754191,0.2611668621573483,0.6369241852777896,-0.06946035160898639,19.09011257641314,-0.11105225240496673,15.979293460710775,-13.029481130384946,5.787812908789041,-0.3695859568784583,1.7815427546342435,0.0070913406524028486,0.1485207871758113,0.5077471593748959,-0.04553629610321908,81.85497225573569,0.4771264771264771,-3.0384615384615383,-3.3043478267433386,0.019210930752156415,-0.22682455010035768,0.01505911636589919,-2.9092896174863387,-2.607928151130381,-3.985915493406376,0.18000677084804378,-0.08516631446157813,Household & Personal Products,Consumer Defensive,PG
2019Q3,2019,Q3,2019-04-23,2019-03-31,2745000000.0,16462000000.0,3229000000.0,1.04,8035000000.0,0.4880937917628478,121673000000.0,55072000000.0,22312000000.0,28370000000.0,66121000000.0,5358000000.0,102103000000.0,260043124000.0,287575124000.0,21.9489059822247,0.7864645752555517,0.24878157027442407,0.5496441022661244,0.03204171411301381,21.9489059822247,0.049843840790238236,15.796569311140809,23.683344626593804,4.721875435793144,0.6768670309653916,1.5727883538633818,0.007144968770641288,0.13529706672803332,0.5294677476207261,0.02256046945501467,94.04814611211573,0.4880937917628478,-0.14754098360655732,0.13766946192440588,-0.13417834892073152,-0.1404630877098506,-0.05681418006808311,-0.14057608015028178,-0.1712012320328542,0.06963112452491128,0.11966619606820958,-0.002922541868863924,Household & Personal Products,Consumer Defensive,PG
2019Q2,2019,Q2,2019-01-23,2018-12-31,3194000000.0,17438000000.0,3896000000.0,1.22,8519000000.0,0.48853079481591927,123687000000.0,53990000000.0,24431000000.0,31247000000.0,69244000000.0,5281000000.0,101170000000.0,229772424000.0,259703424000.0,21.59859183101972,0.7818670592376868,0.27187174076499554,0.6228375625115762,0.03651774286506939,21.59859183101972,0.059159103537692166,13.176535382497994,17.984691922354415,4.255833006112243,0.5792110206637445,1.6888846809316418,0.00805144485049259,0.14098490544681333,0.5495567574487151,0.025823247390590765,69.50164065335753,0.48853079481591927,0.0,0.01355509218865893,-0.1485978389219993,-0.15346520645004436,0.03814282232512795,-0.0015629884338855893,0.09622960045019696,0.08361931691316381,0.12132115505057761,-0.04711476391640947,Household & Personal Products,Consumer Defensive,PG
2019Q1,2019,Q1,2018-10-19,2018-09-30,3199000000.0,16690000000.0,3554000000.0,1.22,8206000000.0,0.491671659676453,118440000000.0,52236000000.0,23346000000.0,29220000000.0,65936000000.0,5182000000.0,99831000000.0,208823586000.0,237565586000.0,20.92956166359484,0.7989733059548254,0.2641590678824721,0.5989547438548127,0.034678110184671464,20.92956166359484,0.06124128953212344,12.511898502097065,16.319442482025632,3.997694808178268,0.5792435135979994,1.6372057120802779,0.008873518722161968,0.14091523134076325,0.5574264202600958,0.027009456264775415,83.96605790108565,0.491671659676453,0.6944444444444444,0.15819350873524354,-0.13742400602500532,-0.15921487123438238,0.09793952368209793,0.6916975145425701,0.32760552857676506,0.3404449348030412,0.10061999821344443,-0.08599706710638945,Household & Personal Products,Consumer Defensive,PG
2018Q4,2018,Q4,2018-08-07,2018-06-30,1891000000.0,16503000000.0,2677000000.0,0.72,7474000000.0,0.452887353814458,118310000000.0,52293000000.0,23320000000.0,28237000000.0,65427000000.0,4738000000.0,98641000000.0,202207479459.54,230817479459.54,20.18714436731195,0.8258667705492793,0.2635364719803905,0.5962365899833629,0.026446439565884543,20.18714436731195,0.03616162775132427,12.252770978582076,26.73287671331835,3.8668173457162527,0.9841353781068218,1.905656395103419,0.009203418216645987,0.13948947679824192,0.5856146191167617,0.01598343335305553,61.423900200346296,0.452887353814458,-0.24210526315789474,0.1060606060550564,-0.12375335497165428,-0.15741299432260858,-0.05845301083396322,-0.24691358024691357,-0.18780339805825244,3.294117646405342,0.09750645875316784,-0.00883288608782406,Household & Personal Products,Consumer Defensive,PG
2018Q3,2018,Q3,2018-04-19,2018-03-31,2511000000.0,16281000000.0,3296000000.0,0.95,7938000000.0,0.48756218905472637,124369000000.0,54315000000.0,27960000000.0,30711000000.0,69423000000.0,5207000000.0,98623000000.0,205228948468.32,235201948468.32,20.98189964007298,0.910422975481098,0.28382474732449403,0.6498941360581791,0.02871844981129608,20.98189964007298,0.04623032311516156,12.605426476771697,20.432989692186382,3.7784948627141675,0.7220230983671844,1.6022661801421163,0.00883403639462618,0.13090882776254534,0.673472045846765,0.020189918709646294,84.00693756378224,0.48756218905472637,0.02150537634408592,0.036342556433894106,-0.1629155117445103,-0.14488496962508055,-0.09051329055912008,0.006412825651302605,-0.17661753684736448,0.259740259603147,-0.03066422849840381,-0.06480526470774461,Household & Personal Products,Consumer Defensive,PG
2018Q2,2018,Q2,2018-01-23,2017-12-31,2495000000.0,17395000000.0,4003000000.0,0.93,8728000000.0,0.501753377407301,126644000000.0,54112000000.0,31214000000.0,33107000000.0,71923000000.0,5131000000.0,97881000000.0,232814732000.0,263115732000.0,21.355223173763765,0.9428217597486936,0.2979454218123243,0.6973129804849202,0.027676516579689607,21.355223173763765,0.04610807214665878,13.38400298936476,23.328129458917836,4.302460304553518,0.7266533066132265,1.6891444162931202,0.007787307892526321,0.13735352642051735,0.7231099163318936,0.01970089384416159,79.84044307270233,0.501753377407301,-0.12264150943396226,-0.336157338727428,-0.15323983113668616,-0.12402623798565332,0.03608736942070275,-0.1254819488257974,0.0717536813922356,0.15840961258837744,-0.04979206922485833,-0.07078049452692811,Household & Personal Products,Consumer Defensive,PG
2018Q1,2018,Q1,2017-10-20,2017-09-30,2853000000.0,16653000000.0,3735000000.0,1.06,8424000000.0,0.5058548009367682,122851000000.0,54818000000.0,28096000000.0,30724000000.0,67436000000.0,5023000000.0,97197000000.0,238133889939.14,267323889939.14,20.943434978005932,0.9144642624658248,0.2784999715102034,0.6241380568426429,0.03209809878715902,20.943434978005932,0.05204494873946514,14.299759198891492,20.866972479770418,4.344082052229925,0.6389765159481248,1.6382639856659367,0.007655357246572107,0.1355544521412117,0.681844811873454,0.023223254185965114,95.2916726447139,0.5058548009367682,0.29268292682926844,0.06466737726064599,-0.15677992236071675,-0.1047275170601859,0.08277634961439588,0.2880361173814898,0.26653102746693796,0.48470050232001505,-0.17055732570274842,-0.14057565889966117,Household & Personal Products,Consumer Defensive,PG
2017Q4,2017,Q4,2017-08-07,2017-06-30,2215000000.0,16079000000.0,2949000000.0,0.82,7780000000.0,0.483860936625412,120406000000.0,55184000000.0,26494000000.0,30210000000.0,64628000000.0,4624000000.0,96124000000.0,229806250008.30002,255778250008.30002,20.927566590666274,0.8769943727242635,0.2619553842831753,0.5715605972745723,0.025566409312949265,20.927566590666274,0.040138445926355466,14.292322284240315,25.937500000936797,4.164363765009786,0.8243792325056434,1.7947664359861593,0.007945823927478255,0.13353985681776656,0.6531281032770606,0.018396093217945948,90.68912786436465,0.483860936625412,-0.11827956989247322,-0.3488372093652974,-0.15083548069817826,-0.0714635803336542,0.001415883640108122,-0.12172878667724028,-0.12232142857142857,-0.08695652163049525,-0.10119958868084993,-0.15240517051558827,Household & Personal Products,Consumer Defensive,PG
2017Q3,2017,Q3,2017-04-26,2017-03-31,2522000000.0,15605000000.0,3360000000.0,0.93,7769000000.0,0.4978532521627683,118091000000.0,53840000000.0,25885000000.0,29082000000.0,63543000000.0,4754000000.0,95736000000.0,230312505000.0,254909505000.0,21.004174306557953,0.8900694587717488,0.2575471458451533,0.5648959881129272,0.03055508924453003,21.004174306557953,0.04684249628528975,14.758891701377763,22.830343477398888,4.277721118127785,0.7030134813639968,1.6482961716449305,0.007698235925140062,0.13214385516254415,0.6424936386768448,0.021356411580899477,102.86400401965163,0.4978532521627683,-0.6770833333333333,0.12051412365815835,-0.17222770978876253,-0.11632173736387302,-0.09219443795279271,-0.6797460317460318,-0.1329032258064516,0.023145425813795185,-0.19660680219291243,-0.17745954430330993,Household & Personal Products,Consumer Defensive,PG
2017Q2,2017,Q2,2017-01-20,2016-12-31,7875000000.0,16856000000.0,3875000000.0,2.88,8558000000.0,0.5077123872804936,117033000000.0,53060000000.0,25572000000.0,28891000000.0,63289000000.0,4787000000.0,94945000000.0,218322128000.0,241738128000.0,20.434414233998304,0.885119933543318,0.2517836849435629,0.555352431209951,0.03693183027673558,20.434414233998304,0.14841688654353563,12.952190792596108,6.930861206349206,4.114627365246891,0.2267936507936508,1.7334447461875915,0.00818057251622245,0.14402775285603206,0.6293655463639196,0.06728871343979903,96.81690820399113,0.5077123872804936,2.0,3.946175631583768,-0.19168493712851825,-0.12404416206438675,0.016872623574144485,1.9016212232866618,0.027578891540705384,1.4057242614455616,-0.20772594351044063,-0.19909396083645847,Household & Personal Products,Consumer Defensive,PG
2017Q1,2017,Q1,2016-10-25,2016-09-30,2714000000.0,16518000000.0,3771000000.0,0.96,8416000000.0,0.5095047826613391,129043000000.0,58262000000.0,35171000000.0,32401000000.0,70092000000.0,4999000000.0,88855000000.0,240054325000.0,263723325000.0,21.78262982764422,1.0854911885435634,0.24119867021070496,0.5342247090728091,0.032447461262864755,21.78262982764422,0.046582678246541484,14.532892904710014,22.112594417833456,4.120255483848821,0.6820191599115696,1.6207241448289658,0.007710754638559417,0.12800384368001363,0.5797351933582297,0.021031749106886852,102.54349636907304,0.5095047826613391,0.39130434782608703,-0.0752668350483059,-0.22345839100304393,-0.07990390622885303,0.09015544041450778,0.3910814966683752,0.5071942446043165,-0.08312225278632555,-0.20341303584329243,-0.1249453037353316,Household & Personal Products,Consumer Defensive,PG
2016Q4,2016,Q4,2016-08-09,2016-06-30,1951000000.0,16102000000.0,2502000000.0,0.69,7720000000.0,0.47944354738541795,127136000000.0,57341000000.0,33782000000.0,30770000000.0,69153000000.0,4716000000.0,87953000000.0,232663619723.08002,256114619723.08002,20.867303946266176,1.0978875528111798,0.24031745532343318,0.532829912279172,0.021269803747820625,20.867303946266176,0.03402451997697982,14.449361552793443,29.813380282301384,4.057543811985839,0.946694003075346,1.77735368956743,0.00793849937604482,0.12665177447772463,0.5759181020474489,0.015345771457337025,81.69368670051966,0.47944354738541795,-0.288659793814433,-0.22044262949805438,-0.22584120449197967,-0.14979002150332707,-0.015306122448979591,-0.29054545454545455,-0.24593128390596744,0.07575757576994446,-0.1940408338978333,-0.129023955606374,Household & Personal Products,Consumer Defensive,PG
2016Q3,2016,Q3,2016-04-26,2016-03-31,2750000000.0,15755000000.0,3318000000.0,0.97,7840000000.0,0.4976198032370676,127508000000.0,59187000000.0,34317000000.0,31357000000.0,67655000000.0,4957000000.0,87849000000.0,221306897000.0,246226897000.0,22.01324059954625,1.0943967854067673,0.2573564011669856,0.5544291820839036,0.026126032490223362,22.01324059954625,0.04646290570564482,14.046772262773723,20.11880881818182,3.7391132681163093,0.6749090909090909,1.5967318942909017,0.008386543868083787,0.12356087461178906,0.5871097362630354,0.02156727421024563,89.30867514124294,0.4976198032370676,-0.13392857142857154,0.012672398111077033,-0.17606219592098898,-0.06636655360261584,-0.07273802483737433,-0.14223331253898938,-0.1388528419413444,0.0927528424220288,-0.22009939589839503,-0.10285278135731628,Household & Personal Products,Consumer Defensive,PG
2016Q2,2016,Q2,2016-01-26,2015-12-31,3206000000.0,16915000000.0,3853000000.0,1.12,8455000000.0,0.4998522021874076,129143000000.0,61628000000.0,36347000000.0,32053000000.0,66841000000.0,5125000000.0,86917000000.0,215907849000.0,238030849000.0,22.66651954834676,1.1339656194427978,0.24411698659625378,0.5115531901083923,0.03159492379739529,22.66651954834676,0.05202180826896865,12.764283121489802,16.836232766687463,3.5034050918413704,0.5826575171553338,1.650731707317073,0.008651839239063513,0.13097883741279048,0.5927058309674601,0.02482519377744051,56.98280522565321,0.4998522021874076,0.23076923076923084,0.007823362551857064,-0.16978348310205035,-0.0022017047774823884,0.00955223880597015,0.23260284505959247,0.022558386411889595,-0.20502336718133518,-0.23263104238844518,-0.07023793481444403,Household & Personal Products,Consumer Defensive,PG
2016Q1,2016,Q1,2015-10-23,2015-09-30,2601000000.0,16527000000.0,3768000000.0,0.91,8375000000.0,0.5067465359714407,129265000000.0,62287000000.0,35620000000.0,31567000000.0,66311000000.0,5239000000.0,85579000000.0,195683994000.0,218465994000.0,22.89879048564391,1.1283935755694237,0.23584883765907244,0.48946007995247803,0.03086682424011625,22.89879048564391,0.04175831232841524,11.840261027409694,18.808534602076122,3.1416506494132,0.7170319108035371,1.5560221416300821,0.009530672191819634,0.12785363400765867,0.5489910349415529,0.020121455923877308,65.09780239520958,0.5067465359714407,4.352941176470588,-0.10634126641987603,-0.1305473558865641,0.04901242777324351,-0.018516348294855267,3.9923224568138194,3.0516129032258066,-0.06600848504487919,-0.19474600667569977,-0.021141611396120395,Household & Personal Products,Consumer Defensive,PG
2015Q4,2015,Q4,2015-08-07,2015-06-30,521000000.0,17790000000.0,930000000.0,0.17,8533000000.0,0.4796514896008994,129495000000.0,62419000000.0,29646000000.0,29790000000.0,66445000000.0,5454000000.0,84807000000.0,239782588207.68,263235588207.68,20.367044148218852,0.9951661631419939,0.23397042356847755,0.48539707460869286,0.005055899415327535,20.367044148218852,0.00834681747544818,13.478504115102867,115.05882351616121,3.8414999953168105,3.5911708253358925,1.6972863953061972,0.007802901845314529,0.13737982161473417,0.5529707955689829,0.004023321363759219,88.3502535768902,0.4796514896008994,-0.7733333333333333,-0.7759704014204244,-0.1168464255241118,-0.04040470641252929,-0.0319909245604084,-0.7580120761727822,-0.7033492822966507,-0.868217054256374,-0.19162216835963589,-0.09633343319485081,Household & Personal Products,Consumer Defensive,PG
2015Q3,2015,Q3,2015-04-23,2015-03-31,2153000000.0,18142000000.0,3135000000.0,0.75,8815000000.0,0.48588909712269873,130937000000.0,62733000000.0,31562000000.0,31881000000.0,67557000000.0,5893000000.0,86157000000.0,229112753238.24,253177753238.24,22.43586158931485,0.989994040337505,0.24774509878796674,0.5170962651236192,0.026495740172376415,22.43586158931485,0.03432005483557298,12.628858628499614,26.60389610290757,3.6521886923666966,0.8369716674407803,1.5827252672662482,0.00786512306508845,0.13855518302695188,0.569304601486779,0.01644302221679128,83.86264759818448,0.48588909712269873,-0.08536585365853654,-0.12499999996748723,-0.00618300561036403,-0.00789788621688442,-0.1253224846199643,-0.09232715008431704,-0.20572586774765644,-0.12307507255140572,-0.11777693729336232,-0.056088427917862324,Household & Personal Products,Consumer Defensive,PG
2015Q2,2015,Q2,2015-01-27,2014-12-31,2372000000.0,20161000000.0,3947000000.0,0.82,10078000000.0,0.4998759982143743,136263000000.0,64133000000.0,33178000000.0,34152000000.0,71451000000.0,6477000000.0,85770000000.0,254194682326.15002,280443682326.15,22.981892919791516,0.9714804403841649,0.25284193067817384,0.5372117318697083,0.0310175596475835,22.981892919791516,0.03698563921849906,12.60823780200139,26.791176467764544,3.9635551483035254,0.7622259696458684,1.556739231125521,0.007112658626273725,0.14795652524896707,0.5286074022019208,0.0174075134115644,97.65450723248176,0.4998759982143743,0.1884057971014493,-0.4620253164382554,0.013152031192536816,-0.01266819492775677,-0.0158203125,0.19195979899497487,0.34251700680272107,0.3862544380159285,-0.1004040060974501,-0.014842165800435828,Household & Personal Products,Consumer Defensive,PG
2015Q1,2015,Q1,2014-10-24,2014-09-30,1990000000.0,20792000000.0,2940000000.0,0.69,10240000000.0,0.49249711427472104,138183000000.0,66055000000.0,29107000000.0,32071000000.0,71354000000.0,7100000000.0,85207000000.0,226985644000.0,252731644000.0,24.36914336309304,0.9075800567490879,0.2404926799968158,0.5030959049277117,0.021009949719395144,24.36914336309304,0.03012640981000681,10.916970180838785,28.515784422110553,3.436312830217243,0.907537688442211,1.4861971830985916,0.007956450320708389,0.15046713416266835,0.5314146736927442,0.014401192621378896,80.40582500885583,0.49249711427472104,-0.22471910112359558,-0.35151509364025985,0.13124990475211154,0.06701299094539502,0.12539839542806902,-0.2283830942225669,-0.059801726894787334,-0.33093346149957237,-0.03547568657847117,0.029350165445835862,Household & Personal Products,Consumer Defensive,PG
2014Q4,2014,Q4,2014-08-08,2014-06-30,2579000000.0,19018000000.0,3127000000.0,0.89,9099000000.0,0.4784414764959512,144266000000.0,69214000000.0,31617000000.0,33726000000.0,74290000000.0,6759000000.0,84990000000.0,220308271773.30002,247084271773.30002,24.690531209819227,0.937466642946095,0.24492257357936034,0.5105036553298465,0.024396326848660988,24.690531209819227,0.03726124772444881,11.584197695514776,21.355978264181854,3.1830015859984977,0.703373400542846,1.4675247817724515,0.008233916890177545,0.13182593265218415,0.5061969993476843,0.01787669998475039,67.47573408064319,0.4784414764959512,-0.01111111111111112,0.08758073637522691,0.06191454128570557,0.1430214538582694,-0.08626230166700141,-0.011498658489842852,-0.09572006940427993,0.010130677134166616,-0.10370602115022758,0.005982184523075239,Household & Personal Products,Consumer Defensive,PG
2014Q3,2014,Q3,2014-04-23,2014-03-31,2609000000.0,20559000000.0,3458000000.0,0.9,9958000000.0,0.48436207986769786,143197000000.0,69281000000.0,28126000000.0,32118000000.0,73156000000.0,7227000000.0,84220000000.0,218675859999.99997,246858859999.99997,25.53573403118204,0.875708325549536,0.2539508509256479,0.5248913843622349,0.02592591058819075,25.53573403118204,0.03765823241581386,10.63650274818814,20.953991950939056,3.1563611957102236,0.6469911843618245,1.466860384668604,0.007719187659762719,0.14357144353582826,0.5014322186935675,0.018219655439708934,69.09189889415481,0.48436207986769786,-0.2372881355932203,0.07453847932575523,0.20135234734871177,0.2268076713162539,-0.10690582959641255,-0.23891481913652277,-0.24033391915641475,-0.04789048821382192,0.06550269993823382,0.083030699728548,Household & Personal Products,Consumer Defensive,PG
2014Q2,2014,Q2,2014-01-24,2013-12-31,3428000000.0,22280000000.0,4552000000.0,1.18,11150000000.0,0.5004488330341114,142927000000.0,69378000000.0,27467000000.0,30727000000.0,72789000000.0,7379000000.0,83280000000.0,221370072000.0,250049072000.0,25.51412180052957,0.8939043837667198,0.24913417338921268,0.5132462740349967,0.03397416804449275,25.51412180052957,0.04941047594338263,9.935820107719929,16.14425845974329,3.190781976995589,0.49620770128354724,1.5083344626643176,0.007683965518157306,0.15588377283508364,0.5016435057115891,0.02398427169114303,93.76114866581956,0.5004488330341114,0.13461538461538453,-0.2545852697071528,0.19025840972126412,0.2095620006313992,0.07263107263107263,0.13247439709283118,0.09660322813779812,0.07749136886018704,0.09341905180434329,0.12315202086351702,Household & Personal Products,Consumer Defensive,PG
2014Q1,2014,Q1,2013-10-25,2013-09-30,3027000000.0,21205000000.0,4151000000.0,1.04,10395000000.0,0.49021457203489743,141125000000.0,68087000000.0,26322000000.0,33217000000.0,72309000000.0,7394000000.0,81534000000.0,206753768000.0,235411768000.0,24.892878034513014,0.792425565222627,0.24644818423383524,0.5108170429009943,0.030747596517513864,24.892878034513014,0.04445782601671391,9.750236642301344,17.075798480343575,3.03661151174233,0.5642550379914106,1.461996213145794,0.008261034449442295,0.15025686448184233,0.4292079356955776,0.021449069973427812,156.7503927217589,0.49021457203489743,0.625,-0.004249523797542927,0.060293729548851205,0.16147742931084863,0.06060606060606061,0.6144,0.5765286745157615,0.034283402415278816,0.1093943887783934,0.14036321864331217,Household & Personal Products,Consumer Defensive,PG
2013Q4,2013,Q4,2013-08-08,2013-06-30,1875000000.0,20655000000.0,2633000000.0,0.64,9801000000.0,0.4745098039215686,139263000000.0,68064000000.0,23990000000.0,30037000000.0,70554000000.0,6909000000.0,80197000000.0,221647727279.81998,247212727279.81998,23.958527999233326,0.7986816259946067,0.22627690054070357,0.46297602256699577,0.019812254833738725,23.958527999233326,0.027547602256699576,10.73094782279448,29.553030303975998,3.256460497176481,0.9184,1.570994355188884,0.007769084849789842,0.14831649468990327,0.4146552585144988,0.01346373408586631,78.87819476150177,0.4745098039215686,-0.2727272727272727,-0.3407877984295828,0.02989913210284688,0.038545338372959766,-0.044177881802223526,-0.26929072486360095,-0.22672540381791484,-0.13023802917199714,0.10615744728686442,0.12880840941067606,Household & Personal Products,Consumer Defensive,PG
2013Q3,2013,Q3,2013-04-24,2013-03-31,2566000000.0,20598000000.0,3405000000.0,0.88,10254000000.0,0.49781532187591027,139131000000.0,67268000000.0,24298000000.0,27412000000.0,71178000000.0,7240000000.0,80035000000.0,213014550000.0,239361550000.0,24.536932336312237,0.8864001167371954,0.23160187161739657,0.47902420170066007,0.026969253426950477,24.536932336312237,0.0381459237676161,10.341516166618119,20.7535609898675,3.166655021704228,0.6200311769290725,1.4287292817679558,0.007468973363556621,0.14804752355693554,0.4576462862979717,0.01844305007510907,71.84301854974704,0.49781532187591027,-0.3669064748201438,0.059596000519552945,0.1264416466265376,0.08173496837966214,-0.09216467463479415,-0.36751294059649986,-0.24198575244879786,0.06361812544559219,0.1508305033769183,0.0850103678747131,Household & Personal Products,Consumer Defensive,PG
2013Q2,2013,Q2,2013-01-25,2012-12-31,4057000000.0,22175000000.0,4492000000.0,1.39,11295000000.0,0.5093573844419391,139903000000.0,66681000000.0,25601000000.0,26230000000.0,72580000000.0,7219000000.0,79045000000.0,185692728000.0,212475728000.0,24.378838841766598,0.9760198246282882,0.23892268214405696,0.5012822243217708,0.03505140262663296,24.378838841766598,0.060841918987417705,8.373967440811725,11.442736504806508,2.784792189679219,0.39462657135814644,1.507133952070924,0.008621770045836152,0.1585026768546779,0.5271063667556233,0.028998663359613448,59.42167296,0.5093573844419391,0.44791666666666663,0.40378551054415296,0.16293736487903976,0.10557317889745857,0.08720762344787757,0.44171997157071785,0.1369273601619843,-0.06123079891782784,0.1369277045853753,0.04734640628658387,Household & Personal Products,Consumer Defensive,PG
2013Q1,2013,Q1,2012-10-25,2012-09-30,2814000000.0,20739000000.0,3951000000.0,0.96,10389000000.0,0.5009402574858961,135888000000.0,64299000000.0,24124000000.0,24898000000.0,70940000000.0,7332000000.0,76574000000.0,190890270000.0,217465270000.0,23.393363894346212,0.9689131657161217,0.2345828917932415,0.4957619869671379,0.030633535655967197,23.393363894346212,0.04376428871366584,9.204410530883843,16.95897921108742,2.9687906499323473,0.570362473347548,1.411620294599018,0.008407971763044812,0.1526183327446132,0.4938147642380914,0.020708230307311903,97.14517557251908,0.5009402574858961,-0.22580645161290325,0.036628762814962426,0.16457320389044533,0.0795179217722842,0.06937725167267113,-0.22500688515560452,0.2899118511263467,-0.09567449253820302,0.11276637164882117,0.02428808453659982,Household & Personal Products,Consumer Defensive,PG
2012Q4,2012,Q4,2012-08-08,2012-06-30,3631000000.0,20212000000.0,3063000000.0,1.24,9715000000.0,0.48065505640213735,132244000000.0,63439000000.0,21910000000.0,24907000000.0,68209000000.0,6721000000.0,75349000000.0,172402131772.5,197699131772.5,22.538229139344097,0.8796723812582808,0.2248343970236835,0.4686864547045193,0.025031515954380093,22.538229139344097,0.0572360850580873,8.5296918549624,11.870155038040485,2.7176048136398743,0.4456072707243184,1.5618211575658385,0.009385034763578768,0.1528386921145761,0.4217288312522584,0.02745682223768186,64.52175590288174,0.48065505640213735,0.5121951219512196,0.7732380953455346,0.16162608759057034,0.05250424153413955,-0.024304509390378627,0.5060141020323518,-0.07153682934222491,0.524977337202879,0.1239862297568927,0.043382955972963724,Household & Personal Products,Consumer Defensive,PG
2012Q3,2012,Q3,2012-04-27,2012-03-31,2411000000.0,20194000000.0,3299000000.0,0.82,9957000000.0,0.49306724769733584,134605000000.0,65265000000.0,23108000000.0,26904000000.0,68696000000.0,7239000000.0,73324000000.0,184545217999.99997,213666217999.99997,23.769029062568286,0.8589057389235801,0.24599383381003678,0.5073469700452004,0.0256005199722529,23.769029062568286,0.03694169922623152,9.138616321679706,19.135754666113645,2.827629173370106,0.625466611364579,1.414145600221025,0.008171439045361772,0.15002414471973552,0.3787912578055308,0.017911667471490658,62.9202925332424,0.49306724769733584,0.4385964912280702,0.1031781950244334,0.2416185929467207,0.12862299102496788,-0.09564032697547684,0.42662721893491123,0.2044541803577948,-0.01883509830844326,0.16597078138872692,0.14193025186156952,Household & Personal Products,Consumer Defensive,PG
2012Q2,2012,Q2,2012-01-27,2011-12-31,1690000000.0,22135000000.0,2739000000.0,0.57,11010000000.0,0.4974023040433702,134311000000.0,64297000000.0,23651000000.0,29792000000.0,69411000000.0,7444000000.0,72407000000.0,183866101999.99997,212840101999.99997,23.32813293665191,0.7938708378088077,0.24858723410591835,0.519277726799073,0.017736701387489662,23.32813293665191,0.026284274538469914,8.306577908290038,27.199127514792895,2.8596373392226697,0.893491124260355,1.4944922084900591,0.008212498027504822,0.16480407412646766,0.37993421052631576,0.012582737080358272,77.22221839563207,0.4974023040433702,-0.4466019417475729,-0.3226283658249737,0.2872782910730402,0.12839725086916876,0.014185703758290346,-0.44113756613756616,-0.3680203045685279,-0.6374446774486658,0.16663774047547616,0.10592962463894243,Household & Personal Products,Consumer Defensive,PG
2012Q1,2012,Q1,2011-10-27,2011-09-30,3024000000.0,21917000000.0,4334000000.0,1.03,10856000000.0,0.49532326504539853,136617000000.0,65244000000.0,23125000000.0,27968000000.0,70983000000.0,8001000000.0,72215000000.0,174117762000.0,204383762000.0,23.674298777168982,0.8268378146453089,0.24775833168639336,0.5187909999386917,0.032298190648006986,23.674298777168982,0.046349089571454845,7.944415841584158,14.39465625,2.6687168475262095,0.49702380952380953,1.3824521934758156,0.008632088896249425,0.16042659405491264,0.36348684210526316,0.022134873405213112,130.523059970015,0.49532326504539853,0.13090717131474114,0.30628639018582704,0.3597794353427409,0.19159858089086945,0.07773255236771567,0.2047808764940239,0.3193302891933029,-0.012708218964824929,0.08766375600489333,0.10461970875040807,Household & Personal Products,Consumer Defensive,PG
2011Q4,2011,Q4,2011-08-10,2011-06-30,2510000000.0,20860000000.0,3285000000.0,0.9107732501179288,10073000000.0,0.48288590604026843,138354000000.0,67640000000.0,21970000000.0,27293000000.0,70353000000.0,7379000000.0,70682000000.0,175192563000.0,204438563000.0,24.543706230269603,0.804968306891877,0.23139193662633534,0.47329982259018333,0.02581584388066955,24.543706230269603,0.03710821998817268,8.398492953020135,17.44945846613546,2.5900733737433472,0.6095617529880478,1.4618511993495054,0.008733247426718679,0.15077265565144485,0.33133037775253726,0.01814186796189485,67.22661665387567,0.48288590604026843,-0.051277864460490846,0.54126059117691,0.3626029650893513,0.25313044511036653,-0.014865525672371638,-0.12634876435781414,-0.12910922587486745,-0.0903138797562173,0.07220463100758798,0.06391142613843134,Household & Personal Products,Consumer Defensive,PG
2011Q3,2011,Q3,2011-04-29,2011-03-31,2873000000.0,20230000000.0,3772000000.0,0.96,10225000000.0,0.5054374691052892,136538000000.0,67069000000.0,21814000000.0,26175000000.0,69106000000.0,7619000000.0,69692000000.0,175224554428.0,203698554428.0,23.578033418242295,0.8333906399235912,0.23011908772649373,0.4684727668520479,0.03022030917930713,23.578033418242295,0.04283648183214302,8.661619101730103,15.247524750087017,2.6126012677690142,0.48833971458405845,1.313164457277858,0.008006868698168067,0.14816388111734463,0.3518624641833811,0.021041761267925414,53.981686515095504,0.5054374691052892,-0.13513513513513525,0.49357575780969737,0.347991506942978,0.1855736045811547,-0.07549728752260398,-0.13801380138013802,-0.11455399061032864,0.14338708504993827,0.06623645175649553,0.03946095968939826,Household & Personal Products,Consumer Defensive,PG
2011Q2,2011,Q2,2011-01-28,2010-12-31,3333000000.0,21347000000.0,4260000000.0,1.11,11060000000.0,0.5181055886072985,134273000000.0,64713000000.0,21830000000.0,27241000000.0,69560000000.0,7423000000.0,0.0,183258025659.16998,212484025659.16998,22.716534651216186,0.8013655886347785,0.24185800570479546,0.5018311622085208,0.036030588460466764,22.716534651216186,0.051504334523202445,8.58472036628894,13.745726497087459,2.8318579830817607,0.42364236423642365,1.385827832412771,0.007704983151057675,0.1589820738346503,0.3597518446459381,0.024822562987346676,85.63459142951868,0.5181055886072985,0.08823529411764713,0.5200349566444739,0.35171529011144814,0.13138015577781467,0.06009776670181156,0.08179162609542356,-0.05354365696511886,0.10731376135825486,0.07490276968851411,0.030188172246001076,Household & Personal Products,Consumer Defensive,PG
2011Q1,2011,Q1,2010-10-28,2010-09-30,3081000000.0,20122000000.0,4501000000.0,1.02,10433000000.0,0.5184872279097505,133692000000.0,62855000000.0,20496000000.0,27640000000.0,70491000000.0,7277000000.0,66282000000.0,172679971942.44,203052971942.44,21.8289029561371,0.7415340086830681,0.24665649403105647,0.5246360671386524,0.0337946558585096,21.8289029561371,0.04901758014477766,8.581650528895736,14.011682241353457,2.747275028914804,0.46153846153846156,1.331455270028858,0.008234886675068491,0.15051012775633546,0.3142185238784371,0.023045507584597433,89.33262904420073,0.5184872279097505,0.3441775913226544,0.2830507640730331,0.14934146673890433,2.6544224105333765,0.11392269912449285,0.4100686498855835,0.5257627118644068,0.08341409561213887,0.07858343901810655,0.007323788926020499,Household & Personal Products,Consumer Defensive,PG
2010Q4,2010,Q4,2010-08-13,2010-06-30,2185000000.0,18926000000.0,2950000000.0,0.758828302587854,9366000000.0,0.494874775441192,128172000000.0,61115000000.0,18782000000.0,24282000000.0,66733000000.0,6384000000.0,64614000000.0,172708766334.96,199661766334.96,21.224618632794826,0.7734947697883205,0.23274974253347064,0.4881289372494478,0.027082038849410038,21.224618632794826,0.03575227031007118,9.12547639939554,19.76072841361098,2.8259636150692957,0.6668192219679634,1.4974937343358397,0.008436167027991048,0.1476609555909247,0.3382752656288609,0.01704740504946478,77.58704687105121,0.494874775441192,-0.08574903302668183,0.23328607895541018,0.12159073659796775,1.9547117430674494,-0.058977192806189085,-0.15473887814313347,-0.2565524193548387,0.04308779371600262,0.06327235149404059,-0.008839558873559767,Household & Personal Products,Consumer Defensive,PG
2010Q3,2010,Q3,2010-04-30,2010-03-31,2585000000.0,19178000000.0,3968000000.0,0.83,9953000000.0,0.5189800813432057,132986000000.0,66430000000.0,21490000000.0,23272000000.0,66213000000.0,6750000000.0,63879000000.0,185855625000.0,210932625000.0,22.614468085106385,0.9234272946029564,0.22540718571879748,0.45124190877615533,0.028281950372407726,22.614468085106385,0.03891314165286768,9.691084836792157,17.97443181818182,2.797766445882884,0.5141199226305609,1.3666666666666667,0.007150711741977139,0.14421066879220368,0.4623152286008938,0.019438136345179192,44.20923525214082,0.5189800813432057,-0.4429530201342282,0.2846976744186046,0.14744296332479004,2.0317634469675454,-0.11850146134089097,-0.4451599055591329,-0.14758324382384533,0.10560509554140134,0.1021994632479644,0.07380106034056139,Household & Personal Products,Consumer Defensive,PG
2010Q2,2010,Q2,2010-01-28,2009-12-31,4659000000.0,21027000000.0,4655000000.0,1.49,11291000000.0,0.5369762686070291,135293000000.0,68637000000.0,21761000000.0,23676000000.0,66346000000.0,6864000000.0,62616000000.0,178781753151.51,204740753151.51,23.27676754838251,0.9191164047981077,0.2223987937291656,0.4383787170185177,0.03311274621731709,23.27676754838251,0.06787884085842913,8.502485050245399,9.593354429679653,2.604743114522925,0.2867568147671174,1.4184149184149184,0.007472798406153878,0.15541824041155122,0.4508362899138368,0.03443637143089443,69.51079049436626,0.5369762686070291,0.4056603773584905,0.9596184405549736,0.2478011879921599,1.9604011996129815,0.0847343644922663,0.4088297550650136,0.046537769784172664,0.745452830316057,0.14299765290305022,0.12591267299615957,Household & Personal Products,Consumer Defensive,PG
2010Q1,2010,Q1,2009-10-29,2009-09-30,3307000000.0,19807000000.0,4448000000.0,1.06,10409000000.0,0.5255212803554299,138381000000.0,66714000000.0,24517000000.0,28674000000.0,71354000000.0,7050000000.0,59287000000.0,169190112000.0,198292112000.0,22.83865667043237,0.855025458603613,0.25578656029368196,0.5305633000569595,0.03151499535704849,22.83865667043237,0.04956980543813892,8.541935275407685,12.790301784094346,2.5360510837305514,0.4039915331115815,1.3330496453900709,0.00789644255333314,0.1431338117227076,0.4370858617562949,0.02389778943641107,42.2658286285286,0.5255212803554299,0.25308215297450437,0.437454375410631,0.2534658835284155,2.1606391961744937,0.1079297498669505,0.33832456495346014,0.2448922474111391,0.3477453442640532,0.15937276172948406,0.14953820318370445,Household & Personal Products,Consumer Defensive,PG
2009Q4,2009,Q4,2009-08-14,2009-06-30,2471000000.0,18662000000.0,3573000000.0,0.8459142104001917,9395000000.0,0.5034294287857679,134833000000.0,63099000000.0,21905000000.0,30901000000.0,71734000000.0,6880000000.0,57309000000.0,149268210000.0,181459210000.0,21.60110917120263,0.708876735380732,0.2742058694829901,0.5859363856796462,0.02686546571422719,21.60110917120263,0.039160684004500866,7.99851087771943,15.102004249291786,2.3656192649645793,0.5406717927964387,1.3469476744186046,0.008950331755167426,0.13840825317244296,0.3435811138798097,0.018326374107228944,38.11752042900919,0.5034294287857679,0.007040726666894867,0.5642024995369482,0.25225602771181727,2.176405722379588,0.015017286084701814,-0.05434366628396479,-0.042091152815013404,0.4315025565776478,0.1500857985179867,0.10288997499500424,Household & Personal Products,Consumer Defensive,PG
2009Q3,2009,Q3,2009-05-01,2009-03-31,2613000000.0,18417000000.0,3730000000.0,0.84,9256000000.0,0.502579138839116,132395000000.0,60775000000.0,22008000000.0,32829000000.0,71620000000.0,7615000000.0,56167000000.0,137493382000.0,171877382000.0,20.814781834372216,0.6703828931737184,0.29319838362475925,0.6387165775401069,0.027764420750815443,20.814781834372216,0.04299465240641711,7.465568876581419,13.154743781094528,2.2623345454545456,0.46498277841561425,1.2030203545633618,0.00883678895904968,0.13910646172438537,0.3100307654817387,0.019736394878960686,38.77421940214326,0.502579138839116,-0.4683544303797469,0.5101262045847652,0.2482598228042993,1.9340057665506953,-0.11998478798250618,-0.47781774580335734,-0.12255939778875559,0.32340322188941956,0.1955598149962625,0.0466291013420182,Household & Personal Products,Consumer Defensive,PG
2009Q2,2009,Q2,2009-02-02,2008-12-31,5004000000.0,20368000000.0,4251000000.0,1.58,10518000000.0,0.5163982717989002,138263000000.0,62412000000.0,25475000000.0,37141000000.0,75851000000.0,8383000000.0,54764000000.0,182913016000.0,219015016000.0,21.09368662971475,0.6858996795993646,0.30199691891540037,0.6690219829519964,0.030310343127263075,21.09368662971475,0.0801768890597962,8.980411233307148,9.138340127897681,2.9307347305005447,0.2476019184652278,1.1749970177740665,0.006773711500115442,0.14731345334615914,0.3394900514256482,0.0361918951563325,109.72586442711457,0.5163982717989002,0.5339805825242718,1.4103228897987814,0.3490743466660517,1.9428032553085783,-0.05422174264904235,0.4946236559139785,-0.09263607257203842,1.1971990619326045,0.2417398093992126,0.050555413995655774,Household & Personal Products,Consumer Defensive,PG
2009Q1,2009,Q1,2008-10-30,2008-09-30,3348000000.0,22026000000.0,4685000000.0,1.03,11121000000.0,0.5049032961046036,140679000000.0,64562000000.0,25069000000.0,38241000000.0,76117000000.0,8847000000.0,51000000000.0,209934156000.0,244879156000.0,21.432080732970388,0.6555529405611777,0.2804043247393001,0.6109940832068399,0.032203269454167925,21.432080732970388,0.051857129580868,9.531197493870879,15.676086917562724,3.2516674824199994,0.37455197132616486,1.2326212275347574,0.005973301457434112,0.15656921075640287,0.30367929708951125,0.023798861237284884,82.26260031347962,0.5049032961046036,0.028770557029177763,0.639968654804887,0.5579850436500023,2.205985908780846,0.0633964429145152,0.11007957559681697,0.22005208333333334,0.3327014562905065,0.20256579705795774,2.5879895701725006,Household & Personal Products,Consumer Defensive,PG
2008Q4,2008,Q4,2008-08-28,2008-06-30,3016000000.0,21266000000.0,3840000000.0,1.0011950604169433,10458000000.0,0.49177090190915074,143992000000.0,69494000000.0,24515000000.0,30958000000.0,74498000000.0,8416000000.0,48986000000.0,183184044000.0,216536044000.0,23.069313504182713,0.7918793203695329,0.25463220178898827,0.5275995049932368,0.030713745801491544,23.069313504182713,0.04339943016663309,8.613939810025393,15.18435377984085,2.6359692059746163,0.42108753315649866,1.2842205323193916,0.006932918240411812,0.14768876048669372,0.33277343497641965,0.020945608089338298,63.1233783597519,0.49177090190915074,0.22096958587432114,1.7241901581164343,0.6798582057746784,2.703541605280447,-0.002955477166555439,0.11291512915129151,-0.06592070055947458,0.6271927735433689,0.20463830624134233,2.2115145480160523,Household & Personal Products,Consumer Defensive,PG
2008Q3,2008,Q3,2008-05-01,2008-03-31,2710000000.0,20463000000.0,4111000000.0,0.82,10489000000.0,0.5125836876313346,145405000000.0,69589000000.0,25742000000.0,31263000000.0,75816000000.0,8427000000.0,47239000000.0,214967752999.99997,248190752999.99997,22.68294272955442,0.8234014649905639,0.2541865823045975,0.531118423888833,0.027830832308236842,22.68294272955442,0.038942936383623845,10.505192444900551,19.83097352398524,3.0891053614795436,0.41254612546125463,1.1835765990269371,0.005200780044437642,0.14073106151782952,0.35223746921280746,0.01863759843196589,58.43102826855123,0.5125836876313346,-0.16326530612244902,0.9371037302947451,0.7473788817012197,3.078692619892052,-0.06189070745013863,-0.1712538226299694,-0.12791684344505727,0.28957426373771306,0.1722865245918734,2.040943363262741,Household & Personal Products,Consumer Defensive,PG
2008Q2,2008,Q2,2008-02-01,2007-12-31,3270000000.0,21575000000.0,4714000000.0,0.98,11181000000.0,0.5182387022016223,144401000000.0,68243000000.0,26960000000.0,31479000000.0,76158000000.0,7690000000.0,45647000000.0,227220216000.0,258968216000.0,22.05085950626858,0.8564439785253661,0.2569026530287186,0.5436015415500491,0.03239618917021656,22.05085950626858,0.04791700247644447,10.531643847045192,17.371576146788993,3.329575428981727,0.3452599388379205,1.3516254876462939,0.004968748027244195,0.14941032264319498,0.43625909336382984,0.022645272539663853,64.97575521875893,0.5182387022016223,0.06521739130434775,0.8345710618096012,0.6432291900640648,2.855481906124339,0.04691011235955056,0.062033127638843784,0.06699864191942055,0.3104775794078288,0.21989350698211446,1.8044869546068503,Household & Personal Products,Consumer Defensive,PG
2008Q1,2008,Q1,2007-10-31,2007-09-30,3079000000.0,20199000000.0,4418000000.0,0.92,10680000000.0,0.5287390464874498,141703000000.0,67559000000.0,25182000000.0,30874000000.0,74144000000.0,7668000000.0,43507000000.0,221069016000.0,252213016000.0,21.67019502181165,0.8156377534495044,0.2524293769362681,0.5294631359256353,0.030961352092145056,21.67019502181165,0.045574978907325446,10.944552502599139,17.94974147450471,3.272236356369987,0.3696005196492368,1.2413928012519562,0.005147713689556568,0.14254461796856807,0.4025717432143551,0.02172854491436314,82.1817903345725,0.5287390464874498,0.2646349206349208,0.7564207047218963,0.5625248358824627,2.96244875158091,0.0902409146590445,0.3575837742504409,0.2990296971478977,0.2539943942578365,0.19770459988251016,1.9989359165486607,Household & Personal Products,Consumer Defensive,PG
2007Q4,2007,Q4,2007-08-28,2007-06-30,2268000000.0,19272000000.0,3401000000.0,0.7274826789838337,9796000000.0,0.508302200083022,138014000000.0,66760000000.0,24031000000.0,30717000000.0,71254000000.0,6819000000.0,41797000000.0,190765944000.0,220825944000.0,21.413908134462407,0.7823355145359248,0.2565971568101787,0.5304673457159976,0.023532871678927057,21.413908134462407,0.03397243858597963,9.898606475716065,21.027992063492064,2.8574886758538045,0.5026455026455027,1.389646575744244,0.005975909410748913,0.1396380077383454,0.396685874271576,0.016433115481038155,72.45193467527535,0.508302200083022,-0.016915298670495023,1.0814289639367558,0.5827359807793328,3.0678556773852126,0.016498910449309952,-0.09713375796178345,-0.06719692814042787,0.345207600068578,0.21167951229263882,2.1488781338828935,Household & Personal Products,Consumer Defensive,PG
2007Q3,2007,Q3,2007-05-02,2007-03-31,2512000000.0,18694000000.0,3646000000.0,0.74,9637000000.0,0.5155129988231518,135695000000.0,66466000000.0,22714000000.0,30921000000.0,69229000000.0,7091000000.0,40477000000.0,199332960000.0,228763960000.0,21.06020278833967,0.7345816758837036,0.24632447768893476,0.5028886949718653,0.0259297113491715,21.06020278833967,0.037793759215237865,10.66293784101851,19.838073248407643,2.9990214545782807,0.40764331210191085,1.2772528557326188,0.0051371333672063065,0.13776484026677474,0.3553248601274215,0.018512104351671027,53.975889520714865,0.5155129988231518,-0.11904761904761903,0.9885582681017016,0.5531066431104454,3.083058809319002,-0.07673883885801877,-0.1222921034241789,-0.1618390804597701,0.3431038029449433,0.17220738255627674,1.9685997632547014,Household & Personal Products,Consumer Defensive,PG
2007Q2,2007,Q2,2007-01-31,2006-12-31,2862000000.0,19725000000.0,4350000000.0,0.84,10438000000.0,0.5291761723700887,137300000000.0,65364000000.0,24689000000.0,31294000000.0,71936000000.0,6883000000.0,39083000000.0,,,,,,,,,,,,,,,,,,,,,,,,,,,,,,,Household & Personal Products,Consumer Defensive,PG
2007Q1,2007,Q1,2006-11-01,2006-09-30,2698000000.0,18785000000.0,4054000000.0,0.79,9920000000.0,0.5280809156241683,137049000000.0,63813000000.0,25506000000.0,20590000000.0,73236000000.0,6790000000.0,37284000000.0,,,,,,,,,,,,,,,,,,,,,,,,,,,,,,,Household & Personal Products,Consumer Defensive,PG
