Quarters,Year,Quarter,FillingDate,Date,NetIncome,Revenue,OperatingIncome,EPSDiluted,GrossProfit,GrossProfitRatio,TotalAssets,CommonStockEquity,CurrentAssets,CurrentLiability,TotalLiability,Inventory,RetainedEarnings,MarketCap,EnterpriseValue,bookValuePerShare,currentRatio,debtToAssets,debtToEquity,roic,shareholdersEquityPerShare,roe,priceToSalesRatio,peRatio,pbRatio,payoutRatio,inventoryTurnover,dividendYield,assetTurnover,quickRatio,returnOnAssets,priceToFreeCashFlowsRatio,grossProfitMargin,epsdilutedGrowth,fiveYNetIncomeGrowthPerShare,fiveYRevenueGrowthPerShare,fiveYShareholdersEquityGrowthPerShare,grossProfitGrowth,netIncomeGrowth,operatingIncomeGrowth,threeYNetIncomeGrowthPerShare,threeYRevenueGrowthPerShare,threeYShareholdersEquityGrowthPerShare,Industry,Sector,Symbol
2023Q1,2023,Q1,2023-04-28,2023-03-31,135683000000.0,535743000000.0,901676000000.0,288.0,535743000000.0,1.0,69505768000000.0,3920676000000.0,13110046000000.0,432776000000.0,65471477000000.0,0.0,434440000000.0,6626077095866.3125,16524255095866.312,8322.11532617183,30.29291365510102,0.23514782255193556,4.168702029956059,0.03920225882021689,8322.11532617183,0.03460704225495807,12.368014320049562,12.208745929604873,1.690034345063533,0.0,0.0,0.0,0.007707892674461205,30.29291365510102,0.0019521113700952128,10.20614933500042,1.0,0.588264490156069,-0.10153228796948659,0.19069611349043547,0.23686288489536586,1.2415368587530908,0.5882917578751449,-0.1898862917601058,-0.05784854250281228,0.10839557256646326,0.12197772857570886,Banks—Regional,Financial Services,BSAC
2022Q4,2022,Q4,2022-12-31,2022-12-31,85427000000.0,239007000000.0,1113024000000.0,181.33,239007000000.0,1.0,68422026000000.0,4854383000000.0,11813607000000.0,442673000000.0,63458079000000.0,0.0,679439000000.0,6326306078190.12,11640165078190.121,10304.022868354332,26.686983394062885,0.1546820171621343,2.180227023702085,0.0740189961837517,10304.022868354332,0.017597911001253918,26.46912466241625,18.513778074233322,1.3032152753892967,0.0,0.0,0.0,0.0034931295369710334,26.686983394062885,0.0012485306997486452,-11.825269033706032,1.0,-0.5374234693877551,-0.3560649460290659,-0.42540454902790437,0.5628864047659446,-0.6233933627781726,-0.539705375231691,0.29780404164543545,-0.2688335588022417,-0.5370033911146085,0.4266501440918805,Banks—Regional,Financial Services,BSAC
2022Q3,2022,Q3,2022-09-30,2022-09-30,185592000000.0,634633000000.0,857621000000.0,392.0,634633000000.0,1.0,75038033000000.0,3862433000000.0,12792520000000.0,334268000000.0,71069031000000.0,0.0,526545000000.0,6357763625694.502,16113767625694.502,8198.48742043766,38.27025021838764,0.21686973058049108,4.21327127227838,0.040072399504301075,8198.48742043766,0.04805054223594299,10.01801612222261,8.564167132331272,1.6460514980310343,1.077632656580025e-05,0.0,3.1457602354342423e-07,0.008457484486566965,38.27025021838764,0.0024733057701552493,-7.932667918158103,1.0,-0.35526315789473684,0.35147022126952093,0.3677582703540204,0.2996344445279521,-0.11722026476450927,-0.3499723306037532,0.007416830826012238,0.33636671290906944,0.28428928990474983,0.14880490049620762,Banks—Regional,Financial Services,BSAC
2022Q2,2022,Q2,2022-06-30,2022-06-30,285514000000.0,718903000000.0,851307000000.0,608.0,718903000000.0,1.0,70884440000000.0,3588420000000.0,9510674000000.0,0.0,67193727000000.0,0.0,345953000000.0,7153218612463.874,13139270612463.875,7616.861245035682,0.0,0.13238301663947688,2.6150495204017368,0.05791413594645739,7616.861245035682,0.07956537974930471,9.950186064690055,6.263456969241328,1.9934173292044615,1.6285541164356214,0.0,0.06500220742447613,0.010141901382024037,0.0,0.00402787974342465,-32.123886779284135,1.0,0.19494506790353963,0.8979100706876119,0.5749459943523015,0.23941628266406667,0.17555016302943688,0.19110076510391896,0.4665266704795243,0.6655607564771384,0.4655933588507072,0.09120111430569902,Banks—Regional,Financial Services,BSAC
2022Q1,2022,Q1,2022-03-31,2022-03-31,239706000000.0,611546000000.0,580492000000.0,508.81,611546000000.0,1.0,61466303000000.0,3705412000000.0,9972271000000.0,394387000000.0,57662593000000.0,0.0,698224000000.0,8327752346130.975,17593747346130.977,7865.1911035191415,25.285496225788375,0.24306570056767526,4.032034764285321,0.0254695274719741,7865.1911035191415,0.06469078202369939,13.617540374936594,8.685381619703902,2.247456516611641,0.0,0.0,0.0,0.00994928879975098,25.285496225788375,0.0038997953073572687,7.662325362362008,1.0,-0.09727840465545382,0.6836242317822651,0.3914679736152922,0.24824767870274841,-0.038065516731524855,-0.0974754795835765,-0.32980973492195437,0.9110739057641711,0.41132948083597964,0.11548384338843008,Banks—Regional,Financial Services,BSAC
2021Q4,2021,Q4,2021-12-31,2021-12-31,265595000000.0,635746000000.0,866160000000.0,563.64,635746000000.0,1.0,63747590000000.0,4333213000000.0,11476104000000.0,271696000000.0,59414377000000.0,0.0,647065000000.0,6536188516357.305,18686590516357.305,9195.835725015568,42.238766857075554,0.2731296822358304,4.018117503109125,0.03273614184934738,9195.835725015568,0.06129285590161388,10.281131955776843,6.152401698410461,1.5083930829980672,0.0,0.0,0.0,0.009972863287851352,42.238766857075554,0.004166353582935449,-1.8951340636339902,1.0,0.3720545277507302,1.3635188707271892,0.5635747791437891,0.4893470404793903,0.0,0.37205217615911146,0.0,0.6588410533020709,0.40867063215968474,0.354140942049081,Banks—Regional,Financial Services,BSAC
2021Q3,2021,Q3,2021-09-30,2021-09-30,193575000000.0,540184000000.0,0.0,410.8,0.0,0.0,63507671000000.0,3284039000000.0,0.0,0.0,60132217000000.0,0.0,463223000000.0,7478443667160.135,17193314667160.135,6969.30503036532,0.0,0.27352933474760865,5.289587303926659,0.0,6969.30503036532,0.05894418428039375,13.844252453164357,9.658328383262475,2.277209152254323,1.6038641353480563,0.0,0.04151505497906587,0.008505807117379569,0.0,0.0030480569819667925,-3.2987977028709197,0.0,0.039473684210526376,0.5866187805376203,0.25386282982687414,0.17509601402459685,0.0,0.029407854502911536,0.0,0.4918572989462362,0.21675494407216536,0.06402648983835413,Banks—Regional,Financial Services,BSAC
2021Q2,2021,Q2,2021-06-30,2021-06-30,188045000000.0,581313000000.0,0.0,395.2,0.0,0.0,58812752000000.0,3330025000000.0,0.0,0.0,55394481000000.0,0.0,257034000000.0,6927185398104.601,13847146398104.602,7068.3861887683015,0.0,0.2759029708387052,4.872820174022718,0.0,7068.3861887683015,0.056469546024429246,11.916446730254787,9.20947831384057,2.0802202380176125,1.65103033848281,0.0,0.04481878023431414,0.009884131931115892,0.0,0.00319735080582524,1.5685875590366183,0.0,0.024896265560165887,0.6168959587274291,0.37477266976159,0.23120622179662328,0.0,0.034846158502693805,0.0,0.21700158302334036,0.2443765600192055,0.1100531031190305,Banks—Regional,Financial Services,BSAC
2021Q1,2021,Q1,2021-03-31,2021-03-31,181713000000.0,540209000000.0,0.0,385.6,0.0,0.0,54486518000000.0,3564552000000.0,0.0,0.0,50835131000000.0,0.0,489412000000.0,8382638693907.426,18985820693907.426,7566.198489785039,0.0,0.2762825108405716,4.2231596004210346,0.0,7566.198489785039,0.05097779468499828,15.517399180516108,11.532799928881568,2.3516668276707495,0.0,0.0,0.0,0.009914544364901424,0.0,0.0033350084877877494,13.781794511882524,0.0,-0.14953683281870303,0.44861645899600616,0.30767014921037583,0.26326757137207035,0.0,-0.14929167329893914,0.0,0.20326985220109142,0.2006218593104429,0.12451579015443914,Banks—Regional,Financial Services,BSAC
2020Q4,2020,Q4,2020-12-31,2020-12-31,213602000000.0,517135000000.0,0.0,453.4,0.0,0.0,55703223000000.0,3620091000000.0,0.0,0.0,51998449000000.0,0.0,410501000000.0,6360947187449.13,17190437187449.129,7684.086824118266,0.0,0.2638063689779674,4.0592529303821365,0.0,7684.086824118266,0.0590045940834084,12.300361003314666,7.4448591158429345,1.7571235605539002,0.7754047246748625,0.0,0.026038260516736064,0.009283753652818258,0.0,0.003834643463987712,-62.82354927308501,0.0,0.8581967213114753,1.5620659407540223,0.2775200320712595,0.3057729557108505,0.0,0.8587664032858784,0.0,0.6100976904058373,0.24324148890390107,0.16550157000705412,Banks—Regional,Financial Services,BSAC
2020Q3,2020,Q3,2020-09-30,2020-09-30,114916000000.0,513978000000.0,0.0,244.0,0.0,0.0,57168493000000.0,3646910000000.0,0.0,0.0,53439357000000.0,0.0,399436000000.0,5134614543076.788,15678762543076.79,7743.4477376241475,0.0,0.26428228569887263,4.142855184251873,0.0,7743.4477376241475,0.03151051163862009,9.989950042758228,11.170364751376631,1.4079356340235398,1.4412875491663475,0.0,0.03225694910698247,0.008990581577863177,0.0,0.0020101282012104115,-11.411750747490867,0.0,0.3542013542013541,-0.1106492845404489,0.18252008359441899,0.37702637733850497,0.0,0.35419931887012573,0.0,-0.1629251770822072,0.10807148442140083,0.22750098684437076,Banks—Regional,Financial Services,BSAC
2020Q2,2020,Q2,2020-06-30,2020-06-30,84859000000.0,523520000000.0,0.0,180.18,0.0,0.0,61026743000000.0,3613823000000.0,0.0,0.0,57331925000000.0,0.0,325839000000.0,6241653119134.919,15803431119134.918,7673.194439545838,0.0,0.24669578056951197,4.165959428560834,0.0,7673.194439545838,0.023481780928396326,11.922473103482043,18.38830624664125,1.727160715711566,1.9517906173770607,0.0,0.026535758530418875,0.008578534168208845,0.0,0.0013905215292253103,-481.7577276269619,0.0,-0.4104057591623037,-0.39524603588645224,0.2369869970986687,0.4023559187413006,0.0,-0.41075867623981,0.0,-0.43573556038013667,0.14726883956413045,0.24858282466663684,Banks—Regional,Financial Services,BSAC
2020Q1,2020,Q1,2020-03-31,2020-03-31,144014000000.0,483350000000.0,0.0,305.6,0.0,0.0,59310458000000.0,3494433000000.0,0.0,0.0,55735740000000.0,0.0,487275000000.0,6175677320116.344,14714996320116.344,7417.362318533999,0.0,0.22826053712146346,3.8742299537578773,0.0,7417.362318533999,0.0412124084221961,12.776822840832407,10.720619731616967,1.7672902356738114,0.0,0.0,0.0,0.008149490263588927,0.0,0.0024281383900289556,-17.677824621196017,0.0,0.23225806451612913,0.5083632707353605,0.296146822449204,0.3299267222776606,0.0,0.23397911007908695,0.0,0.011511852502194934,0.09977997574499944,0.17717486763476803,Banks—Regional,Financial Services,BSAC
2019Q4,2019,Q4,2019-12-31,2019-12-31,116707000000.0,515645000000.0,0.0,248.0,0.0,0.0,50574714000000.0,3398870000000.0,0.0,0.0,47096211000000.0,0.0,393681000000.0,8052321349624.098,17424818349624.098,7222.529581639829,0.0,0.26885718028973926,4.000557538240651,0.0,7222.529581639829,0.0343370002383145,15.616017511319024,17.24901109107444,2.3691171917796496,0.0,0.0,0.0,0.010195707681115112,0.0,0.0023076156199321267,5.795747183664374,0.0,-0.15872315885884872,-0.26202249651350273,0.18664711828497402,0.28791204574348306,0.0,-0.1587108214872697,0.0,0.0399433760156497,0.2698705147463445,0.16975263356739864,Banks—Regional,Financial Services,BSAC
2019Q3,2019,Q3,2019-09-30,2019-09-30,138724000000.0,493603000000.0,0.0,294.79,0.0,0.0,46579439000000.0,3358402000000.0,0.0,0.0,43174101000000.0,0.0,304770000000.0,9617070922931.361,18184423922931.36,7136.53590517977,0.0,0.2463811983652272,3.4171900802822295,0.0,7136.53590517977,0.041306549960368054,19.483412627012722,17.33130338465471,2.863585396546143,0.0,0.0,0.0,0.010597014704277567,0.0,0.0029782239326669436,44.53069211646036,0.0,-0.18982575715934696,0.26102593842888827,0.29190850385660644,0.35420577857169877,0.0,-0.18984769202018315,0.0,0.1385406309701825,0.1472543432576247,0.20329284764862413,Banks—Regional,Financial Services,BSAC
2019Q2,2019,Q2,2019-06-30,2019-06-30,171232000000.0,489976000000.0,0.0,363.86,0.0,0.0,42031951000000.0,3284857000000.0,0.0,0.0,38700505000000.0,0.0,207663000000.0,9609692028736.799,17968087028736.797,6980.254276849854,0.0,0.26045690812686756,3.332721028647518,0.0,6980.254276849854,0.052127687750182124,19.612577001193525,14.030222196693373,2.925452166939626,2.0740340590543824,0.0,0.03695654334582079,0.01165722714132399,0.0,0.004073853245594048,13.107724159819513,0.0,0.365840840840841,0.07396593386073158,0.13474347140175322,0.3606460862101499,0.0,0.3651598501156023,0.0,0.473965146166075,0.16005254753353249,0.21585497253052563,Banks—Regional,Financial Services,BSAC
2019Q1,2019,Q1,2019-03-31,2019-03-31,125430000000.0,433312000000.0,0.0,266.4,0.0,0.0,39667565000000.0,3321798000000.0,0.0,0.0,36299376000000.0,0.0,502132000000.0,9623766085201.492,17870573085201.492,7050.923372971123,0.0,0.26323042515969913,3.1433910189602137,0.0,7050.923372971123,0.0377596711178705,22.209784370618614,19.181547646499027,2.897155722654265,0.0,0.0,0.0,0.010923584545711339,0.0,0.0031620292296741684,-16.79215036040399,0.0,-0.19878756829527702,-0.11571244263023195,0.08209240358706324,0.3698910000276305,0.0,-0.21642979853193817,0.0,-7.174802095031926e-05,0.04890730753217073,0.1772362114646106,Banks—Regional,Financial Services,BSAC
2018Q4,2018,Q4,2018-12-31,2018-12-31,160075000000.0,451214000000.0,0.0,332.496089,0.0,0.0,39132512000000.0,3199297000000.0,0.0,0.0,35887052000000.0,0.0,373619000000.0,9768882302215.398,17133596302215.398,6790.900001221781,0.0,0.2543835161923671,3.1115166863220263,0.0,6790.900001221781,0.05003442943871732,21.650219856244263,15.2567270064273,3.053446523475438,0.0,0.0,0.0,0.011530412358910157,0.0,0.0040905884089424156,62.80744968859756,0.0,0.20749596528181277,-0.08187553771149997,-0.030797848575454506,0.36491574912796854,0.0,0.2339374224332637,0.0,0.9200321454702474,0.1146701054358244,0.15399184958450768,Banks—Regional,Financial Services,BSAC
2018Q3,2018,Q3,2018-09-30,2018-09-30,129727000000.0,443861000000.0,0.0,275.36,0.0,0.0,38025656000000.0,3085775000000.0,0.0,0.0,34896175000000.0,0.0,304681000000.0,9905336142341.64,17316334142341.64,6549.935642508383,0.0,0.26280038403545225,3.238459382164934,0.0,6549.935642508383,0.042040330224984,22.316302045779288,19.088809851344823,3.2099994790098565,0.0,0.0,0.0,0.01167267173510432,0.0,0.00341156507595819,22.011515692737316,0.0,-0.1604366119885359,0.2822294512899831,0.19899242545725743,0.39431362620720645,0.0,-0.1604245542503964,0.0,0.003659463346290843,0.020879383375498623,0.16478272408034925,Banks—Regional,Financial Services,BSAC
2018Q2,2018,Q2,2018-06-30,2018-06-30,154515000000.0,467152000000.0,0.0,327.98,0.0,0.0,37589238000000.0,2999879000000.0,0.0,0.0,34546108000000.0,0.0,213872000000.0,9609843193840.12,16613588193840.12,6367.610854748777,0.0,0.25511599889308745,3.19666759892649,0.0,6367.610854748777,0.0515070774521239,20.571127157413688,15.548398527392356,3.2034102688275494,2.7415526000711905,0.0,0.04408094819606769,0.012427812449935804,0.0,0.0041106180444519785,54.8253558220236,0.0,0.02365792759051199,0.7981196579766485,0.368640250873948,0.40324468997675506,0.0,0.023169730359696987,0.0,0.10081645099866787,0.10345218786027652,0.16374696884741383,Banks—Regional,Financial Services,BSAC
2018Q1,2018,Q1,2018-03-31,2018-03-31,151016000000.0,449941000000.0,0.0,320.4,0.0,0.0,36433862000000.0,3169855000000.0,0.0,0.0,33221394000000.0,0.0,501082000000.0,9525920995018.861,16199099995018.861,6728.4057334098525,0.0,0.2507353461458464,2.8819163652596096,0.0,6728.4057334098525,0.04764129589523811,21.171489139729122,15.769721412000818,3.005159855898412,0.0,0.0,0.0,0.012349528029721363,0.0,0.0041449352802620815,66.24193174798415,0.0,0.13778409090909075,0.8671843123678581,0.36011910159910526,0.44476703775025345,0.0,0.13833443888319363,-1.0,0.5817003047854457,0.20655756168328804,0.20639739558476414,Banks—Regional,Financial Services,BSAC
2017Q4,2017,Q4,2017-12-31,2017-12-31,132664000000.0,415957000000.0,166811000000.0,281.6,0.0,0.0,35823605000000.0,3106037000000.0,0.0,0.0,32675685000000.0,0.0,435228000000.0,9045310441030.26,15409807441030.26,6592.9442069063525,0.0,0.24592189981996507,2.8363503074818492,0.010711697889036628,6592.9442069063525,0.042711661193990925,21.745782475184356,17.045525615521655,2.9121708598546188,0.0,0.0,0.0,0.01161125464620325,0.0,0.0037032565538839546,46.94765317037733,0.0,-0.033933318605847945,0.6192754579436139,0.22175357125844913,0.43590733071753623,0.0,-0.03394841472117443,-0.11759353790976561,-0.16205154296106355,-0.04382537178101269,0.17564520366582542,Banks—Regional,Financial Services,BSAC
2017Q3,2017,Q3,2017-09-30,2017-09-30,137326000000.0,463995000000.0,189041000000.0,291.491266,0.0,0.0,35152715000000.0,2971938000000.0,0.0,0.0,32134334000000.0,0.0,301096000000.0,8893589954698.01,15030097954698.01,6308.302657687316,0.0,0.2377829991225429,2.812547906450269,0.013417941735842273,6308.302657687316,0.04620755883871063,19.167426275494368,16.190652088275364,2.992522036024308,0.0,0.0,0.0,0.013199407215061482,0.0,0.003906554586182035,-167.30167901386426,0.0,-0.08714998747338093,1.7159385378931484,0.39251276529270474,0.44392830848835846,0.0,-0.08714669361057194,0.04466205051973099,0.24693320038400862,0.21306834036577083,0.1970429386922808,Banks—Regional,Financial Services,BSAC
2017Q2,2017,Q2,2017-06-30,2017-06-30,150436000000.0,456462000000.0,180959000000.0,319.32,0.0,0.0,34806430000000.0,2895250000000.0,0.0,0.0,31881122000000.0,0.0,204968000000.0,7957150551006.015,14744688551006.016,6145.522978497264,0.0,0.25733633124684147,3.093673776012434,0.012653132173924856,6145.522978497264,0.0519595889819532,17.432229957819082,13.223481332603258,2.748346619810384,2.1979114041851684,0.0,0.04155319141953358,0.013114301007026576,0.0,0.0043220749729288525,-35.35411450218161,0.0,0.05595238095238101,0.42330290287448635,0.2980245094506228,0.42720807791416043,0.0,0.0566180860403863,0.0080944369547536,-0.057513029274516035,0.05595525284633487,0.1979336936390964,Banks—Regional,Financial Services,BSAC
2017Q1,2017,Q1,2017-03-31,2017-03-31,142375000000.0,439497000000.0,179506000000.0,302.4,0.0,0.0,36708538000000.0,2968491000000.0,0.0,0.0,33710060000000.0,0.0,430313000000.0,7828997823254.803,14016175823254.803,6300.985964334503,0.0,0.24962116442774157,3.0868303121013336,0.011741670357472265,6300.985964334503,0.04796207904959119,17.813540987207656,13.747142797637933,2.637366198265315,0.0,0.0,0.0,0.011972609750897733,0.0,0.0038785254809112803,-18.5436906034572,0.0,0.3114364102720736,0.20343665000412559,0.12046822257732787,0.4368333794776561,0.0,0.26725649538491664,0.3238393746082083,0.0037506256917860656,0.09753795209757286,0.22418916037730793,Banks—Regional,Financial Services,BSAC
2016Q4,2016,Q4,2016-12-31,2016-12-31,112349000000.0,406512000000.0,135595000000.0,230.586857,0.0,0.0,37030025000000.0,2908858000000.0,0.0,0.0,34091826000000.0,0.0,370803000000.0,6745050329495.285,12844128329495.285,6174.407626348535,0.0,0.2503504926070128,3.1869843766866586,0.008856388915634223,6174.407626348535,0.03862306100882202,16.592499924959867,15.00914634196852,2.318796699424752,0.0,0.0,0.0,0.010977902391370246,0.0,0.0030339974115599438,8.007496158917975,0.0,-0.10901523570324576,0.12293960220173641,-0.09582838136798788,0.4115754819750099,0.0,-0.07894801564203674,-0.10096603303209722,-0.3556122741611701,-0.12681719764924215,0.24100578851444066,Banks—Regional,Financial Services,BSAC
2016Q3,2016,Q3,2016-09-30,2016-09-30,121979000000.0,430725000000.0,150823000000.0,258.8,0.0,0.0,35800252000000.0,2794109000000.0,0.0,0.0,32974423000000.0,0.0,254603000000.0,6301385821042.782,12013379821042.781,5930.838797160144,0.0,0.2340578496486561,2.9989273861542265,0.010364566316195145,5930.838797160144,0.04365577720840526,14.629719243235899,12.914898919163917,2.2552397995363753,0.0,0.0,0.0,0.012031339891127023,0.0,0.0034072106531540616,-8.226481121170021,0.0,0.0486223662884927,0.7204129701978819,0.3416009194743546,0.40517359302047223,0.0,0.04883061049011178,0.0990126425474551,0.20564775187055845,0.16350842123745593,0.2625237561192057,Banks—Regional,Financial Services,BSAC
2016Q2,2016,Q2,2016-06-30,2016-06-30,116300000000.0,422843000000.0,137235000000.0,246.8,0.0,0.0,36123767000000.0,2704685000000.0,0.0,0.0,33388061000000.0,0.0,169217000000.0,6027395187436.545,11122000187436.545,5741.025397397555,0.0,0.2354994981558817,3.1453307871341765,0.010365776778210904,5741.025397397555,0.04299946204456342,14.25445185905063,12.95656747084382,2.2285017247614953,2.8947463456577815,0.0,0.055854807844975776,0.01170539606237633,0.0,0.0032194870485129637,4.986209767297791,0.0,-0.07357357357357346,-0.17816156933687607,0.20177405648445776,0.4490933940969758,0.0,-0.07285612927398975,-0.11558860869621257,0.3534046259508695,0.23882579625451406,0.2651626469780003,Banks—Regional,Financial Services,BSAC
2016Q1,2016,Q1,2016-03-31,2016-03-31,125439000000.0,413108000000.0,155171000000.0,266.4,0.0,0.0,34847695000000.0,2821692000000.0,0.0,0.0,31995447000000.0,0.0,402022000000.0,6096379425516.563,10223301425516.562,5989.387095219407,0.0,0.20323283935996342,2.5099110746318165,0.012682913833695157,5989.387095219407,0.04445524174856788,14.7573501978092,12.150087742880132,2.1605403515041908,0.0,0.0,0.0,0.011854672166982636,0.0,0.0035996354995646053,-9.545728373156757,0.0,0.4979783533805833,0.07362762509654554,0.3739350119479947,0.47384119913396316,0.0,0.5045879262573317,0.8594042084072281,0.5509464755993521,0.24877724373507468,0.286080149496929,Banks—Regional,Financial Services,BSAC
2015Q4,2015,Q4,2015-12-31,2015-12-31,83371000000.0,404796000000.0,83452000000.0,177.839686,0.0,0.0,34637660000000.0,2772374000000.0,0.0,0.0,31835105000000.0,0.0,351890000000.0,5885062485939.437,9731400485939.438,5884.703608319964,0.0,0.21033271300659456,2.6278680293495755,0.007751489041497758,5884.703608319964,0.030072060984556916,14.538341500260469,17.647210918483157,2.1227520117918566,0.0,0.0,0.0,0.01168658621858405,0.0,0.002406946658636871,10.998883276528682,0.0,-0.3518961880466472,-0.3991828101342102,0.19291219967750797,0.44771803377979585,0.0,-0.3549832113512928,-0.4371771180382265,0.01761302607167261,0.1889713592532435,0.28165638675282617,Banks—Regional,Financial Services,BSAC
2015Q3,2015,Q3,2015-09-30,2015-09-30,129254000000.0,434783000000.0,148274000000.0,274.4,0.0,0.0,34723950000000.0,2649228000000.0,0.0,0.0,32040309000000.0,0.0,255567000000.0,5970836380284.744,10345639380284.744,5623.311118114209,0.0,0.2159606841963544,2.83063896350182,0.01284824744798446,5623.311118114209,0.04878930767755739,13.732911315034729,11.548649133266174,2.253802383292319,0.0,0.0,0.0,0.012521127348703129,0.0,0.0037223299768603516,-20.483776103841095,0.0,-0.0791946308724833,0.22800817063322398,0.33075110186092055,0.47124406888095133,0.0,-0.07915134934883589,-0.09159748812988207,1.5562961058481497,0.3048435357000303,0.2871383241239687,Banks—Regional,Financial Services,BSAC
2015Q2,2015,Q2,2015-06-30,2015-06-30,140364000000.0,423355000000.0,163225000000.0,298.0,0.0,0.0,32431634000000.0,2577776000000.0,0.0,0.0,29821265000000.0,0.0,165089000000.0,6089913367790.737,11197203367790.738,5471.645490991327,0.0,0.23854659928636343,3.0012134491127234,0.013747746378917004,5471.645490991327,0.054451589276958125,14.38488589432211,10.846644025160897,2.3624680219657326,2.352447921119375,0.0,0.05422063994315697,0.013053767195325404,0.0,0.004327996548061686,34.881426480423954,0.0,0.46942800788954625,0.01065058712520652,0.19900329941876538,0.5472220121558596,0.0,0.4701341684384721,0.2565144761860773,0.3280098396329061,0.20387932627915123,0.270709860096391,Banks—Regional,Financial Services,BSAC
2015Q1,2015,Q1,2015-03-31,2015-03-31,95477000000.0,372913000000.0,129903000000.0,202.8,0.0,0.0,31678231000000.0,2627538000000.0,0.0,0.0,29014032000000.0,0.0,452066000000.0,6300880926762.264,9978498926762.264,5577.271434798203,0.0,0.212249572900709,2.5589319735813527,0.009678514664181825,5577.271434798203,0.036337057732371524,16.89638314234758,16.498426130801825,2.398017051232851,0.0,0.0,0.0,0.011771901025660177,0.0,0.0030139624905191204,35.60745124022211,0.0,-0.31136299914751964,-0.19837296462192272,0.0834351079066005,0.5611261254936201,0.0,-0.3969365841334007,-0.1498383486694852,-0.1929726354174266,-0.0492832345022171,0.2718025098428669,Banks—Regional,Financial Services,BSAC
2014Q4,2014,Q4,2014-12-31,2014-12-31,158320000000.0,435022000000.0,152798000000.0,294.494777,0.0,0.0,30975347000000.0,2641985000000.0,0.0,0.0,28300279000000.0,0.0,417321000000.0,5624869177868.512,10091933177868.512,5607.936974819133,0.0,0.22742163308130173,2.666352761276086,0.014118413512464548,5607.936974819133,0.05992463999606357,12.930079807155757,8.882120354138,2.129031458493713,0.0,0.0,0.0,0.014044136454710258,0.0,0.005111161466568881,29.24212616188044,0.0,0.2606796960616439,0.15047254126036133,0.07111325911366566,0.5914573001909275,0.0,0.4375607231388074,0.0,0.5824243902533969,-0.03241590437543003,0.28207057537554137,Banks—Regional,Financial Services,BSAC
2014Q3,2014,Q3,2014-09-30,2014-09-30,110131000000.0,382497000000.0,0.0,233.6,0.0,0.0,29745832000000.0,2482733000000.0,0.0,0.0,27231638000000.0,0.0,288113000000.0,6215022986930.916,10927187986930.916,5269.905075066791,0.0,0.2348844369187589,2.814170110116553,0.0,5269.905075066791,0.044358777202381405,16.24855354925899,14.108250599129482,2.5032989801685948,0.0,0.0,0.0,0.012858843551594052,0.0,0.0037024010624412858,20.421985959093472,0.0,-0.3105076741440378,-0.004411538704924025,0.21359426607906035,0.781830408630642,0.0,-0.3100253107457899,-1.0,0.5533067234594718,0.19138273120014446,0.2485807998616003,Banks—Regional,Financial Services,BSAC
2014Q2,2014,Q2,2014-06-30,2014-06-30,159616000000.0,432274000000.0,183833000000.0,338.8,0.0,0.0,27640913000000.0,2416870000000.0,0.0,0.0,25195507000000.0,0.0,211021000000.0,6875979874299.869,12384077874299.87,5130.102785429071,0.0,0.26268115673313686,3.004194267792641,0.01641200306888182,5130.102785429071,0.06604244332545814,15.90653121469223,10.769565510819513,2.844993679552425,0.0,0.0,0.0,0.015638919018340674,0.0,0.0057746283561617515,-127.41318375087776,0.0,0.12483399734395759,0.48598474796575086,0.34075902322178253,0.6141050406371218,0.0,0.1253005083084819,0.0939054578344798,0.12793261348860857,0.22857816847568127,0.2948902927295259,Banks—Regional,Financial Services,BSAC
2014Q1,2014,Q1,2014-03-31,2014-03-31,141843000000.0,400439000000.0,168052000000.0,301.2,0.0,0.0,27907926000000.0,2424863000000.0,0.0,0.0,25454216000000.0,0.0,408638000000.0,6095704552824.961,11026310552824.96,5147.068907547321,0.0,0.25151095068834567,2.8946579662438663,0.015030114993968604,5147.068907547321,0.058495263443749196,15.222554628357779,10.743752869061145,2.513834617801072,0.0,0.0,0.0,0.01434857609985063,0.0,0.005082534617584983,-24.696863527920886,0.0,-0.18439877025206294,0.8504800879157862,0.25052386085067035,0.571484209646497,0.0,-0.1864468024089475,0.21267138115168133,0.21402883653863083,0.33179982534698677,0.26656736158857136,Banks—Regional,Financial Services,BSAC
2013Q4,2013,Q4,2013-12-31,2013-12-31,174350000000.0,465552000000.0,138580000000.0,369.298119,0.0,0.0,27122227000000.0,2343952000000.0,0.0,0.0,24749771000000.0,0.0,327622000000.0,5836360945311.359,10360103945311.36,4975.32540419467,0.0,0.25370464600860393,2.935655252325986,0.012144389023835,4975.32540419467,0.07438292251718465,12.53643190301268,8.368742393621107,2.489966068123989,0.0,0.0,0.0,0.01716496215447205,0.0,0.0064283069380696506,-118.20956687483765,0.0,0.7192649860335194,1.1973625187006633,1.6169951606904585,0.4853518118938304,0.0,0.7232858568985797,0.160238109191986,0.2564618039018419,0.3719568878750362,0.22399848675330958,Banks—Regional,Financial Services,BSAC
2013Q3,2013,Q3,2013-09-30,2013-09-30,101173000000.0,370195000000.0,119441000000.0,214.8,0.0,0.0,26045439000000.0,2213114000000.0,0.0,0.0,23804937000000.0,0.0,187561000000.0,6234921955690.361,10376906955690.361,4697.605703191349,0.0,0.2457523561035005,2.892181785484164,0.011734257892028517,4697.605703191349,0.04571522298444635,16.84226409241173,15.406585639672544,2.8172619917863972,0.0,0.0,0.0,0.014213429076776168,0.0,0.0038844805034770197,16.27674720913692,0.0,0.17763157894736845,0.06038208493781554,-0.1051217761879724,0.5152281192793831,0.0,0.1779094677036278,0.12932689125686678,-0.0387820056054344,0.1330650097943192,0.22904893284284994,Banks—Regional,Financial Services,BSAC
2013Q2,2013,Q2,2013-06-30,2013-06-30,85892000000.0,341169000000.0,105763000000.0,182.4,0.0,0.0,25501797000000.0,2136835000000.0,0.0,0.0,23337493000000.0,0.0,116740000000.0,5784627012041.69,9812950012041.691,4537.776554746312,0.0,0.23947084983854275,2.857935685254126,0.009727304528338818,4537.776554746312,0.04019589720310646,16.955312505068427,16.836920237163213,2.7071004602796616,2.7101476272528293,0.0,0.040241142517128355,0.013378233698589946,0.0,0.0033680763751668167,17.87756865472802,0.0,0.062937062937063,0.08742856056873399,-0.24138920685296208,0.5712221544768828,0.0,0.061981478504927114,0.11095588235294118,-0.3812754409399055,-0.03331586722625236,0.28315107097266473,Banks—Regional,Financial Services,BSAC
2013Q1,2013,Q1,2013-03-31,2013-03-31,80879000000.0,330810000000.0,95200000000.0,171.6,0.0,0.0,24989441000000.0,2194025000000.0,0.0,0.0,22760586000000.0,0.0,328414000000.0,6297194213849.08,10248687213849.08,4657.086961152656,0.0,0.2392871453186968,2.725425644648534,0.009914108322842988,4657.086961152656,0.03686329918756623,19.03568276004075,19.46486174980242,2.870156089310322,0.0,0.0,0.0,0.013237991197962371,0.0,0.0032365269795350763,-88.34943338359447,0.0,-0.28710791496164567,0.07860729628329431,-0.08821076545078486,0.5829726728508834,0.0,-0.01280392539791036,-0.7853051283207794,-0.32093810033470355,-0.03888797642725653,0.3035585964831488,Banks—Regional,Financial Services,BSAC
2012Q4,2012,Q4,2012-12-31,2012-12-31,81928000000.0,340459000000.0,443420000000.0,240.709644,0.0,0.0,24759888000000.0,2163118000000.0,0.0,0.0,22562505000000.0,0.0,299035000000.0,6431858670145.832,10413151670145.832,4591.4830754515315,0.0,0.24270271335637705,2.7780694349545425,0.053065219997513714,4591.4830754515315,0.03787495642863681,18.891727550588563,19.626558289430452,2.973420160225116,0.05138658334147056,0.0,0.0006545541834650643,0.013750425688516846,0.0,0.0033089002664309307,-19.606575511196088,0.0,1.2454257835820894,0.15389688199529653,-0.13968375839189254,0.5038033247596506,0.0,0.6203152502818267,5.8139838647714175,-0.40464935345895087,-0.16172021395566324,0.303001316159781,Banks—Regional,Financial Services,BSAC
2012Q3,2012,Q3,2012-09-30,2012-09-30,50563000000.0,333207000000.0,65075000000.0,107.2,0.0,0.0,24940062000000.0,2058231000000.0,0.0,0.0,22848346000000.0,0.0,192195000000.0,6304198443090.551,10191357443090.55,4368.847553305086,0.0,0.24344670835220858,2.94990018127217,0.0064944961178045185,4368.847553305086,0.024566241592901866,18.919765920555545,31.17001781485746,3.0629207523793736,0.0,0.0,0.0,0.01336031161430152,0.0,0.0020273806857416792,-10.41056090926146,0.0,-0.5222816399286988,-0.40617337435094286,-0.01119284494516334,0.5275546282591156,0.0,-0.521614078244004,-0.4601287560769218,-0.5429085419322178,0.05720595094185167,0.47716995093159625,Banks—Regional,Financial Services,BSAC
2012Q2,2012,Q2,2012-06-30,2012-06-30,105695000000.0,351659000000.0,120538000000.0,224.4,0.0,0.0,25298752000000.0,2028611000000.0,0.0,0.0,23238869000000.0,0.0,1081823000000.0,7128629416367.615,10500383416367.615,4305.9754730920795,0.0,0.23951580694573393,2.9869950424206513,0.013168914877259843,4305.9754730920795,0.052102152655191164,20.27142605867507,16.86132129326746,3.5140445439601855,2.5096835233454753,0.0,0.037210659231485685,0.013900250889846266,0.0,0.0041778740706260925,5.522426226084664,0.0,-0.10640738044108052,0.31557586305256374,0.41245521745264924,0.6548940074326576,0.0,-0.10660400483487875,-0.12483663927046729,-0.016006177725039795,0.09072018522314279,0.3548065227306029,Banks—Regional,Financial Services,BSAC
2012Q1,2012,Q1,2012-03-31,2012-03-31,118307000000.0,392244000000.0,137732000000.0,251.121143,0.0,0.0,24565282000000.0,2065995000000.0,0.0,0.0,22464733000000.0,0.0,1138363000000.0,7606243398739.198,12704189398739.2,4385.328218519779,0.0,0.25493572595665703,3.0312599982090953,0.01425368647427212,4385.328218519779,0.05726393335898683,19.391611850631744,16.07310513904333,3.681636886216664,0.0,0.0,0.0,0.01596741287154774,0.0,0.004816024501570957,-4.783262386649049,0.0,0.18246994867448313,0.6397274683155411,0.8475625313390007,0.569326442447252,0.0,0.18249057961598816,0.0,0.5434302637112591,0.22493201469841198,0.33891233502155643,Banks—Regional,Financial Services,BSAC
2011Q4,2011,Q4,2011-12-31,2011-12-31,100049000000.0,449596000000.0,0.0,212.37,0.0,0.0,24668993000000.0,2060717000000.0,0.0,0.0,22574475000000.0,0.0,1115043000000.0,7123768793798.176,10596944793798.176,4374.125015057356,0.0,0.2652451601895546,3.1752690932330836,0.0,4374.125015057356,0.0485505772990663,15.844822449039084,17.80069964167102,3.4569369757216424,0.0,0.0,0.0,0.018225146036565013,0.0,0.004055658048141649,8.69201732822603,0.0,0.41203457446808506,0.5481062500432886,0.8370560799602782,0.6607995030188851,0.0,0.4111084469894642,-1.0,0.26093463396674066,1.52730247340365,0.305867252639976,Banks—Regional,Financial Services,BSAC
2011Q3,2011,Q3,2011-09-30,2011-09-30,70901000000.0,321053000000.0,87590000000.0,150.4,0.0,0.0,25655815000000.0,1988444000000.0,0.0,0.0,23635078000000.0,0.0,1045009000000.0,6824983384607.728,11550161384607.727,4220.716092743807,0.0,0.254833533840184,3.2879789423287757,0.008447169886116143,4220.716092743807,0.0356565233921599,21.258120573885705,24.065187319670134,3.4323236584021113,0.044033229432589104,0.0,0.00045743701106159396,0.012513849199489472,0.0,0.0027635450286806326,6.416182718858384,0.0,-0.49933422103861513,-0.09364563715542908,0.3745728672426294,0.6831262420922004,0.0,-0.49897535191361864,-0.4578686109701299,-0.25689511822150124,-0.22391350939498664,0.36140581208757144,Banks—Regional,Financial Services,BSAC
2011Q2,2011,Q2,2011-06-30,2011-06-30,141512000000.0,351849000000.0,161566000000.0,300.4,0.0,0.0,24669898000000.0,1866467000000.0,0.0,0.0,22772260000000.0,0.0,931456000000.0,7921162563068.067,13305806563068.066,3961.8049608011365,0.0,0.2580252662576878,3.4104310443206334,0.01726813804403442,3961.8049608011365,0.07581810982996216,22.5129602842926,13.993800107178307,4.243933893858325,,0.0,,0.014262280289930668,0.0,0.005736221527952811,0.0,0.0,0.21129032258064506,0.7660078127621874,0.3446409925210664,0.7248666662541582,0.0,0.2168051041290478,0.11876190146452931,0.7907788068237592,-0.2180005760676847,0.37178982945209615,Banks—Regional,Financial Services,BSAC
2011Q1,2011,Q1,2011-03-31,2011-03-31,116298000000.0,299289000000.0,144415000000.0,248.0,0.0,0.0,23556377000000.0,1905690000000.0,0.0,0.0,21616201000000.0,0.0,975545000000.0,7439901912096.4795,9647230912096.48,4063.79404968378,0.0,0.18873454096952175,2.332961814355955,0.01856447958244169,4063.79404968378,0.06102671473324622,24.8585878936295,15.993185420420987,3.9040462573117765,,0.0,,0.012705222029686483,0.0,0.00493700707880503,0.0,0.0,-0.15800909893393095,0.8132758183975586,0.4169283196960421,0.6625031305802829,0.0,-0.15801133772072717,-0.14492693555645028,0.5581400344238441,-0.171269647191449,0.3813087413663573,Banks—Regional,Financial Services,BSAC
2010Q4,2010,Q4,2010-12-31,2010-12-31,138123000000.0,337770000000.0,168892000000.0,294.54,0.0,0.0,22090714000000.0,1906168000000.0,0.0,0.0,20152737000000.0,0.0,968506000000.0,7884730483142.77,11897477483142.77,4064.8133621405536,0.0,0.26141957204280497,3.0296096671437147,0.01826571227372908,4064.8133621405536,0.07246108422762317,23.34348960281484,14.271212041337739,4.1364299910305755,2.8959695344004982e-05,0.0,5.073096675342088e-07,0.01529013503139826,0.0,0.006252536699357024,32.92039331775745,0.0,0.3172629695885511,1.3546898164298153,0.2862323617998774,0.7676557235738132,0.0,0.3122702009405729,0.44767880408695054,0.9543723409847812,-0.14252585274175086,0.3313083698807472,Banks—Regional,Financial Services,BSAC
2010Q3,2010,Q3,2010-09-30,2010-09-30,105255000000.0,326720000000.0,116664000000.0,223.6,0.0,0.0,21639640000000.0,1800672000000.0,0.0,0.0,19809369000000.0,0.0,871758000000.0,8411445617056.294,12596307617056.293,3822.1470094974643,0.0,0.2637497204204876,3.1696216745748256,0.014207682587960423,3822.1470094974643,0.05845317748040731,25.745120032615983,19.978731692214843,4.671281397753891,0.0,0.0,0.0,0.015098217900112941,0.0,0.0048639903436471215,346.52078837671144,0.0,-0.2415196743554953,0.5964289733875974,0.6918970146112446,0.7617148614063292,0.0,-0.24180431196559649,-0.2779263220439691,0.23614543208851357,-0.030443316918563352,0.3364023997192725,Banks—Regional,Financial Services,BSAC
2010Q2,2010,Q2,2010-06-30,2010-06-30,138823000000.0,352932000000.0,161568000000.0,294.8,0.0,0.0,20765456000000.0,1665326000000.0,0.0,0.0,19071670000000.0,0.0,740677000000.0,6404278437379.048,10350793437379.047,3536.4320362578583,0.0,0.25741770370946826,3.2098195788692423,0.01959926523972852,3536.4320362578583,0.0833608554721418,18.145927366685502,11.533172524327826,3.8456605117430747,,0.0,,0.016996111233964717,0.0,0.0066852854086132275,0.0,0.0,0.1660798617640013,1.2010317938726873,0.880962707187282,0.7143740205189175,0.0,0.16556119022031165,0.148764620142913,0.7286861682700575,0.4181992963744753,0.359139228977873,Banks—Regional,Financial Services,BSAC
2010Q1,2010,Q1,2010-03-31,2010-03-31,119104000000.0,344195000000.0,140645000000.0,252.812873,0.0,0.0,20449709000000.0,1683104000000.0,0.0,0.0,18736663000000.0,0.0,772882000000.0,6325421078910.119,7670711078910.119,3572.5950284988653,0.0,0.14044698631163896,1.706430499838394,0.026102793654403263,3572.5950284988653,0.07076449227142233,18.377434532489197,13.277096232935333,3.758187895049931,,0.0,,0.016831290851131428,0.0,0.005824239357146843,0.0,0.0,-0.13449889421431024,1.2005529921476321,0.9777357286115796,0.5612573779167528,0.0,-0.13450037423789904,0.022917363666778188,0.6507738374420297,0.6212403133616508,0.2784830614734012,Banks—Regional,Financial Services,BSAC
2009Q4,2009,Q4,2009-12-31,2009-12-31,137613000000.0,406140000000.0,137494000000.0,292.1,0.0,0.0,20772875000000.0,1660104000000.0,0.0,0.0,19082972000000.0,0.0,744066000000.0,5843889323848.307,8771897323848.307,3523.774702686869,0.0,0.23932488882737704,2.994671418176211,0.017190479777350536,3523.774702686869,0.08289420421853089,14.388854394662694,10.616528459971637,3.520194713010936,0.001031879255593585,0.0,2.4298885918409288e-05,0.019551458332079694,0.0,0.006624648730616248,7.986422993036083,0.0,0.2440374787052811,1.8602198788756878,0.7378003313836188,0.6213953116824886,0.0,0.2440267946736094,0.026994323274574246,1.1293520713571057,0.659494204385865,0.33793233042657644,Banks—Regional,Financial Services,BSAC
2009Q3,2009,Q3,2009-09-30,2009-09-30,110619000000.0,315177000000.0,133880000000.0,234.8,0.0,0.0,19542966000000.0,1393361000000.0,0.0,0.0,18125244000000.0,0.0,627264000000.0,5632307641354.249,8645845641354.249,2957.579492156482,0.0,0.197922720635138,2.7760192799999426,0.02115328400006234,2957.579492156482,0.07939005038895161,17.87030031174308,12.729069240714185,4.042245793699012,0.005342662652889648,0.0,0.00010493034784902092,0.016127388237793586,0.0,0.0056602974185187655,30.66770288666991,0.0,0.029824561403508823,1.0074039043619691,0.6733451850208699,0.39083192504251585,0.0,0.030058384780847557,0.026175602652052276,0.41408461465287644,0.34941505788430627,0.17941589695653004,Banks—Regional,Financial Services,BSAC
2009Q2,2009,Q2,2009-06-30,2009-06-30,107391000000.0,322340000000.0,130465000000.0,228.0,0.0,0.0,19405664000000.0,1497019000000.0,0.0,0.0,17877725000000.0,0.0,636875000000.0,4426825007305.273,4625661007305.273,3178.29549891258,0.0,0.05879216500914372,0.7621152436943018,0.04118737490143749,3178.29549891258,0.07173656446578167,13.733402641016546,10.305391064673188,2.9570934018240744,,0.0,,0.016610614303123047,0.0,0.005534002856073361,0.0,0.0,0.4013240607064647,1.6810967413684288,0.9674992374549185,0.6440976545405573,0.0,0.4010201951677712,0.36664082795608816,0.3404833464253469,0.23213533471449763,0.38374705868190145,Banks—Regional,Financial Services,BSAC
2009Q1,2009,Q1,2009-03-31,2009-03-31,76652000000.0,320217000000.0,95464000000.0,162.703265,0.0,0.0,19986847000000.0,1543040000000.0,0.0,0.0,18415404000000.0,0.0,676553000000.0,3583247777556.4004,5123529777556.4,3275.291521195206,0.0,0.13170826794241233,1.7060043809622563,0.01898236053665453,3275.291521195206,0.04967596433015346,11.190061044717803,11.686739346515422,2.322200187653204,,0.0,,0.016021386464808583,0.0,0.003835122168093847,0.0,0.0,-0.033943326208288806,0.47281670902610695,0.8198288350567134,0.42231416739755,0.0,-0.03394188825097088,0.008838728082327685,0.18962054577536425,0.5090194979700029,0.3399257789586551,Banks—Regional,Financial Services,BSAC
2008Q4,2008,Q4,2008-12-31,2008-12-31,79345123308.6,177895628923.2,94627612266.1,168.42,0.0,0.0,21137134000000.0,1578045000000.0,0.0,0.0,19534524000000.0,0.0,642755000000.0,3994147952365.5713,7215746952365.571,3349.593924048948,0.0,0.1928566569147927,2.583219743416696,0.014245269962488764,3349.593924048948,0.05028064681843674,22.452198384761324,12.584730434002163,2.5310735450291793,0.16820189374579322,0.0,0.003341388491153841,0.008416260639838873,0.0,0.00375382600633558,15.708788385073552,0.0,-0.16839203182693366,0.21625009358006714,-0.08145021891911522,0.5638281039285403,0.0,-0.1718652256437744,-0.1795852994407132,0.346422262690709,-0.32569407284897794,0.45662994681143165,Banks—Regional,Financial Services,BSAC
2008Q3,2008,Q3,2008-09-30,2008-09-30,95811848222.75,415416345040.4,115341195375.45,202.523312,0.0,0.0,19452875403139.2,1466704876269.05,0.0,0.0,17963027904910.0,0.0,552484364246.65,4343095649950.692,5850604695010.842,3100.263018762779,0.0,0.12108956953851541,1.6060083708485628,0.02507548911234221,3100.263018762779,0.06532455831637558,10.454802036083384,11.332355367609555,2.9611244362932094,0.009894392161145082,0.0,0.00021827748601640004,0.021355009808645686,0.0,0.0049253308951584815,27.481859397922562,0.0,0.2073993050842646,0.9353745046220105,1.6552063746873518,0.533480116029899,0.0,0.2090364130129744,0.20922168475602718,0.447135214551452,1.1422236639810652,0.42898204094482273,Banks—Regional,Financial Services,BSAC
2008Q2,2008,Q2,2008-06-30,2008-06-30,79246453780.48,451209673564.16,95384656783.36,167.735157,0.0,0.0,19285648121815.04,1364461390745.6,0.0,0.0,17898338070824.96,0.0,493913299855.36,4101528028963.4272,4884759250856.547,2888.055353481891,0.0,0.133225004460419,1.8830364673396054,0.020389708236264695,2888.055353481891,0.05807892720011399,9.090071133814485,12.93915321537617,3.0059685505078138,0.0,0.0,0.0,0.02339613741338422,0.0,0.004109089478348412,0.0,0.0,0.05385025575612101,0.5453525915385063,1.6168658885523715,0.48207383171784446,0.0,0.05663777705448302,0.04838867283428312,0.25234197033493194,1.3968770544827545,0.40005718109859256,Banks—Regional,Financial Services,BSAC
2008Q1,2008,Q1,2008-03-31,2008-03-31,74998694445.12,362882022428.4,90982151233.56,159.164128,0.0,0.0,18062777655492.0,1386275150666.04,0.0,0.0,16655596975736.76,0.0,537390077567.1,4105476899198.438,5106262278048.278,2941.9882231860583,0.0,0.12534825091226362,1.6332526660708218,0.020743882906396432,2941.9882231860583,0.05410087197270084,11.313530694424209,13.685161220381659,2.961516620438554,0.0,0.0,0.0,0.020090045360109134,0.0,0.004152113029100847,0.0,0.0,0.056095335412381375,0.8545199229882905,1.056298166609067,0.3685634158999212,0.0,0.05610491780340373,0.09387935151739903,0.3854084802792256,1.0847203675943267,0.2856763172296652,Banks—Regional,Financial Services,BSAC
2007Q4,2007,Q4,2007-12-31,2007-12-31,71014435384.99,395811112040.36,83173844635.93,150.71,0.0,0.0,18231075765760.0,1438700702620.67,0.0,0.0,16772318788163.52,0.0,308646913511.11,4549541672676.681,6806119868412.41,3053.2470568818417,0.0,0.19465685096153845,2.4666727358509837,0.01429782696318399,3053.2470568818417,0.04936011726110471,11.49422422534912,16.01625658224376,3.162257211933968,0.0,0.0,0.0,0.021710792995756047,0.0,0.003895241087109246,8.588875047488177,0.0,-0.16768912062597455,42.36068919897511,1.3509805783072515,0.4766313191650205,0.0,-0.16611174576430385,-0.17577026317584296,0.4757243742557778,0.6932876767001968,0.40489131148532725,Banks—Regional,Financial Services,BSAC
2007Q3,2007,Q3,2007-09-30,2007-09-30,85160613576.55,337029666592.35,100910997164.95,181.074168,0.0,0.0,16748651616345.3,1347606134401.5,0.0,0.0,15381740622661.85,0.0,237773912389.6,4741354645421.928,7342478934944.027,2860.027047467404,0.0,0.20739860908450727,2.5776426513624613,0.01782067094078717,2860.027047467404,0.06319399370675291,14.06806318672467,13.918860040739293,3.5183534152786136,0.0,0.0,0.0,0.02012279402023246,0.0,0.005084625050857245,0.0,0.0,0.06392279653040935,0.3280590543421111,-0.1272497962052202,-0.2651891651889525,0.0,0.059986408055459225,0.06716629789190862,0.5451768882421923,0.7890955567426587,0.3449568928415773,Banks—Regional,Financial Services,BSAC
2007Q2,2007,Q2,2007-06-30,2007-06-30,80341231669.92,248969982474.36,94559767642.86,170.194838,0.0,0.0,16183668134130.84,1225825162635.48,0.0,0.0,14939986731492.9,0.0,152399156393.64,4626966640581.805,6623270470855.944,2601.964508755587,0.0,0.1869827876978026,2.468596236342501,0.018951869369407588,2601.964508755587,0.0655405306717552,18.584435740394166,14.397858186913243,3.7745730644278774,0.0,0.0,0.0,0.01538402668732994,0.0,0.004964340037378973,0.0,0.0,0.10853730007017862,0.18653128774539984,0.18686353578521478,0.30963508202754814,0.0,0.11352434029973524,0.0,1.0053443549098104,0.5193339273251419,0.3459679087443147,Banks—Regional,Financial Services,BSAC
2007Q1,2007,Q1,2007-03-31,2007-03-31,72150404586.84,212303504849.88,0.0,153.530998,0.0,0.0,15525174182984.88,1316485180204.8,0.0,0.0,14191234016190.84,0.0,72150404586.84,4646763520546.682,6120714469543.922,2794.4015342538764,0.0,0.1603598127975647,1.8911067614492563,0.0,2794.4015342538764,0.05480532988272292,21.887361321860475,16.100961412329475,3.529674006526837,,0.0,,0.013674790527152874,0.0,0.004647316914866865,0.0,0.0,0.11919374544394229,0.2010712127442452,0.16191814159845144,0.0,0.0,0.11641787571039616,-1.0,0.3863217672054461,0.20654460323825685,0.2134849267146682,Banks—Regional,Financial Services,BSAC
