Quarters,Year,Quarter,FillingDate,Date,NetIncome,Revenue,OperatingIncome,EPSDiluted,GrossProfit,GrossProfitRatio,TotalAssets,CommonStockEquity,CurrentAssets,CurrentLiability,TotalLiability,Inventory,RetainedEarnings,MarketCap,EnterpriseValue,bookValuePerShare,currentRatio,debtToAssets,debtToEquity,roic,shareholdersEquityPerShare,roe,priceToSalesRatio,peRatio,pbRatio,payoutRatio,inventoryTurnover,dividendYield,assetTurnover,quickRatio,returnOnAssets,priceToFreeCashFlowsRatio,grossProfitMargin,epsdilutedGrowth,fiveYNetIncomeGrowthPerShare,fiveYRevenueGrowthPerShare,fiveYShareholdersEquityGrowthPerShare,grossProfitGrowth,netIncomeGrowth,operatingIncomeGrowth,threeYNetIncomeGrowthPerShare,threeYRevenueGrowthPerShare,threeYShareholdersEquityGrowthPerShare,Industry,Sector,Symbol
2023Q2,2023,Q2,2023-05-04,2023-03-31,460000000.0,4821000000.0,1835000000.0,1.53,2235000000.0,0.4635967642,54394000000.0,25689000000.0,9587000000.0,7304000000.0,28705000000.0,3656000000.0,15563000000.0,14201071893.8,30444071893.8,89.9408924588033,1.3125684556407449,0.3350369526050667,0.7094086963291681,0.031699600301876636,89.9408924588033,0.01790649694421737,2.94566934117403,7.717973855326087,0.5528075010237845,0.6130434782608696,0.7073304157549234,0.019857655964907652,0.08863109901827407,0.6024096385542169,0.008456815089899622,4733.690631266666,0.46359676415681395,-0.09999999999999996,9.476454270864583,0.052071603192340186,0.11897956902132942,0.04781997187060478,-0.0962671905697446,0.04202157864849517,2.0387288907288057,0.08578509155660868,0.17447713803431436,Medical Instruments & Supplies,Healthcare,BDXB
2023Q1,2023,Q1,2023-02-02,2022-12-31,509000000.0,4586000000.0,1761000000.0,1.7,2133000000.0,0.465111208,53129000000.0,25502000000.0,8175000000.0,7625000000.0,27627000000.0,3604000000.0,15384000000.0,14316988188.16,30160988188.16,89.20452704264865,1.0721311475409836,0.3097366786500781,0.6452827229236923,0.03569098229940099,89.20452704264865,0.01995921888479335,3.121890141334496,7.0319195423182705,0.5614064853015449,0.5520628683693517,0.6806326304106548,0.019627033025869513,0.08631820662914792,0.37954098360655736,0.009580455118673418,74.56764681333333,0.46511120802442213,0.8279569892473116,3.3427008914267056,0.19242656477331396,-0.03877527744626384,0.02745664739884393,0.7735191637630662,2.122340425531915,1.0464973270426523,0.04739857385346607,0.16070682066633565,Medical Instruments & Supplies,Healthcare,BDXB
2022Q4,2022,Q4,2022-11-22,2022-09-30,287000000.0,4761000000.0,564000000.0,0.93,2076000000.0,0.4360428481,52934000000.0,25301000000.0,8141000000.0,7811000000.0,27633000000.0,3224000000.0,15157000000.0,13461009526.08,28520009526.08,88.60324611532495,1.0422481116374345,0.3034911399100767,0.634955140113039,0.010280127005440242,88.60324611532495,0.011343425161060827,2.8273491968241964,11.725618054076655,0.532034683454409,0.9407665505226481,0.8328163771712159,0.020057930980353977,0.08994219216382665,0.4103187812059915,0.0054218460724676015,20.519831594634145,0.4360428481411468,-0.2734375,-0.18790427230659773,0.22973191037774546,0.5979315352649279,0.0043541364296081275,-0.20277777777777778,-0.6567255021302495,1.2183813486141586,-0.004526814603400621,0.15027550397362707,Medical Instruments & Supplies,Healthcare,BDXB
2022Q3,2022,Q3,2022-08-04,2022-06-30,360000000.0,4641000000.0,1643000000.0,1.28,2067000000.0,0.4453781513,53199000000.0,25494000000.0,9547000000.0,7080000000.0,27705000000.0,3163000000.0,15088000000.0,14181109375.0,27988109375.0,88.91640326975477,1.3484463276836158,0.3076185642587267,0.6419157448811486,0.03165399418454125,88.91640326975477,0.014120969639915274,3.055615034475329,9.847992621527776,0.5562528192908135,0.7527777777777778,0.8137843819159026,0.019109929472636903,0.087238481926352,0.6765536723163842,0.006767044493317544,47.11332018272425,0.44537815126050423,0.0,2.6741144363128866,0.16621698354769301,0.5448159427704412,-0.10325379609544469,-0.20704845814977973,-0.06594656054576464,-0.1684862069498782,0.017745802742234425,0.13124567405859183,Medical Instruments & Supplies,Healthcare,BDXB
2022Q2,2022,Q2,2022-05-05,2022-03-31,390000000.0,5011000000.0,1759000000.0,1.36,2305000000.0,0.4599880263,54786000000.0,24526000000.0,10152000000.0,6657000000.0,30260000000.0,3258000000.0,14416000000.0,15144484375.0,30632484375.0,85.54027247956404,1.5250112663361874,0.3401416420253349,0.7598059202479002,0.03200649227768316,85.54027247956404,0.01851096795237707,3.022247929554979,8.339473774779735,0.6174869271385468,0.5947136563876652,0.8305709023941068,0.017828272875747876,0.09146497280327091,0.8209403635271143,0.00828678859562662,69.79025057603687,0.4599880263420475,-0.35353535353535354,0.002172933750712901,0.2816205551584721,1.3385180781497121,-0.04869995872884853,-0.2007042253521127,-0.03774617067833698,23.62047488038753,0.07129926714790205,0.032194746783367915,Medical Instruments & Supplies,Healthcare,BDXB
2022Q1,2022,Q1,2022-02-03,2021-12-31,568000000.0,4995000000.0,1828000000.0,1.98,2423000000.0,0.4850850851,53363000000.0,24161000000.0,8307000000.0,6735000000.0,29202000000.0,3035000000.0,14233000000.0,15130921038.75,30651921038.75,84.23100925158808,1.2334075723830735,0.3265183741543766,0.7211622035511775,0.03491952028304108,84.23100925158808,0.02350896072182443,3.029213421171171,6.65973637268926,0.6262539232130293,0.477112676056338,0.8474464579901153,0.017910343944428378,0.09360418267338792,0.6069784706755753,0.010644079230927797,31.13358238425926,0.4850850850850851,3.4,-0.23248702141737843,0.2981622889657801,1.419622182228064,0.059466550065588104,3.2706766917293235,1.9723577235772358,-0.034056837161206055,0.14553472930959438,0.07697681061496274,Medical Instruments & Supplies,Healthcare,BDXB
2021Q4,2021,Q4,2021-11-24,2021-09-30,133000000.0,5135000000.0,615000000.0,0.45,2287000000.0,0.4453748782862707,53866000000.0,23677000000.0,8838000000.0,6626000000.0,30189000000.0,2866000000.0,13826000000.0,15985099937.06,31312099937.059998,79.95473691327243,1.3338364020525204,0.32692236290053095,0.7437597668623559,0.012602534558518178,79.95473691327243,0.00561726570089116,3.112969802738072,30.047180332819547,0.6751319819681547,1.9473684210526316,0.9937194696441033,0.01620258872448661,0.09532915011324397,0.7232115907032901,0.0024690899639847027,32.89115213386831,0.4453748782862707,-0.6590909090909092,4.328923483817304,0.1462090639999102,1.236839725598541,0.058306339657565945,-0.6536458333333334,0.44028103044496486,1.6970558123539163,0.05767545200517776,0.022571057235449436,Medical Instruments & Supplies,Healthcare,BDXB
2021Q3,2021,Q3,2021-08-05,2021-06-30,384000000.0,4890000000.0,427000000.0,1.32,2161000000.0,0.4419222903885481,54333000000.0,24136000000.0,9538000000.0,2033000000.0,0.0,2947000000.0,0.0,15566545405.9,30146545405.9,82.96750025927344,4.691588785046729,0.3263762354370272,0.734711634073583,0.008233989752795714,82.96750025927344,0.015909844216108717,3.183342618793456,10.134469665299479,0.6449513343511767,0.6796875,0.9260264675941635,0.01676672589803235,0.09000055215062669,2.573044761436301,0.007067528021644304,21.98664605353107,0.4419222903885481,26.216494845360824,-0.26666666663141025,0.1388465447701994,1.2378055107096866,-0.03784505788067676,21.58823529411765,-0.046875,-0.34975369401114587,0.07619145590736548,0.0639621438430715,Medical Instruments & Supplies,Healthcare,BDXB
2021Q2,2021,Q2,2021-05-06,2021-03-31,17000000.0,4907000000.0,448000000.0,0.0485,2246000000.0,0.45771347055227224,54920000000.0,24827000000.0,10000000000.0,5376000000.0,30094000000.0,2895000000.0,13557000000.0,18848733767.72,32833733767.72,70.75841042882581,1.8601190476190477,0.322632920611799,0.7136987956660088,-0.05475849279271685,70.75841042882581,0.0006847383896564224,3.8411929422702267,277.18726129,0.7592030357159544,15.529411764705882,0.9191709844559586,0.01400624589711812,0.08934814275309541,1.0930059523809523,0.0003095411507647487,20.159073548363637,0.45771347055227224,-0.9855223880597014,-0.968941666754742,-0.012019878838211621,0.9998681031924496,-0.17789165446559296,-0.9826530612244898,-0.6634109691960932,1.2550052625053663,-0.1282979748141163,-0.11967500608748875,Medical Instruments & Supplies,Healthcare,BDXB
2021Q1,2021,Q1,2021-02-04,2020-12-31,980000000.0,5315000000.0,1331000000.0,3.35,2732000000.0,0.5140169332079022,54748000000.0,24663000000.0,9537000000.0,7021000000.0,30085000000.0,2814000000.0,13522000000.0,16127582065.69,30698582065.690002,84.30719400229125,1.3583535108958837,0.3254730766420691,0.7224992904350647,0.02391279332911606,84.30719400229125,0.03973563637838057,3.0343522230837254,4.114179098390307,0.6539180985966834,0.2693877551020408,0.917910447761194,0.01636947181075808,0.0970811719149558,0.80259222333001,0.01790019726748009,12.531143796184926,0.5140169332079022,8.571428571428571,2.160377350745937,0.31450369985105897,1.5216025524658159,0.2384406165004533,8.333333333333334,0.3243781094527363,5.407894735257517,0.3505384078033079,-0.0915465632658743,Medical Instruments & Supplies,Healthcare,BDXB
2020Q4,2020,Q4,2020-11-25,2020-09-30,105000000.0,4784000000.0,1005000000.0,0.35,2206000000.0,0.46112040133779264,54012000000.0,23765000000.0,8969000000.0,5836000000.0,30247000000.0,2743000000.0,12791000000.0,15846796385.55,30951796385.55,78.95774133508394,1.5368403015764223,0.33196326742205434,0.7544708605091521,0.01913715871211563,78.95774133508394,0.004418262150220913,3.3124574384510868,37.73046758464285,0.6668123873574584,2.4095238095238094,0.9398468829748451,0.01596537204394824,0.0885729097237651,0.8983893077450309,0.0019440124416796269,12.507337320876085,0.46112040133779264,-0.6391752577319588,-0.5830298409347994,0.12373522756051503,1.3840528299117976,0.3289156626506024,-0.6209386281588448,1.3103448275862069,-0.7181230398606293,0.17232596348599885,0.42397790559954834,Medical Instruments & Supplies,Healthcare,BDXB
2020Q3,2020,Q3,2020-08-06,2020-06-30,277000000.0,3855000000.0,435000000.0,0.97,1660000000.0,0.43060959792477305,53958000000.0,24022000000.0,8827000000.0,6067000000.0,29937000000.0,2945000000.0,12916000000.0,15192164932.0,31030164932.0,84.12036110193542,1.454920059337399,0.3469365061714667,0.7792856548164183,0.007643000667999095,84.12036110193542,0.011531096494879694,3.9408988150453954,13.71134019133574,0.6324271472816585,0.9675090252707581,0.7453310696095077,0.017640672096410594,0.07144445679973313,0.8071534531069722,0.0051336224470884765,22.98360806656581,0.43060959792477305,0.8301886792452828,2.344827582816105,-0.07497079449125546,1.4795743865246482,-0.042123485285631854,0.9103448275862069,-0.36681222707423583,2.293333330790966,-0.02738662845304832,0.46149045803879735,Medical Instruments & Supplies,Healthcare,BDXB
2020Q2,2020,Q2,2020-05-07,2020-03-31,145000000.0,4253000000.0,687000000.0,0.53,1733000000.0,0.4074770750058782,53516000000.0,20951000000.0,8555000000.0,8755000000.0,32565000000.0,2793000000.0,12868000000.0,11797260715.060646,30612260715.060646,76.57951742622642,0.9771559109080525,0.39550788549218924,1.0102620399980908,0.012877555619289547,76.57951742622642,0.006920910696386807,2.7738680261134836,20.340104681139046,0.5630881922132904,1.7448275862068965,0.9022556390977443,0.021445656420648107,0.07947155990731744,0.5159337521416334,0.0027094700650272816,45.37407967331018,0.4074770750058782,-0.3908045977011494,-0.5092592580747126,0.5158896453813324,1.1393914632274456,-0.12386248736097068,-0.3958333333333333,0.16047297297297297,-0.6645569627368215,0.13997258497165538,1.09354705948587,Medical Instruments & Supplies,Healthcare,BDXB
2020Q1,2020,Q1,2020-02-06,2019-12-31,240000000.0,4225000000.0,592000000.0,0.87,1978000000.0,0.46816568047337276,51952000000.0,21201000000.0,6438000000.0,6726000000.0,30751000000.0,2760000000.0,12938000000.0,11895454310.94522,30740454310.94522,76.85362526898768,0.9571810883140054,0.3735178626424392,0.9152870147634545,0.008196571082503596,76.85362526898768,0.011320220744304514,2.8154921446024193,12.391098240567938,0.5610798693903694,1.05,0.8141304347826087,0.02118456289375432,0.0813250692947336,0.3928040440083259,0.004619648906683092,21.987900759602997,0.46816568047337276,0.9333333333333332,-0.2749999999201272,0.46858747781497095,1.9817609492336083,-0.12709620476610767,0.9354838709677419,-0.3370660694288914,-0.6627906970582016,0.14175027003501198,1.207699256339848,Medical Instruments & Supplies,Healthcare,BDXB
2019Q4,2019,Q4,2019-11-27,2019-09-30,124000000.0,4584000000.0,893000000.0,0.45,2266000000.0,0.4943280977312391,51764000000.0,21082000000.0,6664000000.0,5655000000.0,30683000000.0,2579000000.0,12913000000.0,11801931584.166729,30655931584.16673,77.02784751065724,1.1784261715296198,0.3745846534270922,0.9197419599658476,1.4943346774193549,77.02784751065724,0.005881794896119913,2.574592404922934,23.794216903561953,0.5598108141621634,1.9919354838709677,0.898797983714618,0.020928777483456267,0.0885557530329959,0.5147656940760389,0.0023954872111892436,11.673522833003688,0.4943280977312391,-0.7019867549668874,-0.7033569764322082,0.4990159152620125,2.004287288738903,0.09257473481195758,-0.6997578692493946,0.19385026737967914,4.375612524651358,0.10709892232014662,1.1549561156842891,Medical Instruments & Supplies,Healthcare,BDXB
2019Q3,2019,Q3,2019-08-06,2019-06-30,413000000.0,4350000000.0,748000000.0,1.51,2074000000.0,0.4767816091954023,52233000000.0,21498000000.0,6781000000.0,6237000000.0,30735000000.0,2629000000.0,12997000000.0,11794027845.797155,31455027845.797157,78.6004360580206,1.087221420554754,0.3864223766584343,0.9388780351660619,0.014327177162000203,78.6004360580206,0.019211089403665456,2.711270769148771,7.139242037407479,0.5486104682201672,0.5956416464891041,0.8657284138455686,0.02085801417601901,0.08328068462466257,0.4417187750521084,0.007906878793100147,16.94544230717982,0.4767816091954023,22.57142857142857,-0.0848484849227774,0.45679909605755603,1.887605179377746,0.05065856129685917,23.944444444444443,0.1761006289308176,-0.16111111131579436,0.0775310534979904,1.1200167343255956,Medical Instruments & Supplies,Healthcare,BDXB
2019Q2,2019,Q2,2019-05-09,2019-03-31,-18000000.0,4195000000.0,636000000.0,-0.07,1974000000.0,0.47056019070321814,52596000000.0,21310000000.0,6844000000.0,7108000000.0,31288000000.0,2627000000.0,12792000000.0,11088262801.065569,31015262801.065567,82.87222226826235,0.9628587507034327,0.39191193246634726,0.967292351008916,-0.05794158987974387,82.87222226826235,-0.0008446738620366026,2.643209249360088,-154.00365001479958,0.5203314313029361,-13.666666666666666,0.8454510848877046,0.022185621355976494,0.07975891702791087,0.4185424873382105,-0.00034223134839151266,18.95429538643687,0.47056019070321814,-1.0341463414634147,-1.0482758619780395,0.5584096998710385,2.0861683242587,0.0005068423720223011,-1.032085561497326,-0.012422360248447204,-1.0448717947586565,0.15248644180427415,1.3422447303515992,Medical Instruments & Supplies,Healthcare,BDXB
2019Q1,2019,Q1,2019-02-05,2018-12-31,561000000.0,4160000000.0,644000000.0,2.05,1973000000.0,0.47427884615384613,52930000000.0,21403000000.0,6941000000.0,7145000000.0,31529000000.0,2522000000.0,13018000000.0,11800435759.033598,31928435759.0336,78.21060622790148,0.9714485654303708,0.3980918193840922,0.9844881558660001,0.010584486125772306,78.21060622790148,0.026211278792692614,2.8366432113061535,5.258661211690551,0.5513449403837591,0.43672014260249553,0.8671689135606662,0.020761945152105502,0.07859436992253921,0.44282715185444366,0.010598904213111656,149.37260454472909,0.47427884615384613,4.203125,0.4963503607653251,0.49230640314609836,2.0460439196403524,-0.05643232902917265,4.242774566473988,-0.15263157894736842,0.9339622606870359,0.0998264079793033,1.339255464828012,Medical Instruments & Supplies,Healthcare,BDXB
2018Q4,2018,Q4,2018-11-21,2018-09-30,-173000000.0,4402000000.0,760000000.0,-0.64,2091000000.0,0.4750113584734212,53904000000.0,20994000000.0,7411000000.0,7216000000.0,32910000000.0,2451000000.0,12596000000.0,11577999761.551582,31932999761.551582,78.18990802402757,1.0270232815964524,0.39876447016918964,1.023863961131752,-0.004905698700592297,78.18990802402757,-0.008240449652281604,2.630168051238433,-16.731213528253733,0.5514908908045909,-1.3872832369942196,0.9428804569563444,0.02072896916071773,0.08166369842683288,0.4817073170731707,-0.003209409320273078,11.589589350902484,0.4750113584734212,-1.3152709359605912,-2.39385967616495,0.5194534705123138,2.019310742051881,0.03720238095238095,-1.3111510791366907,0.06891701828410689,-1.770123526741516,0.15910151765012606,1.3608688438051548,Medical Instruments & Supplies,Healthcare,BDXB
2018Q3,2018,Q3,2018-08-02,2018-06-30,556000000.0,4278000000.0,711000000.0,2.03,2016000000.0,0.47124824684431976,53977000000.0,21358000000.0,7525000000.0,6106000000.0,32619000000.0,2562000000.0,12971000000.0,11810486794.937105,32676486794.937103,77.97974837675304,1.232394366197183,0.41221260907423535,1.0417642101320348,0.012746926157052607,77.97974837675304,0.02603240003745669,2.7607496014345734,5.3104706811767555,0.5529771886383137,0.42805755395683454,0.882903981264637,0.02015158258354138,0.07925597939863276,0.5964624959056666,0.010300683624506734,34.23329505778871,0.47124824684431976,11.684210526315788,0.38095237861835785,0.5115053088555657,2.2841702608269143,0.2576419213973799,12.12,-0.002805049088359046,6.000000001059991,0.0702891534548214,1.298570574469219,Medical Instruments & Supplies,Healthcare,BDXB
2018Q2,2018,Q2,2018-05-03,2018-03-31,-50000000.0,4222000000.0,713000000.0,-0.19,1603000000.0,0.37967787778304124,54573000000.0,21152000000.0,7512000000.0,4426000000.0,33421000000.0,2544000000.0,12616000000.0,11347637344.042404,32887637344.042404,80.37760022505728,1.6972435607772254,0.41762409982958604,1.0774867624810893,-0.02738568493019147,80.37760022505728,-0.0023638426626323753,2.6877397783141648,-56.73818672021203,0.5364805854785555,-4.78,1.0294811320754718,0.02106165299030082,0.07736426437982152,0.8043380027112517,-0.000916203983654921,23.49407317607123,0.37967787778304124,0.7500000000000001,-1.13669064781027,0.592519248192654,2.4780185276409363,0.034193548387096775,0.7126436781609196,0.21465076660988075,-1.1759259264185185,0.5644661184711924,1.2454979808648492,Medical Instruments & Supplies,Healthcare,BDXB
2018Q1,2018,Q1,2018-02-06,2017-12-31,-174000000.0,3080000000.0,587000000.0,-0.76,1550000000.0,0.5032467532467533,55363000000.0,21247000000.0,7542000000.0,4895000000.0,34116000000.0,2966000000.0,12765000000.0,9872444498.803516,31546444498.803516,92.80298867641929,1.540755873340143,0.41179126853674836,1.0729985409704899,-0.014314313506632058,92.80298867641929,-0.008189391443497906,3.2053391229881547,-14.184546693683213,0.4646512212925833,-1.206896551724138,0.5158462575859744,0.021271327483831464,0.055632823365785816,0.6553626149131767,-0.0031428932680671205,69.03807341820641,0.5032467532467533,-1.6129032258064517,-1.5629629639982972,0.4159488712676729,3.1527523147120737,-0.002574002574002574,-1.602076124567474,0.04634581105169341,-1.6333333323511916,0.2899716219714359,2.600563104720287,Medical Instruments & Supplies,Healthcare,BDXB
2017Q4,2017,Q4,2017-11-22,2017-09-30,289000000.0,3166000000.0,561000000.0,1.24,1554000000.0,0.490840176879343,37733000000.0,12948000000.0,18633000000.0,3342000000.0,24786000000.0,1818000000.0,13111000000.0,10069322968.376633,14760322968.376633,55.448712388440995,5.5754039497307,0.5000927570031537,1.4573679332715477,0.06519924703943746,55.448712388440995,0.022320049428483164,3.180455770175816,8.710486996865598,0.7776740012648001,0.6885813148788927,0.8866886688668867,0.019762997038129827,0.08390533485278139,4.775583482944345,0.0076590782604086605,11.627393727917589,0.490840176879343,2.6533333333333333,-0.0862990409572954,0.3980230016025117,1.7194390902611645,0.033932135728542916,2.7621951219512195,-0.061872909698996656,-0.1896677593066397,0.2134597268990894,1.162644643321817,Medical Instruments & Supplies,Healthcare,BDXB
2017Q3,2017,Q3,2017-08-03,2017-06-30,-164000000.0,3035000000.0,598000000.0,-0.75,1503000000.0,0.49522240527182865,37165000000.0,12586000000.0,18212000000.0,3273000000.0,24580000000.0,1829000000.0,12989000000.0,9429130121.397186,14593130121.397186,57.55792700474978,5.564314084937366,0.5116642001883492,1.5108851104401717,0.10571071052299594,57.55792700474978,-0.013030351183855078,3.10679740408474,-14.37367396554449,0.7491760782931182,-1.0121951219512195,0.8376161837069437,0.0176050174154774,0.08166285483653976,4.782462572563397,-0.004412753935154043,49.62700063893256,0.49522240527182865,-1.4746835443037976,-1.4934210541359116,0.4365543637357526,1.7863134765928061,0.04958100558659218,-1.4767441860465116,0.14779270633397312,-1.454545454606668,0.27133388243151507,1.1145502044094795,Medical Instruments & Supplies,Healthcare,BDXB
2017Q2,2017,Q2,2017-05-02,2017-03-31,344000000.0,2969000000.0,521000000.0,1.58,1432000000.0,0.48231727854496464,24118000000.0,7964000000.0,4891000000.0,4018000000.0,16157000000.0,1747000000.0,13321000000.0,9388374373.66937,19146374373.669373,36.5788373751831,1.217272274763564,0.4273156978190563,1.2940733299849323,0.021505252482492125,36.5788373751831,0.043194374686087396,3.1621335040988114,6.822946492492275,1.1788516290393485,0.45348837209302323,0.8797939324556382,0.016616295195632326,0.12310307654034332,0.6172224987555998,0.01426320590430384,16.6756205571392,0.48231727854496464,-0.38759689922480617,0.0,0.0,0.0,-0.013774104683195593,-0.3879003558718861,-0.07130124777183601,0.08965517469755706,0.30266572478746595,0.36219889072207645,Medical Instruments & Supplies,Healthcare,BDXB
2017Q1,2017,Q1,2017-02-02,2016-12-31,562000000.0,2922000000.0,561000000.0,2.58,1452000000.0,0.49691991786447637,24318000000.0,7583000000.0,5187000000.0,4570000000.0,16735000000.0,1692000000.0,13133000000.0,9393028813.666061,19491028813.66606,34.81163706890202,1.1350109409190372,0.4530389012254297,1.4528550705525518,0.02023809523809524,34.81163706890202,0.07411314783067388,3.214588916381267,4.178393600385259,1.2386956104003775,0.2775800711743772,0.8687943262411347,0.016608061477787997,0.12015790772267457,0.612910284463895,0.023110453162266634,46.044258890519906,0.49691991786447637,29.604982206405698,0.0,0.0,0.0,-0.06443298969072164,30.22222222222222,0.11530815109343936,0.883211672670151,0.3168529282551072,0.3557978967388049,Medical Instruments & Supplies,Healthcare,BDXB
2016Q4,2016,Q4,2016-09-30,2016-09-30,18000000.0,3231000000.0,503000000.0,0.0843,1552000000.0,0.4803466419065305,25586000000.0,7634000000.0,6367000000.0,4400000000.0,17952000000.0,1719000000.0,12727000000.0,9209411308.876226,19219411308.87623,35.74450864684901,1.4470454545454545,0.4514578284999609,1.5130992926381976,-0.005758047529648793,35.74450864684901,0.002357872674875557,2.850328476903815,127.9084904010587,1.206367737604955,7.833333333333333,0.9767306573589296,0.015310424876354605,0.12627999687329008,0.8011363636363636,0.0007035097318846244,22.46197880213714,0.4803466419065305,-0.9531666666666666,0.0,0.0,0.0,0.003232062055591467,-0.9538461538461539,-0.1781045751633987,-0.8176746219331086,0.40209032252520505,0.38027760428664076,Medical Instruments & Supplies,Healthcare,BDXB
2016Q3,2016,Q3,2016-06-30,2016-06-30,390000000.0,3198000000.0,612000000.0,1.8,1547000000.0,0.483739837398374,26014000000.0,8033000000.0,6534000000.0,4219000000.0,17983000000.0,1835000000.0,12850000000.0,9342888077.340986,19568888077.34099,37.07538472946272,1.5487082246977957,0.45790728069501035,1.4828831071828708,0.0249797905247598,37.07538472946272,0.04854973235403959,2.9214784481991827,5.989030818808324,1.1630633732529547,0.36153846153846153,0.8997275204359673,0.015091693150211537,0.12293380487429846,0.8684522398672672,0.014991927423694934,13.71936575233625,0.483739837398374,0.15384615384615383,0.0,0.0,0.0,0.04315576534052596,0.15384615384615385,0.07557117750439367,0.22448979486355128,0.4283479248534038,0.5614551017648174,Medical Instruments & Supplies,Healthcare,BDXB
2016Q2,2016,Q2,2016-03-31,2016-03-31,338000000.0,3067000000.0,569000000.0,1.56,1483000000.0,0.4835343984349527,26236000000.0,7666000000.0,6612000000.0,4380000000.0,18570000000.0,1846000000.0,12600000000.0,9342888077.340986,20161888077.34099,35.381538570404736,1.5095890410958903,0.4770163134624181,1.6325332637620662,0.022390766978246535,35.381538570404736,0.04409079050352205,3.046262822739154,6.910420175548066,1.2187435530056072,0.41420118343195267,0.8580715059588299,0.014984659865458265,0.11690044214057022,0.8210045662100457,0.012883061442293033,21.829177750796696,0.4835343984349527,0.4716981132075471,0.0,0.0,0.0,0.053267045454545456,0.4759825327510917,0.2029598308668076,0.12230216127932443,0.40509128074825906,0.5309942862159193,Medical Instruments & Supplies,Healthcare,BDXB
2016Q1,2016,Q1,2016-02-05,2015-12-31,229000000.0,2986000000.0,473000000.0,1.06,1408000000.0,0.4715338245144005,26046000000.0,7223000000.0,5641000000.0,4529000000.0,18823000000.0,1985000000.0,12402000000.0,9315767929.83583,20541767929.83583,33.433973930526534,1.2455288143077943,0.4917837671811411,1.7733628686141492,0.0177974985540775,33.433973930526534,0.03170427800083068,3.119815113809722,10.170052325148285,1.2897366647979829,0.611353711790393,0.7949622166246851,0.015028283342226535,0.11464332335099439,0.693751379995584,0.00879213698840513,28.930956303837984,0.4715338245144005,0.26190476190476203,0.0,0.0,0.0,-0.005649717514124294,0.26519337016574585,-0.032719836400818,-0.21481481172893413,0.4547645125300203,0.49610497043503526,Medical Instruments & Supplies,Healthcare,BDXB
2015Q4,2015,Q4,2015-09-30,2015-09-30,181000000.0,3060000000.0,489000000.0,0.84,1416000000.0,0.4627450980392157,26820000000.0,7165000000.0,6045000000.0,4386000000.0,19655000000.0,1959000000.0,12314000000.0,9328813246.387947,20726813246.387947,33.11912401622624,1.378248974008208,0.47807606263982105,1.7895324494068388,0.019957878501575044,33.11912401622624,0.02526168876482903,3.0486317798653424,12.885101169044127,1.3019976617429097,0.7016574585635359,0.8392036753445635,0.013613735921787643,0.11409395973154363,0.7152302781577747,0.006748695003728561,20.413158088376253,0.4627450980392157,1.8965517241379313,0.0,0.0,0.0,0.1919191919191919,1.9193548387096775,-0.07034220532319392,-0.38232690466678565,0.4584740445373223,0.6243017485056744,Medical Instruments & Supplies,Healthcare,BDXB
2015Q3,2015,Q3,2015-06-30,2015-06-30,62000000.0,3120000000.0,526000000.0,0.29,1188000000.0,0.38076923076923075,27079000000.0,7253000000.0,6303000000.0,4517000000.0,19826000000.0,2020000000.0,12260000000.0,9218977103.918852,20830977103.918854,33.9253226517789,1.3953951737879122,0.4863916688208575,1.8159382324555355,0.009006087884264921,33.9253226517789,0.00854818695712119,2.954800353820145,37.17329477386634,1.2710570941567425,2.032258064516129,0.9564356435643564,0.01366745991227587,0.11521843494959194,0.7445206995793668,0.002289597104767532,23.339182541566714,0.38076923076923075,-0.7314814814814815,0.0,0.0,0.0,0.13575525812619502,-0.7129629629629629,0.2955665024630542,-0.809210525915747,0.5104517509315636,0.6422861041296754,Medical Instruments & Supplies,Healthcare,BDXB
2015Q2,2015,Q2,2015-03-31,2015-03-31,216000000.0,2051000000.0,406000000.0,1.08,1046000000.0,0.5099951243295954,28293000000.0,7159000000.0,6996000000.0,4497000000.0,21134000000.0,2278000000.0,12324000000.0,8624204405.62,20550204405.620003,35.795,1.5557038025350234,0.48909624288693315,1.9329515295432322,0.015928726143283337,35.795,0.030171811705545466,4.204877818439786,9.981718062060185,1.2046660714652884,0.5370370370370371,0.4411764705882353,0.01345051607594181,0.07249142897536492,0.8229931065154548,0.007634397200721026,119.78061674472224,0.5099951243295954,-0.09999999999999991,0.0,0.0,0.0,0.0009569377990430622,-0.0847457627118644,0.057291666666666664,0.0,0.0,0.0,Medical Instruments & Supplies,Healthcare,BDXB
2015Q1,2015,Q1,2014-12-31,2014-12-31,236000000.0,2051000000.0,384000000.0,1.2,1045000000.0,0.5095075572891272,18503000000.0,5069000000.0,12111000000.0,2081000000.0,13434000000.0,1512000000.0,12224000000.0,8480467636.778985,10082467636.778984,25.774576358557887,5.81979817395483,0.5481273307031292,2.0007891102781614,0.2226754271729676,25.774576358557887,0.04655750641152101,4.134796507449529,8.983546225401467,1.6730060439492966,0.4915254237288136,0.6653439153439153,0.013678490971054353,0.11084688969356321,4.716482460355598,0.012754688428903422,49.30504439987782,0.5095075572891272,-0.21568627450980396,0.0,0.0,0.0,-0.05172413793103448,-0.2159468438538206,-0.07913669064748201,0.0,0.0,0.0,Medical Instruments & Supplies,Healthcare,BDXB
2014Q4,2014,Q4,2014-09-30,2014-09-30,301000000.0,2202000000.0,417000000.0,1.53,1102000000.0,0.5004541326067211,12447000000.0,5053000000.0,6131000000.0,2235000000.0,7394000000.0,1495000000.0,12105000000.0,8498299688.623376,10608299688.623375,25.63930813121101,2.7431767337807607,0.3190326986422431,0.7858697803285177,0.03999715755917184,25.63930813121101,0.05956857312487631,3.8593549902921778,7.058388445700479,1.681832513085964,0.3488372093023256,0.7357859531772575,0.012355412711623114,0.17691009881899253,1.7592841163310962,0.02418253394392223,32.19052912357339,0.5004541326067211,-0.07272727272727265,0.0,0.0,0.0,-0.008100810081008101,-0.07668711656441718,-0.06502242152466367,0.0,0.0,0.0,Medical Instruments & Supplies,Healthcare,BDXB
2014Q3,2014,Q3,2014-06-30,2014-06-30,326000000.0,2157000000.0,446000000.0,1.65,1111000000.0,0.5150672229949004,12374000000.0,5378000000.0,6045000000.0,2093000000.0,6996000000.0,1553000000.0,11909000000.0,8519668569.815533,10831668569.815533,27.219938729628655,2.888198757763975,0.3210764506222725,0.738750464856824,0.03797235619990201,27.219938729628655,0.06061732986240238,3.9497768056632045,6.5334881670364515,1.5841704294934051,0.3220858895705521,0.6735350933676755,0.012324423085189738,0.17431711653466947,1.8361204013377928,0.026345563277840635,27.842054149723964,0.5150672229949004,0.1379310344827586,0.0,0.0,0.0,0.055080721747388414,0.13588850174216027,0.11221945137157108,0.0,0.0,0.0,Medical Instruments & Supplies,Healthcare,BDXB
2014Q2,2014,Q2,2014-03-31,2014-03-31,287000000.0,2072000000.0,401000000.0,1.45,1053000000.0,0.5082046332046332,12250000000.0,5315000000.0,5946000000.0,2016000000.0,6935000000.0,1512000000.0,11689000000.0,8534988477.15861,10769988477.158611,26.8527875219406,2.949404761904762,0.3237551020408163,0.7461900282220132,0.03607693185423148,26.8527875219406,0.053998118532455314,4.119202932991607,7.434658952228754,1.6058303814033132,0.36585365853658536,0.673941798941799,0.01230230131897678,0.16914285714285715,1.8630952380952381,0.023428571428571427,30.052776328023278,0.5082046332046332,0.05839416058394149,0.0,0.0,0.0,0.017391304347826087,0.05904059040590406,0.06084656084656084,0.0,0.0,0.0,Medical Instruments & Supplies,Healthcare,BDXB
2014Q1,2014,Q1,2013-12-31,2013-12-31,271000000.0,2015000000.0,378000000.0,1.37,1035000000.0,0.5136476426799007,12034000000.0,5079000000.0,5743000000.0,1997000000.0,6956000000.0,1467000000.0,11507000000.0,8529778767.761263,10819778767.761263,25.676125588214052,2.8758137205808714,0.3298155226857238,0.7814530419373893,0.03288872964319976,25.676125588214052,0.05335696003150226,4.2331408276730835,7.868799601255778,1.679420903280422,0.39114391143911437,0.6680299931833674,0.01242705149641541,0.16744224696692703,1.815723585378067,0.0225195280039887,35.990627712072836,0.5136476426799007,1.9782608695652175,0.0,0.0,0.0,-0.0476286874482982,2.011111111111111,-0.10426540284360189,0.0,0.0,0.0,Medical Instruments & Supplies,Healthcare,BDXB
2013Q4,2013,Q4,2013-09-30,2013-09-30,90000000.0,2100768000.0,422000000.0,0.46,1086761000.0,0.5173160482261725,12149000000.0,5042000000.0,5873000000.0,2130000000.0,7107000000.0,1402000000.0,11342000000.0,8395546993.321815,10475546993.321815,25.896608432854055,2.757276995305164,0.3267758663264466,0.7873859579531932,0.024921750428158033,25.896608432854055,0.017850059500198336,3.9964179734848466,23.320963870338375,1.6651223707500624,1.0710555555555556,0.7232574893009985,0.011481681905500238,0.17291694789694625,1.8065727699530516,0.007408017120750679,17.813632096231512,0.5173160482261725,-0.6870748299319728,0.0,0.0,0.0,0.025254931409794987,-0.6917808219178082,-0.0117096018735363,0.0,0.0,0.0,Medical Instruments & Supplies,Healthcare,BDXB
2013Q3,2013,Q3,2013-06-30,2013-06-30,292000000.0,2052664000.0,427000000.0,1.47,1059991000.0,0.5163977153591626,11587047000.0,4716520000.0,5434511000.0,1692817000.0,6870527000.0,1409108000.0,11347943000.0,8565536314.704779,10573449314.704779,23.744124751047067,3.2103357893972,0.34262387992384946,0.8417220747500276,0.042931867000702464,23.744124751047067,0.06191005232671546,4.172887678989245,7.333507118754091,1.8160712378416244,0.3294246575342466,0.7044690683751706,0.011230119920788097,0.1771516073077118,2.099340330348762,0.025200553687233684,36.515128699583414,0.5163977153591626,0.05755395683453243,0.0,0.0,0.0,0.041126823092389006,0.057971014492753624,0.12073490813648294,0.0,0.0,0.0,Medical Instruments & Supplies,Healthcare,BDXB
2013Q2,2013,Q2,2013-03-31,2013-03-31,276000000.0,2000375000.0,381000000.0,1.39,1018119000.0,0.5089640692370181,11629923000.0,4588782000.0,5499998000.0,1878039000.0,7041141000.0,1391825000.0,11142597000.0,8562159766.19589,10707812766.19589,23.11017022660188,2.92858561510171,0.35851595922002233,0.9086317458532569,0.03852442357452049,23.11017022660188,0.06014667944565682,4.280277331098365,7.755579498365843,1.865889416014073,0.34989855072463766,0.7057324017028003,0.011278929923881376,0.17200242856294062,1.9385747580321815,0.023731885413170836,114.32218126972282,0.5089640692370181,0.02962962962962949,0.0,0.0,0.0,0.01191696094635976,0.022222222222222223,-0.02806122448979592,0.0,0.0,0.0,Medical Instruments & Supplies,Healthcare,BDXB
2013Q1,2013,Q1,2012-12-31,2012-12-31,270000000.0,1900192000.0,392000000.0,1.35,1006129000.0,0.5294880727842239,11629437000.0,4469469000.0,5477472000.0,2003782000.0,7159968000.0,1359822000.0,10963549000.0,8624204405.62,10876567405.62,22.347345,2.733566825133672,0.3585586301383291,0.9329598214016027,0.037202240445879685,22.347345,0.06040986076869534,4.538596313225191,7.985374449648147,1.9295814347565672,0.35867037037037036,0.6574853179313175,0.011228977821640352,0.1633950121575103,1.8364442838592223,0.02321694506793407,62.38979972379568,0.5294880727842239,0.0,0.0,0.0,0.0,0.0052976188691951755,-0.017292020775174614,0.0002679289095293382,0.0,0.0,0.0,Medical Instruments & Supplies,Healthcare,BDXB
2012Q4,2012,Q4,2012-09-30,2012-09-30,274751000.0,1967171000.0,391895000.0,1.35,1000827000.0,0.5087646168025047,11360909000.0,4135889000.0,5322071000.0,1978055000.0,7225020000.0,1240679000.0,10435378000.0,8746731409.840141,11241820409.840141,20.389760736695123,2.690557643746003,0.366718367341909,1.0073418314659799,0.03873670255995077,20.389760736695123,0.06643094144934741,4.446350322285221,7.958780322765104,2.1148370785193076,0.3179278692343249,0.7788831760672986,0.00998670199267002,0.1731526060106634,1.7341681601371044,0.02418389232762977,22.97140871254298,0.5087646168025047,-0.11184210526315784,0.0,0.0,0.0,-0.03127180862133216,-0.11820361318565638,-0.12721761711111804,0.0,0.0,0.0,Medical Instruments & Supplies,Healthcare,BDXB
2012Q3,2012,Q3,2012-08-06,2012-06-30,311581000.0,1980530000.0,449018000.0,1.52,1033135000.0,0.5216457210948584,11024864000.0,4234504000.0,5284715000.0,1889669000.0,6790360000.0,1239118000.0,10233693000.0,8839270502.98515,11351930502.98515,20.657376669309105,2.79663528374546,0.3783610391928644,0.9850927050724241,0.04336979273285166,20.657376669309105,0.07358146314184613,4.4630833680808415,7.092273359884868,2.0874394032890624,0.29539028374644155,0.7645720585125871,0.010412397716408547,0.17964212529061582,1.7721611562659916,0.028261663817349583,19.110448706663156,0.5216457210948584,0.0,0.0,0.0,0.0,0.012891353410733088,0.07060367724622293,0.1047638262170368,0.0,0.0,0.0,Medical Instruments & Supplies,Healthcare,BDXB
2012Q2,2012,Q2,2012-03-31,2012-03-31,291033000.0,1990818000.0,406438000.0,0.0,1019986000.0,0.5123451767062585,11195392000.0,4476288000.0,5300585000.0,1621489000.0,6719104000.0,1320580000.0,9998883000.0,0.0,2330983000.0,0.0,3.2689614298956085,0.3725169248204976,0.9316811161390867,0.04001426282018264,0.0,0.06501659410654542,0.0,0.0,0.0,0.31634900509564207,0.7351557648911842,,0.1778247693336687,2.065946176631479,0.025995784694274215,0.0,0.5123451767062585,0.0,0.0,0.0,0.0,0.06086869697533862,0.10665247067323232,0.13350010737124515,0.0,0.0,0.0,Medical Instruments & Supplies,Healthcare,BDXB
2012Q1,2012,Q1,2011-12-31,2011-12-31,262985000.0,1887645000.0,358569000.0,0.0,961463000.0,0.5093452423522431,11413363000.0,4727554000.0,5694144000.0,1606374000.0,6685809000.0,1261730000.0,9799928000.0,0.0,1979810000.0,0.0,3.544718726772221,0.3658946096781466,0.8833506714042823,0.03901925486220751,0.0,0.0556281324338125,0.0,0.0,0.0,0.36562541589824515,0.7340572071679361,,0.16538902688015794,2.385977362681418,0.023041850154069402,0.0,0.5093452423522431,0.0,0.0,0.0,0.0,-0.08557762998089292,-0.1233219658709443,-0.18164265320421674,0.0,0.0,0.0,Medical Instruments & Supplies,Healthcare,BDXB
2011Q4,2011,Q4,2011-09-30,2011-09-30,299979000.0,2050795000.0,438157000.0,0.0,1051443000.0,0.5127001967529665,10430428000.0,4828175000.0,4668331000.0,1823228000.0,5602253000.0,1244972000.0,9633584000.0,0.0,1544315000.0,0.0,2.560475705726327,0.2607368556688182,0.5632763932541799,0.040536941249820886,0.0,0.062130929388433516,0.0,0.0,0.0,0.2948939759116471,0.8027104224030741,,0.1966165722058577,1.531322467623358,0.02875998952296109,0.0,0.5127001967529665,0.0,0.0,0.0,0.0,-0.010034827196283593,-0.1255735181805992,-0.07112466001140538,0.0,0.0,0.0,Medical Instruments & Supplies,Healthcare,BDXB
2011Q3,2011,Q3,2011-06-30,2011-06-30,343058000.0,2014081000.0,471707000.0,0.0,1062101000.0,0.5273377783713763,10620819000.0,5298400000.0,5073133000.0,1657926000.0,5322419000.0,1331103000.0,9422074000.0,0.0,1566700000.0,0.0,3.059927282641083,0.2565467879642803,0.5142565680205345,0.041690916714795606,0.0,0.06474747093462177,0.0,0.0,0.0,0.2619702790781734,0.715181319552281,,0.18963518726757325,1.9129448479606448,0.03230052221019867,0.0,0.5273377783713763,0.0,0.0,0.0,0.0,0.060580128096309895,0.09947791640893663,0.0712335922241904,0.0,0.0,0.0,Medical Instruments & Supplies,Healthcare,BDXB
2011Q2,2011,Q2,2011-05-04,2011-03-31,312019000.0,1922023000.0,440340000.0,0.0,1001434000.0,0.5210312259530713,10344223000.0,5099061000.0,4856630000.0,1578911000.0,5245162000.0,1276931000.0,9168895000.0,0.0,1977011000.0,0.0,3.075936515737746,0.26348996923210183,0.5345295928014981,0.03613478429364962,0.0,0.06119146250652816,0.0,0.0,0.0,0.2889535573154199,0.7209387194766201,,0.1858064158129615,1.94318742475035,0.03016359952796841,0.0,0.5210312259530713,0.0,0.0,0.0,0.0,0.0254563402261375,-0.012401206569664204,0.06599722086385622,0.0,0.0,0.0,Medical Instruments & Supplies,Healthcare,BDXB
2011Q1,2011,Q1,2010-12-31,2010-12-31,315937000.0,1842005000.0,413078000.0,0.0,976574000.0,0.5301690277713687,10071270000.0,4877933000.0,4950841000.0,1612353000.0,5193337000.0,1195477000.0,8947065000.0,0.0,1470959000.0,0.0,3.070568913879281,0.27010635202908867,0.5576776064779898,0.0420029404508768,0.0,0.0647686222832499,0.0,0.0,0.0,0.29343508357678905,0.7239210792010219,,0.18289699312996274,2.071724988262496,0.031370125118282,0.0,0.5301690277713687,0.0,0.0,0.0,0.0,0.08321427937600936,-0.20357705542041116,0.14685908790555885,0.0,0.0,0.0,Medical Instruments & Supplies,Healthcare,BDXB
2010Q4,2010,Q4,2010-09-30,2010-09-30,396695000.0,1732476000.0,360182000.0,0.0,901552000.0,0.5203835435526957,9650694000.0,5434580000.0,4505250000.0,1671673000.0,4216114000.0,1145337000.0,8724228000.0,0.0,482126000.0,0.0,2.6950545950075164,0.17595781194595952,0.3124648086880679,0.03681510014644747,0.0,0.07299460123873418,0.0,0.0,0.0,0.21520059491548924,0.7254842897767207,,0.17951828127593725,1.7644431656191133,0.041105333979090004,0.0,0.5203835435526957,0.0,0.0,0.0,0.0,-0.07286557994749113,0.29255346879195065,-0.18159054760281754,0.0,0.0,0.0,Medical Instruments & Supplies,Healthcare,BDXB
2010Q3,2010,Q3,2010-06-30,2010-06-30,306908000.0,1878229000.0,440100000.0,0.0,972407000.0,0.5177254743697387,9031673000.0,5153877000.0,4123061000.0,1531426000.0,3877796000.0,1121643000.0,8412924000.0,0.0,945515000.0,0.0,2.692301815432153,0.18774162882114975,0.32899912046795066,0.04157815890430466,0.0,0.059548957027884056,0.0,0.0,0.0,0.2805791963715511,0.807584944585755,,0.2079602527682302,1.655534776084512,0.03398130113878126,0.0,0.5177254743697387,0.0,0.0,0.0,0.0,0.015082065098819469,0.031169468234155718,0.022311525104821196,0.0,0.0,0.0,Medical Instruments & Supplies,Healthcare,BDXB
2010Q2,2010,Q2,2010-03-31,2010-03-31,297631000.0,1844854000.0,430495000.0,0.0,957959000.0,0.5192600606877292,8943392000.0,5149634000.0,3939493000.0,1467466000.0,3793758000.0,1166044000.0,8192151000.0,0.0,860147000.0,0.0,2.684554872140138,0.18905969904930925,0.32834081024010636,0.0411812287919183,0.0,0.05779653466634716,0.0,0.0,0.0,0.28338109941504747,0.7606016582564638,,0.20628124094303368,1.6356474357838615,0.033279431338803,0.0,0.5192600606877292,0.0,0.0,0.0,0.0,-0.039382009402024805,-0.059249121298707866,-0.034807856149948434,0.0,0.0,0.0,Medical Instruments & Supplies,Healthcare,BDXB
2010Q1,2010,Q1,2009-12-31,2009-12-31,316376000.0,1916774000.0,446020000.0,0.0,997232000.0,0.5202658216357275,9094276000.0,5260159000.0,4056893000.0,1538827000.0,3834117000.0,1163999000.0,7978872000.0,0.0,510979000.0,0.0,2.636354184063576,0.18619239178577823,0.3219075697141474,0.04765303224258138,0.0,0.060145710424342684,0.0,0.0,0.0,0.2841207929805042,0.7899852147639302,,0.21076708030413857,1.6464982743349317,0.034788475740124884,0.0,0.5202658216357275,0.0,0.0,0.0,0.0,0.011574097555136728,-0.002660614084862241,0.014585721824898546,0.0,0.0,0.0,Medical Instruments & Supplies,Healthcare,BDXB
2009Q4,2009,Q4,2009-09-30,2009-09-30,317220000.0,1897733000.0,439608000.0,0.0,985822000.0,0.5194734981159099,9304624000.0,5142712000.0,4646954000.0,1777093000.0,4161912000.0,1156762000.0,7752831000.0,0.0,497181000.0,0.0,2.6149188590580232,0.2032779615812525,0.3677874631128479,0.049205347082716365,0.0,0.061683407509500826,0.0,0.0,0.0,0.24894079818422546,0.7883307024262554,,0.2039559040752211,1.7525627527653307,0.034092726369168706,0.0,0.5194734981159099,0.0,0.0,0.0,0.0,0.02669257815103646,-0.069809721810883,0.018169690316215147,0.0,0.0,0.0,Medical Instruments & Supplies,Healthcare,BDXB
2009Q3,2009,Q3,2009-06-30,2009-06-30,341027000.0,1820255000.0,431763000.0,0.0,960192000.0,0.5275041134346561,8848987000.0,5211896000.0,4491537000.0,1646462000.0,3637091000.0,1207007000.0,7514585000.0,0.0,557696000.0,0.0,2.7279931149337187,0.21350432541035488,0.36249706440803886,0.05510851352170751,0.0,0.0654324261266917,0.0,0.0,0.0,0.23224554067566497,0.712558419296657,,0.2057020764071639,1.759472128722072,0.03853853554084778,0.0,0.5275041134346561,0.0,0.0,0.0,0.0,0.06368539818744372,0.3052465993554659,0.1879015151306721,0.0,0.0,0.0,Medical Instruments & Supplies,Healthcare,BDXB
2009Q2,2009,Q2,2009-03-31,2009-03-31,261274000.0,1740804000.0,363467000.0,0.0,902703000.0,0.5185552193124556,7575830000.0,4804023000.0,3407797000.0,1510687000.0,2771807000.0,1180740000.0,7252772000.0,0.0,610512000.0,0.0,2.255792894226269,0.15222411273748224,0.2400538049047642,0.041272378213048744,0.0,0.054386500647478166,0.0,0.0,0.0,0.2931941180523129,0.7098099496925657,,0.2297839312656171,1.1864105536090535,0.03448783829626589,0.0,0.5185552193124556,0.0,0.0,0.0,0.0,-0.028523246165816658,-0.1628033657820701,-0.13831174373174526,0.0,0.0,0.0,Medical Instruments & Supplies,Healthcare,BDXB
2009Q1,2009,Q1,2008-12-31,2008-12-31,312082000.0,1733505000.0,421808000.0,0.0,929207000.0,0.5360278741624628,7660693000.0,4766971000.0,3465138000.0,1638196000.0,2893722000.0,1170100000.0,7068177000.0,0.0,559041000.0,0.0,2.115215761728145,0.150986340269738,0.24264045239629106,0.05914462610670089,0.0,0.0654675683993043,0.0,0.0,0.0,0.2630782935254196,0.6873754379967524,,0.2262856637121472,1.1285542145140142,0.040738089882991005,0.0,0.5360278741624628,0.0,0.0,0.0,0.0,-0.01576021675991382,0.10598741915477984,0.05911656589598859,0.0,0.0,0.0,Medical Instruments & Supplies,Healthcare,BDXB
2008Q4,2008,Q4,2008-09-30,2008-09-30,282175000.0,1835631000.0,398264000.0,0.0,944086000.0,0.5143114275145713,7912943000.0,4935568000.0,3614675000.0,1416579000.0,2977375000.0,1080426000.0,6838589000.0,0.0,324061000.0,0.0,2.551693198896779,0.1459050065190663,0.2339220126234711,0.0478496999151545,0.0,0.05717173788305622,0.0,0.0,0.0,0.24633649331088864,0.8251791423012774,,0.23197829176830922,1.4891297979145532,0.03565993082472602,0.0,0.5143114275145713,0.0,0.0,0.0,0.0,-0.0064605751269436185,-0.0502004449844996,-0.02759506404340204,0.0,0.0,0.0,Medical Instruments & Supplies,Healthcare,BDXB
2008Q3,2008,Q3,2008-06-30,2008-06-30,297089000.0,1867587000.0,409566000.0,0.0,950225000.0,0.5087982514335343,8129206000.0,5074113000.0,3648472000.0,1465949000.0,3055093000.0,1144412000.0,6625931000.0,0.0,423296000.0,0.0,2.488812366596655,0.14259744432605104,0.2284545101774438,0.05503083900543447,0.0,0.05854993769354368,0.0,0.0,0.0,0.23413185947645318,0.80160117160603,,0.22973793504556286,1.4623005302367271,0.03654588160270511,0.0,0.5087982514335343,0.0,0.0,0.0,0.0,0.06394115895100087,0.07568839726994588,0.07339586592969408,0.0,0.0,0.0,Medical Instruments & Supplies,Healthcare,BDXB
2008Q2,2008,Q2,2008-03-31,2008-03-31,276185000.0,1746925000.0,381561000.0,0.0,893118000.0,0.5112514847517782,7801256000.0,4859176000.0,3422601000.0,1378907000.0,2942080000.0,1146901000.0,6398401000.0,0.0,607198000.0,0.0,2.482111556471901,0.14974473341215824,0.24041051404600286,0.049941022354286296,0.0,0.05683782600177479,0.0,0.0,0.0,0.0,0.7444469923733609,,0.22392868532964436,1.399277833820555,0.035402632601724646,0.0,0.5112514847517782,0.0,0.0,0.0,0.0,0.019633049099176753,0.01707617069542033,0.05207127022466333,0.0,0.0,0.0,Medical Instruments & Supplies,Healthcare,BDXB
2008Q1,2008,Q1,2007-12-31,2007-12-31,271548000.0,1705767000.0,362676000.0,0.0,875921000.0,0.5135056546409914,7566534000.0,4524276000.0,3345067000.0,1496806000.0,3042258000.0,1079995000.0,6191051000.0,0.0,415071000.0,0.0,2.2348033078435012,0.15407754726272294,0.2576838813547184,0.05611261669847534,0.0,0.060020210968561596,0.0,0.0,0.0,0.0,0.7683794832383484,,0.22543571468786106,1.2963523663053194,0.035888030107312015,0.0,0.5135056546409914,0.0,0.0,0.0,0.0,0.0381605833187156,0.04517112373562422,0.05499914186561325,0.0,0.0,0.0,Medical Instruments & Supplies,Healthcare,BDXB
2007Q4,2007,Q4,2007-09-30,2007-09-30,259812000.0,1651101000.0,343769000.0,0.0,843724000.0,0.5110068978215142,7329365000.0,4361957000.0,3130566000.0,1478809000.0,2967408000.0,1051959000.0,5995787000.0,0.0,651865000.0,0.0,2.1169508705992457,0.1587241186651231,0.26670299592591123,0.04192009040424414,0.0,0.05956317313536103,0.0,0.0,0.0,0.2298816067002294,0.7674985431941739,,0.22527203925578818,1.185192949190869,0.03544809134215583,0.0,0.5110068978215142,0.0,0.0,0.0,0.0,0.004328118006685014,0.06128451159883828,0.04955775988666929,0.0,0.0,0.0,Medical Instruments & Supplies,Healthcare,BDXB
2007Q3,2007,Q3,2007-06-30,2007-06-30,244809000.0,1631159000.0,327537000.0,0.0,840088000.0,0.5150252060038292,7122845000.0,4227895000.0,2961234000.0,1414780000.0,2894950000.0,1023348000.0,5795744000.0,0.0,714720000.0,0.0,2.0930703006827915,0.16269959545659074,0.2741042528255787,0.04754282802702458,0.0,0.057903282839332576,0.0,0.0,0.0,0.2448602788296182,0.773022471339173,,0.22900386011488388,1.138357200412785,0.034369553177136386,0.0,0.5150252060038292,0.0,0.0,0.0,0.0,0.03537914323955917,0.009384289972910903,0.029783314050002514,0.0,0.0,0.0,Medical Instruments & Supplies,Healthcare,BDXB
2007Q2,2007,Q2,2007-03-31,2007-03-31,242533000.0,1575922000.0,318064000.0,0.0,811382000.0,0.514861776153896,6951822000.0,4129488000.0,2850600000.0,1346874000.0,2822334000.0,975582000.0,5610948000.0,0.0,754934000.0,0.0,2.116456327763399,0.16752284509010731,0.2820177707260561,0.04668328635767154,0.0,0.05873197839538461,0.0,0.0,0.0,0.0,0.7836757955763841,,0.22669193773948756,1.1538466107445833,0.0348876884362114,0.0,0.514861776153896,0.0,0.0,0.0,0.0,0.023705735478360267,0.6974712868931053,0.48746200252537064,0.0,0.0,0.0,Medical Instruments & Supplies,Healthcare,BDXB
2007Q1,2007,Q1,2006-12-31,2006-12-31,142879000.0,1501526000.0,213830000.0,0.0,792593000.0,0.5278583254635617,6810541000.0,3931000000.0,2825122000.0,1472270000.0,2879541000.0,926598000.0,5427451000.0,,,,,,,,,,,,,,,,,,,,,,,,,,,,,,,Medical Instruments & Supplies,Healthcare,BDXB
