Quarters,Year,Quarter,FillingDate,Date,NetIncome,Revenue,OperatingIncome,EPSDiluted,GrossProfit,GrossProfitRatio,TotalAssets,CommonStockEquity,CurrentAssets,CurrentLiability,TotalLiability,Inventory,RetainedEarnings,MarketCap,EnterpriseValue,bookValuePerShare,currentRatio,debtToAssets,debtToEquity,roic,shareholdersEquityPerShare,roe,priceToSalesRatio,peRatio,pbRatio,payoutRatio,inventoryTurnover,dividendYield,assetTurnover,quickRatio,returnOnAssets,priceToFreeCashFlowsRatio,grossProfitMargin,epsdilutedGrowth,fiveYNetIncomeGrowthPerShare,fiveYRevenueGrowthPerShare,fiveYShareholdersEquityGrowthPerShare,grossProfitGrowth,netIncomeGrowth,operatingIncomeGrowth,threeYNetIncomeGrowthPerShare,threeYRevenueGrowthPerShare,threeYShareholdersEquityGrowthPerShare,Industry,Sector,Symbol
2023Q1,2023,Q1,2023-04-25,2023-03-31,278000000.0,302000000.0,407000000.0,0.51,302000000.0,1.0,21812000000.0,10049000000.0,553000000.0,208000000.0,11763000000.0,0.0,15000000.0,9758850000.0,20671850000.0,18.818352059925093,2.6586538461538463,0.5180634513112048,1.124489999004876,0.01890316027238888,18.818352059925093,0.0276644442233058,32.31407284768212,8.775944244604315,0.9711264802467907,0.9388489208633094,0.0,0.026744954579689204,0.013845589583715385,2.6586538461538463,0.012745277828718137,11.191341743119265,1.0,0.49999999999999994,-0.08357321942613044,-0.04015399077845904,0.11683170486599179,0.5024875621890548,0.5977011494252874,0.2222222222222222,1.3657805194487285,-0.20267698164180017,0.2292102970936944,Asset Management,Financial Services,ARCC
2022Q4,2022,Q4,2023-02-07,2022-12-31,174000000.0,201000000.0,333000000.0,0.34,201000000.0,1.0,22398000000.0,9555000000.0,483000000.0,294000000.0,12843000000.0,0.0,-2000000.0,9493580000.0,21510580000.0,18.589494163424124,1.6428571428571428,0.550049111527815,1.2893772893772895,0.013776191454396056,18.589494163424124,0.018210361067503924,47.23174129353234,13.640201149425286,0.9935719518576661,1.4195402298850575,0.0,0.02601758240832226,0.008974015537101527,1.6428571428571428,0.0077685507634610235,-26.371055555555557,1.0,0.6190476190476192,-0.3784046692607003,-0.30876535834799873,0.11568392696797361,0.3958333333333333,0.6730769230769231,0.49327354260089684,-0.2881094071869993,-0.22333009079118035,0.0680183468741059,Asset Management,Financial Services,ARCC
2022Q3,2022,Q3,2022-10-25,2022-09-30,104000000.0,144000000.0,223000000.0,0.21,144000000.0,1.0,22038000000.0,9436000000.0,438000000.0,356000000.0,12602000000.0,0.0,66000000.0,8490639999.999999,20161640000.0,18.75944333996024,1.2303370786516854,0.5427443506670296,1.2675922000847817,0.009171365976731495,18.75944333996024,0.011021619330224672,58.962777777777774,20.410192307692306,0.8998134802882577,2.25,0.0,0.02755975992386911,0.006534168254832562,1.2303370786516854,0.0047191215173790725,424.5319999999999,1.0,-0.0454545454545455,-0.36633436789335927,-0.17597119982805876,0.13709773233111297,0.11627906976744186,-0.06306306306306306,0.0045045045045045045,-0.495506958250497,-0.32462682468723575,0.08643460004923662,Asset Management,Financial Services,ARCC
2022Q2,2022,Q2,2022-07-26,2022-06-30,111000000.0,129000000.0,222000000.0,0.22,129000000.0,1.0,21797000000.0,9335000000.0,439000000.0,322000000.0,12462000000.0,0.0,196000000.0,8857420000.0,20496420000.0,18.89676113360324,1.3633540372670807,0.5450291324494196,1.2726298875200857,0.009582763625163913,18.89676113360324,0.011890733797536154,68.66217054263566,19.949144144144142,0.948839850026781,2.009009009009009,0.0,0.025176631569915394,0.005918245630132587,1.3633540372670807,0.005092443914300133,-5.904946666666667,1.0,-0.47619047619047616,-0.4622435518355092,-0.45200534492730493,0.14168490184583452,-0.5425531914893617,-0.47393364928909953,-0.2996845425867508,-0.5213967611336032,-0.4625946136243619,0.09256517954872144,Asset Management,Financial Services,ARCC
2022Q1,2022,Q1,2022-04-26,2022-03-31,211000000.0,282000000.0,317000000.0,0.42,282000000.0,1.0,20463000000.0,9379000000.0,828000000.0,162000000.0,11084000000.0,0.0,308000000.0,10035050000.0,19981050000.0,19.580375782881003,5.111111111111111,0.5200117284855593,1.1345559228062694,0.014915218709861565,19.580375782881003,0.022497067917688452,35.58528368794326,11.889869668246446,1.0699488218360165,0.985781990521327,0.0,0.02072735063602075,0.013780970532180033,5.111111111111111,0.010311293554219812,20.86288981288981,1.0,-0.5,0.5753511906868122,0.582436870869513,0.17454421895888897,-0.295,-0.4476439790575916,-0.3595959595959596,-0.12311474450276091,0.1399886126399695,0.13656357589689427,Asset Management,Financial Services,ARCC
2021Q4,2021,Q4,2022-02-09,2021-12-31,382000000.0,400000000.0,495000000.0,0.84,400000000.0,1.0,11975000000.0,8868000000.0,594000000.0,427000000.0,11975000000.0,0.0,315000000.0,9599070000.0,20364070000.0,19.576158940397352,1.3911007025761124,0.9300208768267223,1.2558637798827244,0.024236248630150156,19.576158940397352,0.04307622913847542,23.997675,6.2821138743455505,1.0824391069012178,0.47643979057591623,0.0,0.01896017009981175,0.033402922755741124,1.3911007025761124,0.031899791231732776,-5.432410865874363,1.0,0.1506849315068493,2.530478292862399,1.8292111546605396,0.19010917856433093,0.0,0.1437125748502994,0.0,1.347920183525949,1.4425905220607207,0.1423895491245578,Asset Management,Financial Services,ARCC
2021Q3,2021,Q3,2021-10-26,2021-09-30,334000000.0,350000000.0,0.0,0.73,0.0,0.0,19154000000.0,8537000000.0,0.0,0.0,10617000000.0,0.0,164000000.0,9209490000.0,18056490000.0,18.845474613686534,0.0,0.5241724966064529,1.1760571629378003,0.0,18.845474613686534,0.03912381398617781,26.31282857142857,6.893330838323353,1.0787735738549842,0.5359281437125748,0.0,0.01943647259511656,0.018272945598830533,0.0,0.017437610942883992,1841.898,0.0,-0.33027522935779824,1.100074825027639,0.9188716099069156,0.1360151439845642,0.0,-0.301255230125523,0.0,0.502835958046833,0.5452538631346577,0.09779463769047762,Asset Management,Financial Services,ARCC
2021Q2,2021,Q2,2021-07-28,2021-06-30,478000000.0,498000000.0,0.0,1.09,0.0,0.0,18026000000.0,8078000000.0,0.0,0.0,9948000000.0,0.0,19000000.0,8619600000.0,17627600000.0,18.35909090909091,0.0,0.5206368578719627,1.1617974746224313,0.0,18.35909090909091,0.059173062639267145,17.308433734939758,4.508158995815899,1.0670462985887597,0.3493723849372385,0.0,0.019374448930344793,0.027626761344724287,0.0,0.026517252856984357,-7.26779089376054,0.0,0.2528735632183909,1.1672057294674831,0.9935542104162735,0.10477371593181156,0.0,0.28150134048257375,0.0,0.8220114531138156,0.8473354231974923,0.07578717018882085,Asset Management,Financial Services,ARCC
2021Q1,2021,Q1,2021-04-28,2021-03-31,373000000.0,430000000.0,0.0,0.87,0.0,0.0,16021000000.0,7632000000.0,0.0,0.0,8389000000.0,0.0,-282000000.0,8026590000.0,15750590000.0,17.79020979020979,0.0,0.5031521128518819,1.0562106918238994,0.0,17.79020979020979,0.048873165618448636,18.666488372093024,5.379752010723861,1.0517020440251572,0.4450402144772118,0.0,0.02068126065988172,0.02683977279820236,0.0,0.023281942450533676,16.41429447852761,0.0,-0.02247191011235957,1.075487148582229,1.112649335337706,0.07841433693605064,0.0,-0.013227513227513227,0.0,0.5305438363289603,0.7011673585378766,0.055813509421756745,Asset Management,Financial Services,ARCC
2020Q4,2020,Q4,2021-02-10,2020-12-31,378000000.0,394000000.0,0.0,0.89,0.0,0.0,16196000000.0,7176000000.0,0.0,0.0,9020000000.0,0.0,-480000000.0,7144470000.0,15440470000.0,16.9645390070922,0.0,0.5279081254630773,1.1914715719063544,0.0,16.9645390070922,0.052675585284280936,18.133172588832487,4.725178571428572,0.99560618729097,0.4470899470899471,0.0,0.023654658778047916,0.02432699431958508,0.0,0.02333909607310447,-9.840867768595041,0.0,-0.14423076923076925,18.098611591138827,5.85913590255359,0.0311534791852025,0.0,-0.14285714285714285,0.0,0.6408657373440939,0.6464494864777377,0.01815914581872029,Asset Management,Financial Services,ARCC
2020Q3,2020,Q3,2020-10-27,2020-09-30,441000000.0,455000000.0,0.0,1.04,0.0,0.0,14950000000.0,6963000000.0,0.0,0.0,7987000000.0,0.0,-697000000.0,5900850000.0,13325850000.0,16.46099290780142,0.0,0.5122408026755852,1.0998132988654317,0.0,16.46099290780142,0.06333476949590694,12.9689010989011,3.3451530612244893,0.8474579922447221,0.3832199546485261,0.0,0.028639941703313933,0.030434782608695653,0.0,0.029498327759197324,1475.2125,0.0,0.6,1.8055234049107738,1.6382346469283904,-0.019570813692747536,0.0,0.592057761732852,0.0,2.1951630185213538,2.0961280429365536,-0.0022221145811888664,Asset Management,Financial Services,ARCC
2020Q2,2020,Q2,2020-08-04,2020-06-30,277000000.0,292000000.0,0.0,0.65,0.0,0.0,14517000000.0,6691000000.0,0.0,0.0,7826000000.0,0.0,-969000000.0,6112350000.0,13345350000.0,15.817966903073286,0.0,0.517393400840394,1.1225526827081154,0.0,15.817966903073286,0.041398894036765804,20.932705479452054,5.5165613718411555,0.9135181587206695,0.6101083032490975,0.0,0.02764894026029269,0.02011434869463388,0.0,0.01908107735758077,40.749,0.0,1.4577464788732395,0.4054467748217027,0.34477469610747363,-0.05834059783298044,0.0,1.4526143790849673,0.0,0.5672165112757989,0.4486252314572197,-0.044326492595487266,Asset Management,Financial Services,ARCC
2020Q1,2020,Q1,2020-05-05,2020-03-31,-612000000.0,305000000.0,0.0,-1.42,0.0,0.0,15806000000.0,6583000000.0,0.0,0.0,9223000000.0,0.0,-1077000000.0,4635400000.0,12473400000.0,15.309302325581395,0.0,0.5249905099329368,1.260519519975695,0.0,15.309302325581395,-0.09296673249278445,15.198032786885246,-1.8935457516339869,0.7041470454200213,-0.28104575163398693,0.0,0.03710575139146568,0.019296469695052512,0.0,-0.03871947361761356,309.02666666666664,0.0,-3.9583333333333335,-5.444957417368977,0.882546830845389,-0.08498710285335662,0.0,-4.0,0.0,-6.0899487583760346,0.9065323655754703,-0.08165947670286434,Asset Management,Financial Services,ARCC
2019Q4,2019,Q4,2020-02-12,2019-12-31,204000000.0,216000000.0,0.0,0.48,0.0,0.0,14905000000.0,7467000000.0,0.0,0.0,7438000000.0,0.0,-293000000.0,8000849999.999999,14916850000.0,17.405594405594407,0.0,0.47581348540758134,0.9497790277219766,0.0,17.405594405594407,0.027320208919244676,37.040972222222216,9.804963235294117,1.0714945761349939,0.8529411764705882,0.0,0.021747689308011024,0.014491781281449179,0.0,0.013686682321368668,-24.542484662576683,0.0,0.17073170731707318,-0.026214464341554604,-0.052957677307960985,0.03473341153950348,0.0,0.1657142857142857,0.0,0.9908624708624708,0.6132438989581849,0.05815230268279657,Asset Management,Financial Services,ARCC
2019Q3,2019,Q3,2019-10-30,2019-09-30,175000000.0,181000000.0,0.0,0.41,0.0,0.0,14458000000.0,7373000000.0,0.0,0.0,7085000000.0,0.0,179000000.0,7957145000.000001,14430145000.0,17.26697892271663,0.0,0.46520957255498685,0.9122473891224739,0.0,17.26697892271663,0.0237352502373525,43.96212707182321,11.36735,1.0792275871422758,0.9714285714285714,0.0,0.02136444667025673,0.0125190206114262,0.0,0.012104025453036382,-11.097831241283126,0.0,-0.1276595744680851,-0.2838919546703173,-0.323624970075034,0.0214974493822381,0.0,-0.125,0.0,0.16733814633542823,0.052753696293728725,0.04086259163897973,Asset Management,Financial Services,ARCC
2019Q2,2019,Q2,2019-07-30,2019-06-30,200000000.0,207000000.0,0.0,0.47,0.0,0.0,13846000000.0,7368000000.0,0.0,0.0,6478000000.0,0.0,183000000.0,7663739999.999999,13246740000.0,17.295774647887324,0.0,0.4445327170301892,0.8353691639522258,0.0,17.295774647887324,0.02714440825190011,37.02289855072463,9.579675,1.0401384364820847,0.855,0.0,0.02231286551996806,0.014950166112956811,0.0,0.01444460494005489,22.02224137931034,0.0,-0.06000000000000005,-0.01959053812011922,-0.0719887429998845,0.04563902548002078,0.0,-0.06542056074766354,0.0,-0.06341905733426394,-0.14412147423160157,0.04078776679535866,Asset Management,Financial Services,ARCC
2019Q1,2019,Q1,2019-04-30,2019-03-31,214000000.0,220000000.0,0.0,0.5,0.0,0.0,13962000000.0,7339000000.0,0.0,0.0,6623000000.0,0.0,162000000.0,7455000000.0,13217000000.0,17.227699530516432,0.0,0.4536599341068615,0.8630603624471999,0.0,17.227699530516432,0.029159286006267885,33.88636363636363,8.709112149532709,1.0158059681155471,0.8364485981308412,0.0,0.024010731052984575,0.015757054863200115,0.0,0.015327317003294656,-14.475728155339805,0.0,0.38888888888888895,0.2794504307023763,0.1603508865464214,0.047933637008675964,0.0,0.39869281045751637,0.0,0.1991477121344519,0.08850226154150392,0.04431585603669836,Asset Management,Financial Services,ARCC
2018Q4,2018,Q4,2019-02-12,2018-12-31,153000000.0,154000000.0,0.0,0.36,0.0,0.0,12895000000.0,7300000000.0,0.0,0.0,5595000000.0,0.0,127000000.0,6637080000.0,11555080000.0,17.136150234741784,0.0,0.4043427685149283,0.7142465753424657,0.0,17.136150234741784,0.02095890410958904,43.09792207792208,10.844901960784313,0.9091890410958904,1.0849673202614378,0.0,0.0250109988127309,0.011942613416052733,0.0,0.011865063978286157,-6.683867069486404,0.0,-0.2653061224489796,-0.20066540679949546,-0.2616520840030932,0.041115559224751845,0.0,-0.2679425837320574,0.0,6.675951036881249,1.6621018979775624,0.04158450323979865,Asset Management,Financial Services,ARCC
2018Q3,2018,Q3,2018-10-31,2018-09-30,209000000.0,213000000.0,0.0,0.49,0.0,0.0,12255000000.0,7313000000.0,0.0,0.0,4942000000.0,0.0,-80000000.0,7331460000.0,11078460000.0,17.166666666666668,0.0,0.37095063239494086,0.6216327088746069,0.0,17.166666666666668,0.028579242444961028,34.42,8.769688995215311,1.00252427184466,0.7942583732057417,0.0,0.0226421476759063,0.017380660954712364,0.0,0.017054263565891473,16.04258205689278,0.0,-0.18333333333333332,-0.06506077190811906,-0.13047198060744328,0.048645115893763295,0.0,-0.17716535433070865,0.0,0.3202384021480564,0.22634423697880104,0.022459649055021402,Asset Management,Financial Services,ARCC
2018Q2,2018,Q2,2018-08-01,2018-06-30,254000000.0,261000000.0,0.0,0.6,0.0,0.0,12297000000.0,7270000000.0,0.0,0.0,5027000000.0,0.0,-99000000.0,7007700000.0,11040700000.0,17.065727699530516,0.0,0.36935838009270555,0.6247592847317744,0.0,17.065727699530516,0.03493810178817056,26.849425287356322,6.89734251968504,0.963920220082531,0.6377952755905512,0.0,0.023117427972087847,0.02122468894852403,0.0,0.020655444417337562,7.384299262381454,0.0,0.052631578947368474,0.18881695190946204,0.1055640520091813,0.04471158985126327,0.0,0.049586776859504134,0.0,0.27967333079433726,0.19354267777954692,0.01593985128156883,Asset Management,Financial Services,ARCC
2018Q1,2018,Q1,2018-05-02,2018-03-31,242000000.0,251000000.0,0.0,0.57,0.0,0.0,12693000000.0,7178000000.0,0.0,0.0,5515000000.0,0.0,-99000000.0,6760620000.0,11576620000.0,16.849765258215964,0.0,0.4032143701252659,0.7130119810532182,0.0,16.849765258215964,0.033714126497631655,26.934741035856575,6.984111570247934,0.9418528838116466,0.6694214876033058,0.0,0.023962299315743233,0.01977467895690538,0.0,0.019065626723390846,-62.02403669724771,0.0,0.05555555555555539,0.75818902361419,0.564439514825203,0.05309206475988011,0.0,0.04310344827586207,0.0,0.7741502840353178,0.5637903444404125,0.0070839413366627565,Asset Management,Financial Services,ARCC
2017Q4,2017,Q4,2018-02-13,2017-12-31,232000000.0,241000000.0,0.0,0.54,0.0,0.0,12347000000.0,7098000000.0,0.0,0.0,5249000000.0,0.0,-81000000.0,6696720000.0,11234720000.0,16.661971830985916,0.0,0.39313193488296755,0.68385460693153,0.0,16.661971830985916,0.032685263454494226,27.787219917012447,7.216293103448276,0.9434657650042265,0.6982758620689655,0.0,0.02419094720997742,0.019518911476472018,0.0,0.01878998947112659,-90.49621621621621,0.0,0.6363636363636364,-0.2268111937509128,6.856177723101706,0.03880972000656319,0.0,0.6690647482014388,0.0,0.11524126384301932,0.06409492589122764,-0.009473704034505303,Asset Management,Financial Services,ARCC
2017Q3,2017,Q3,2017-11-02,2017-09-30,139000000.0,148000000.0,0.0,0.33,0.0,0.0,12041000000.0,7028000000.0,0.0,0.0,5013000000.0,0.0,-78000000.0,6982140000.0,11281140000.0,16.497652582159624,0.0,0.3853500539822274,0.6602162777461582,0.0,16.497652582159624,0.01977803073420603,47.17662162162162,12.557805755395684,0.993474672737621,1.1654676258992807,0.0,0.0232020555302529,0.01229133792874346,0.0,0.011543891703346899,40.59383720930233,0.0,-0.21428571428571422,-0.4429575316004506,-0.5750050823027566,-0.01603955972648257,0.0,-0.21910112359550563,0.0,-0.42987041161029305,-0.44564370618190347,-0.024015138438649226,Asset Management,Financial Services,ARCC
2017Q2,2017,Q2,2017-08-02,2017-06-30,178000000.0,203000000.0,0.0,0.42,0.0,0.0,12328000000.0,7051000000.0,0.0,0.0,5277000000.0,0.0,-69000000.0,6977880000.0,11279880000.0,16.551643192488264,0.0,0.3924399740428293,0.6861438093887392,0.0,16.551643192488264,0.025244646149482342,34.37379310344828,9.800393258426967,0.989629839739044,0.9101123595505618,0.0,0.02321622039931899,0.016466580142764437,0.0,0.014438676184295911,35.784,0.0,0.4999999999999998,0.019548529169710185,-0.4045191842294981,0.065558263113644,0.0,0.5084745762711864,0.0,-0.12743557892690616,-0.08992132767621529,0.0006515701220992033,Asset Management,Financial Services,ARCC
2017Q1,2017,Q1,2017-05-03,2017-03-31,118000000.0,157000000.0,0.0,0.28,0.0,0.0,11990000000.0,7035000000.0,0.0,0.0,4955000000.0,0.0,-31000000.0,7334360000.0,11672360000.0,16.670616113744074,0.0,0.3824020016680567,0.6517412935323383,0.0,16.670616113744074,0.016773276474769012,46.715668789808916,15.538898305084745,1.0425529495380241,1.3220338983050848,0.0,0.02126974950779618,0.013094245204336948,0.0,0.009841534612176813,-3.1330029901751386,0.0,0.16666666666666682,-0.42499523021953295,-0.5186028380188263,0.053883524669831026,0.0,0.5733333333333334,0.0,-0.2878215191284599,-0.16408242143475057,0.014047136375124657,Asset Management,Financial Services,ARCC
2016Q4,2016,Q4,2017-02-22,2016-12-31,75000000.0,98000000.0,0.0,0.24,0.0,0.0,9245000000.0,5165000000.0,0.0,0.0,4080000000.0,0.0,37000000.0,5177859999.999999,8828860000.0,16.44904458598726,0.0,0.4190373174689021,0.7500484027105518,0.0,16.44904458598726,0.01452081316553727,52.83530612244897,17.25953333333333,1.002489835430784,1.5858933333333334,0.0,0.02297126612152511,0.010600324499729584,0.0,0.008112493239588967,75.82719484513434,0.0,-0.3142857142857143,-0.5611282984531392,2.075218601827875,0.1343710914463887,0.0,-0.3196723542057855,0.0,-0.46840805435335503,-0.3625496567739502,-0.0006298953814549358,Asset Management,Financial Services,ARCC
2016Q3,2016,Q3,2016-11-02,2016-09-30,110241000.0,126431000.0,0.0,0.35,0.0,0.0,9135858000.0,5208979000.0,0.0,0.0,3926879000.0,0.0,-3262000.0,4867000000.0,8462827000.0,16.589105095541402,0.0,0.4072869784096907,0.7143273182710086,0.0,16.589105095541402,0.021163648384837027,38.495305739889744,11.037182173601474,0.9343481707259714,1.0822017216824957,0.0,0.024512636120813645,0.01383898480033293,0.0,0.012066846923408836,26.16469728084983,0.0,-0.30000000000000004,0.7721466711011338,-0.5064985158681937,0.09655761689684511,0.0,-0.29961245235069883,0.0,-0.3309475101457224,-0.29977517821770483,0.013364118572106714,Asset Management,Financial Services,ARCC
2016Q2,2016,Q2,2016-08-03,2016-06-30,157400000.0,178270000.0,0.0,0.5,0.0,0.0,9207643000.0,5218041000.0,0.0,0.0,3989602000.0,0.0,-21655000.0,4458800000.0,8118228000.0,16.617964968152865,0.0,0.4111099876483048,0.7254358484343071,0.0,16.617964968152865,0.03016457708937128,25.01149941100578,7.081956797966963,0.8544969271034858,0.7579606099110546,0.0,0.026756750695254333,0.01936108947751341,0.0,0.017094494215294836,11.935168703240226,0.0,0.19047619047619052,1.7797532858448235,-0.19445580787845299,0.08559556822098452,0.0,0.1965850951414388,0.0,-0.0005387709236418576,0.024475595004689318,0.017300926607963153,Asset Management,Financial Services,ARCC
2016Q1,2016,Q1,2016-05-04,2016-03-31,131541000.0,148975000.0,0.0,0.42,0.0,0.0,9365536000.0,5179944000.0,0.0,0.0,4185592000.0,0.0,-7616000.0,4659760000.0,8567403000.0,16.49663694267516,0.0,0.42547612864869666,0.7692770423772921,0.0,16.49663694267516,0.02539428997688006,31.278805168652458,8.856098098691662,0.8995772927274889,0.9080970952022563,0.0,0.025634796641887135,0.01590672439890253,0.0,0.014045218554495973,58.897820921179026,0.0,7.3999999999999995,-0.30808715154476324,-0.28525033190575794,0.06614527284936161,0.0,7.940460816964589,0.0,0.2965560278376818,0.25973269321671344,0.031021927803122427,Asset Management,Financial Services,ARCC
2015Q4,2015,Q4,2016-02-24,2015-12-31,14713000.0,42701000.0,0.0,0.05,0.0,0.0,9531356000.0,5173332000.0,0.0,0.0,4358024000.0,0.0,-894000.0,4480912500.0,8362335500.0,16.452001908093496,0.0,0.43419624657813644,0.7999639304030749,0.0,16.452001908093496,0.002844008464950635,104.93694527060256,76.13866138788826,0.8661559899886572,8.121932984435533,0.0,0.026668228848476735,0.00448005509394466,0.0,0.0015436418490716326,-12.811465356046181,0.0,-0.8648648648648649,-0.9390349171047733,-0.934067770975256,0.10246366062932759,0.0,-0.8740961329465424,0.0,-0.9335711386862936,0.8857768619314198,0.0257189046443596,Asset Management,Financial Services,ARCC
2015Q3,2015,Q3,2015-11-04,2015-09-30,116859000.0,128214000.0,0.0,0.37,0.0,0.0,9172971000.0,5279802000.0,0.0,0.0,3893169000.0,0.0,-46251000.0,4553511120.0,7959692120.0,16.789578623012126,0.0,0.3982683472999097,0.69193958409804,0.0,16.789578623012126,0.022133216359249835,35.51492910290608,9.741464328806511,0.8624397505815559,1.0651982303459726,0.0,0.0273367071518209,0.013977368946222549,0.0,0.012739493017038863,673.4966898387812,0.0,-0.21276595744680848,-0.4437424564319523,-0.43276765840495646,0.16121318134415102,0.0,-0.20244741404021238,0.0,-0.3655937813027457,-0.5012427403605151,0.0013716249407927433,Asset Management,Financial Services,ARCC
2015Q2,2015,Q2,2015-08-04,2015-06-30,146522000.0,161425000.0,0.0,0.47,0.0,0.0,9124861000.0,5282441000.0,0.0,0.0,3842420000.0,0.0,-57230000.0,5176159740.0,8459279740.0,16.79797054717635,0.0,0.39257573348240593,0.6781332720990163,0.0,16.79797054717635,0.027737555421821086,32.065415765835525,8.831710835232935,0.9798802750470853,0.7393155976576896,0.0,0.020927870359735073,0.017690680438858193,0.0,0.016057450080609447,40.57314651658619,0.0,0.4687499999999999,-0.7303849624332801,-0.19345097065914774,0.18363893388283148,0.0,0.4568286668787782,0.0,0.1369006052644231,-0.35853304120697366,0.08141627462140406,Asset Management,Financial Services,ARCC
2015Q1,2015,Q1,2015-05-04,2015-03-31,100576000.0,118349000.0,0.0,0.32,0.0,0.0,8917459000.0,5255417000.0,0.0,0.0,3662042000.0,0.0,-46235000.0,5393234360.000001,8690421360.0,16.731242120544525,0.0,0.38454496959279544,0.6525008386584737,0.0,16.731242120544525,0.01913758698881554,45.570595104310144,13.405868099745467,1.0262238676778648,1.342924753420299,0.0,0.025043599254974704,0.013271605734324093,0.0,0.01127854919209609,9.366425022360001,0.0,-0.3469387755102041,-0.4781333377633047,-0.2944602982033821,0.3281068990345952,0.0,-0.34429906054620013,0.0,-0.34155841345792676,-0.5124693553566836,0.05771618144133691,Asset Management,Financial Services,ARCC
2014Q4,2014,Q4,2014-12-31,2014-12-31,153387000.0,166996000.0,0.0,0.49,0.0,0.0,9497773000.0,5283715000.0,0.0,0.0,4214058000.0,0.0,-32846000.0,4901655340.0,8631582340.0,16.821332153272124,0.0,0.41320023125421085,0.7427505079286071,0.0,16.821332153272124,0.029030142617457604,29.351932621140627,7.989033197076676,0.9276910923469566,0.7781689452170001,0.0,0.024351161336447616,0.017582648058655434,0.0,0.016149785849798686,-159.0362201096655,0.0,-0.1403508771929824,-0.12655399801182007,1.758342947590623,0.6654872524833366,0.0,-0.13700988528122696,0.0,-0.10274576060281357,2.8315864115919,0.16004506003618846,Asset Management,Financial Services,ARCC
2014Q3,2014,Q3,2014-11-04,2014-09-30,177739000.0,194632000.0,0.0,0.57,0.0,0.0,9203059000.0,5249648000.0,0.0,0.0,3953411000.0,0.0,-59999000.0,5018714240.0,8590037240.0,16.903594750196415,0.0,0.39978022524901774,0.7008471806109666,0.0,16.903594750196415,0.033857317671584834,25.785658267910723,7.059106667641879,0.9560096676958151,0.6400621135485177,0.0,0.022667957281425132,0.021148620257677365,0.0,0.019313034937622372,-8.695970654842661,0.0,0.18749999999999994,-0.06991958036161264,0.05854482814518523,0.42175831257147767,0.0,0.24440072533273588,0.0,1.8888020789171687,-0.23188247856542715,0.11734571994767806,Asset Management,Financial Services,ARCC
2014Q2,2014,Q2,2014-08-05,2014-06-30,142831000.0,156177000.0,0.0,0.48,0.0,0.0,8560219000.0,4933644000.0,0.0,0.0,3626575000.0,0.0,-45928000.0,5327102200.0,8461363200.0,16.540865658631443,0.0,0.39221134412565845,0.6805142405897142,0.0,16.540865658631443,0.02895040663655505,34.109389987001926,9.324135166735513,1.0797500184447844,0.7598070446891781,0.0,0.020372051431639514,0.018244509865927495,0.0,0.016685437603874385,-51.21130337813155,0.0,0.23076923076923067,0.3386776522811487,-0.13941334622739732,0.4760349694202947,0.0,0.2208612554704595,0.0,1.655486359589721,-0.2570693831635284,0.08055893052859821,Asset Management,Financial Services,ARCC
2014Q1,2014,Q1,2014-05-06,2014-03-31,116992000.0,132617000.0,0.0,0.39,0.0,0.0,8199523000.0,4898566000.0,0.0,0.0,3300957000.0,0.0,-24576000.0,5250266640.0,8162320640.0,16.43968560804371,0.0,0.3730330410683646,0.6244057954919868,0.0,16.43968560804371,0.023882907773417773,39.589695438744656,11.219285592177243,1.0717966523264155,1.0489948030634573,0.0,0.023374812826649122,0.016173745716671566,0.0,0.01426814706172542,98.26991296535459,0.0,-0.13333333333333333,0.08879569470523103,-0.22808930000503302,0.46788382075697366,0.0,-0.12616892235069163,0.0,-0.3515139865433883,-0.32950744539677945,0.06246461985258568,Asset Management,Financial Services,ARCC
2013Q4,2013,Q4,2013-12-31,2013-12-31,133884000.0,145890000.0,0.0,0.45,0.0,0.0,8141504000.0,4904444000.0,0.0,0.0,3237060000.0,0.0,-8785000.0,5294962440.0,8131608440.0,16.45941229377257,0.0,0.36679647888154326,0.6088916501034571,0.0,16.45941229377257,0.027298507231400745,36.294210980876,9.887220354934122,1.0796254254304871,0.9492097636760181,0.0,0.024000925679842973,0.017919293535936357,0.0,0.016444627430017844,-27.601937310056144,0.0,-0.13461538461538464,1.5900175857118783,1.1788669000957386,0.4605068869552467,0.0,-0.04909905750832759,0.0,-0.41455681357483404,-0.76228237634059,0.10296023733580163,Asset Management,Financial Services,ARCC
2013Q3,2013,Q3,2013-11-05,2013-09-30,140797000.0,154286000.0,0.0,0.52,0.0,0.0,7754145000.0,4392356000.0,0.0,0.0,3361789000.0,0.0,-7317000.0,4639114480.0,7641510480.0,16.370330063508156,0.0,0.40467169494509064,0.7143963285307475,0.0,16.370330063508156,0.03205500647033164,30.06827891059461,8.237239571865876,1.05617907109533,0.6893186644601803,0.0,0.020920802971863717,0.01989722915937218,0.0,0.018157643428127795,-10.648841327227444,0.0,0.040000000000000036,2.231634405714447,-0.09992006561768225,0.27623712266795414,0.0,0.05467497640414089,0.0,-0.21450234578144164,-0.20000034774149464,0.1322168042171939,Asset Management,Financial Services,ARCC
2013Q2,2013,Q2,2013-08-06,2013-06-30,133498000.0,147507000.0,0.0,0.5,0.0,0.0,7130824000.0,4348045000.0,0.0,0.0,2782779000.0,0.0,-31580000.0,4612795420.0,7074718420.0,16.335348305995325,0.0,0.3593469702800125,0.5893315271576076,0.0,16.335348305995325,0.03070299410424685,31.271705207210506,8.638323083491887,1.0608895308121236,0.7282805734917377,0.0,0.021077024048900918,0.020685828173574332,0.0,0.01872125858105599,-7.497639788502893,0.0,0.5625,12.814785369732041,-0.21301244130488958,0.10815231441537158,0.0,0.661621567797665,0.0,-0.7097793965664103,-0.12926737578839015,0.15104108554132206,Asset Management,Financial Services,ARCC
2013Q1,2013,Q1,2013-05-07,2013-03-31,80342000.0,93650000.0,0.0,0.32,0.0,0.0,6353062000.0,3978597000.0,0.0,0.0,2374465000.0,0.0,-23301000.0,4463411100.0,6540087100.0,16.00027748956398,0.0,0.34300420804959875,0.5477124222433184,0.0,16.00027748956398,0.020193550641092826,47.660556326748534,13.888785131064697,1.1218555435496482,1.1213437554454706,0.0,0.020184338386396897,0.014740923353179931,0.0,0.012646185414214438,-81.31259746411135,0.0,-0.5428571428571428,-0.07858450298158115,-0.4656644946653404,0.07143598555587133,0.0,-0.5412803179098342,0.0,-0.47339570740093223,-0.2947530647024125,0.2700837611013105,Asset Management,Financial Services,ARCC
2012Q4,2012,Q4,2013-02-27,2012-12-31,175144000.0,17906000.0,0.0,0.7,0.0,0.0,6401224000.0,3988346000.0,0.0,0.0,2412878000.0,0.0,-27910000.0,4351515000.0,6278344000.0,16.039483949842754,0.0,0.3430393937159518,0.5505720917894285,0.0,16.039483949842754,0.04391394327372801,243.0199374511337,6.211338955373863,1.0910575461607395,0.5764399579774357,0.0,0.0232011150139664,0.0027972775206741712,0.0,0.027361017205459456,15.251402815795654,0.0,0.18644067796610167,0.0746178074934821,0.968589019243394,0.03669501115063097,-1.0,0.2825894328292629,-1.0,0.2598514299263113,-0.6263909959969428,0.5880761292545907,Asset Management,Financial Services,ARCC
2012Q3,2012,Q3,2012-11-05,2012-09-30,136555000.0,190572000.0,91497000.0,0.59,134117000.0,0.7037602585899293,6301187000.0,3908726000.0,265440000.0,179811000.0,2392461000.0,0.0,-26769000.0,4009767200.0,6116954200.0,16.76658116211834,1.476216694195572,0.3511481249485216,0.5660795870572662,0.014727439343922262,16.76658116211834,0.03493593564757417,21.04069433075163,7.340938083556076,1.0258501619197662,0.7447548606788473,0.0,0.025363068459435752,0.03024382548875315,1.476216694195572,0.021671313674709227,-12.750265354468416,0.7037602585899293,0.43902439024390244,0.8412447160709047,0.22897190862436725,0.05581777668341133,0.000790979844938102,0.5017265649056438,0.008186966965643387,-0.04806833069428386,0.3807482474153008,0.4102341243343581,Asset Management,Financial Services,ARCC
2012Q2,2012,Q2,2012-08-07,2012-06-30,90932000.0,177555000.0,90754000.0,0.41,134011000.0,0.7547576807186506,5807478000.0,3446499000.0,202704000.0,166171000.0,2360979000.0,0.0,-9578000.0,3541172880.0,5634715880.0,15.53330659191087,1.2198518393702873,0.3779279060549175,0.6368224682496644,0.015598017439719492,15.53330659191087,0.026383875347127623,19.944089887640448,9.735772005454626,1.027469579999878,0.7963203272775261,0.0,0.020448309770179873,0.03057351228881108,1.2198518393702873,0.015657743344012667,-16.402900035666807,0.7547576807186506,-0.16326530612244902,-0.14391872461401772,0.183803365975948,-0.014456292548334132,0.10418898208724024,-0.1384691180232503,0.13751049722371933,0.1456860141983044,0.3152423025946557,0.3861247768748407,Asset Management,Financial Services,ARCC
2012Q1,2012,Q1,2012-03-31,2012-03-31,105547000.0,167738000.0,79783000.0,0.49,121366000.0,0.7235450524031526,5609138000.0,3433261000.0,317654000.0,157011000.0,2175877000.0,0.0,-15385000.0,3548669400.0000005,5351123400.0,15.818271871141336,2.0231321372387923,0.3599244661122618,0.5880316119281348,0.014262442881234834,15.818271871141336,0.03074249234182895,21.156025468289837,8.405424597572646,1.033614805282791,0.7793779074725004,0.0,0.023180801232146334,0.029904416685772393,2.0231321372387923,0.018816973303206305,-603.6178601803028,0.7235450524031526,-0.09259259259259267,0.09630484654415207,0.03482861118699427,0.016232117187410102,2.086788330318606,-0.10648042328042329,-0.1627875251846877,0.34853988103558436,0.340377081894043,0.41239838191446826,Asset Management,Financial Services,ARCC
2011Q4,2011,Q4,2012-02-28,2011-12-31,118125000.0,-63001000.0,95296000.0,0.54,-111674000.0,-1.7725750384914525,5387437000.0,3147265000.0,292931000.0,629570000.0,2240172000.0,0.0,-10449000.0,3353329800.0,5769149800.0,14.500585134811375,0.46528741839668347,0.47083650351734974,0.8059702630696811,0.01637282527786618,14.500585134811375,0.03753258781831209,-53.22661227599562,7.096994285714286,1.065474245098522,0.6251851851851852,0.0,0.02202288602809065,-0.011694057860908628,0.35009609733627717,0.02192601045729166,-18.81187617808096,1.7725750384914525,1.7,-0.26917536921479307,-1.8879633406777072,-0.02319112108230568,-1.8040521567582746,1.9066906173872389,-0.037812623055098395,1.7146703586693284,0.893957594610086,0.28669262767575715,Asset Management,Financial Services,ARCC
2011Q3,2011,Q3,2011-11-08,2011-09-30,40639000.0,167365000.0,99041000.0,0.2,138889000.0,0.829856899590715,5045506000.0,3103278000.0,290353000.0,142016000.0,1942228000.0,0.0,-36245000.0,2824640100.0,4521706100.0,15.128347876956077,2.0445090694006307,0.3567951361072606,0.5801001392720858,0.019864214770711573,15.128347876956077,0.013095507395728002,16.877125444388014,17.376412436329634,0.9102117502846989,1.7628878663352936,0.0,0.025363231230768127,0.033171103155957005,1.4672220031545742,0.008054494435245939,-32.19880421772585,0.829856899590715,0.11111111111111122,-0.4880358374929774,0.20161189513153502,-0.04064585471192537,0.6311672754178068,0.10064187633724236,1.1686227282680097,1.4649886373239238,0.27711533178357495,0.1794117217126358,Asset Management,Financial Services,ARCC
2011Q2,2011,Q2,2011-08-04,2011-06-30,36923000.0,144307000.0,45670000.0,0.18,85147000.0,0.5900406771674278,4911531000.0,3134281000.0,190076000.0,157108000.0,1777250000.0,0.0,-62960000.0,3290364640.0,4825617640.0,15.307694186137375,1.2098429106092625,0.3298649647126324,0.5169102578868966,0.009134037350031883,15.307694186137375,0.011780373233925102,22.801143672864104,22.278556996993746,1.0497988661514395,1.7761287002681256,0.0,0.01993092169869659,0.02938126624875217,1.2098429106092625,0.007517615179462371,-12.018279786690043,0.5900406771674278,-0.7049180327868853,-0.5885164606449566,-0.11952896182500829,0.010544897229215559,-0.03264030902067712,-0.7016708950761922,-0.08421896932023261,3.9671107271889228,0.0008756258698314123,0.03843863154757977,Asset Management,Financial Services,ARCC
2011Q1,2011,Q1,2011-05-03,2011-03-31,123766000.0,135691000.0,49870000.0,0.61,88020000.0,0.6486797208363119,4707043000.0,3163008000.0,356606000.0,115991000.0,1544035000.0,0.0,-35060000.0,3464902050.0,4646713050.0,15.47316051834712,3.0744281883939273,0.3033845239994621,0.45148289223422766,0.01068570039837718,15.47316051834712,0.03912920865201732,25.535238519872358,6.998897213289594,1.0954452375713244,0.5338946075658905,0.0,0.019070668967395486,0.028827227624646727,3.0744281883939273,0.026293789965377415,24.25603652859353,0.6486797208363119,-0.20779220779220783,0.6615112013918245,0.24887745739881803,0.02875502999629511,-0.7612239915362288,-0.21111875987965936,-0.270714515515779,0.7266145866050837,-0.058243836599038125,0.03613834200391854,Asset Management,Financial Services,ARCC
2010Q4,2010,Q4,2010-12-31,2010-12-31,156888000.0,421027000.0,68382000.0,0.77,368630000.0,0.8755495490788002,4562546000.0,3050533000.0,182176000.0,671812000.0,1512013000.0,0.0,-11336000.0,3368825120.0,5184889120.0,14.922942583615026,0.27117110143909307,0.4201198190659338,0.6283544547788862,0.013338480435055578,14.922942583615026,0.05142970097356757,8.001446748070789,5.3682007546784964,1.1043398383167795,0.41836214369486513,0.0,0.01948335032600327,0.09227896003678648,0.27117110143909307,0.034386064272009534,527.9462654756308,0.8755495490788002,0.14925373134328354,0.837963765635032,4.254606836410739,-0.004755884931150965,2.514611240882872,0.2220880687350538,-0.0376322900247692,0.17092660108255123,55.305082932176404,-0.035471454287488303,Asset Management,Financial Services,ARCC
2010Q3,2010,Q3,2010-11-04,2010-09-30,128377000.0,138126000.0,71056000.0,0.67,104885000.0,0.7593429187842984,4432181000.0,2778476000.0,282391000.0,129562000.0,1653705000.0,0.0,-25264000.0,3007413550.0,4397194550.0,14.458653150645011,2.1795819761967246,0.34388103734933206,0.5485535955682179,0.016535716793562194,14.458653150645011,0.04620410613588168,21.772972141378162,5.856605057759568,1.0823968067386582,0.4769468051130654,0.0,0.020359354967992346,0.03116434098697684,1.7176795665395719,0.028964746701454658,-13.84960280545987,0.7593429187842984,-0.6127167630057804,0.5767348119171579,0.4442084985477952,-0.04498827096222277,0.10480855322062464,-0.6111602464304536,0.4146972743743405,1.0999213611130965,0.0806130334454697,-0.0895160512602736,Asset Management,Financial Services,ARCC
2010Q2,2010,Q2,2010-08-05,2010-06-30,330154000.0,121590000.0,50227000.0,1.73,94935000.0,0.7807796693807056,4073702000.0,2711273000.0,279682000.0,117491000.0,1362429000.0,0.0,171804000.0,2393793850.0,3499953850.0,14.191802978355884,2.3804546731238987,0.3056036008524924,0.45917102409089755,0.01266940863886631,14.191802978355884,0.12177084343775046,19.687423719055843,1.8126342933903572,0.8829040270013385,0.18286011982287054,0.0,0.025220216853677688,0.029847544076616307,1.8509332629733342,0.08104520163723317,-5.838279510361765,0.7807796693807056,1.836065573770492,4.265750504474443,0.5354644833450363,-0.05242429458800277,0.9021238228811861,3.3205391611594584,0.5923342738483974,2.6098851493066717,-0.058494006741126627,-0.09957084539899957,Asset Management,Financial Services,ARCC
2010Q1,2010,Q1,2010-05-10,2010-03-31,76415000.0,66510000.0,31543000.0,0.61,49910000.0,0.7504134716583972,2379347000.0,1568982000.0,129256000.0,39007000.0,810365000.0,0.0,-35996000.0,1845742080.0,2533287080.0,12.597812821171635,3.313661650472992,0.32418894763983563,0.49162960441866127,0.013506590200975799,12.597812821171635,0.04870355427914406,27.751346865133062,6.038546358699208,1.1763946813921382,0.5565399463456128,0.0,0.0230411390956639,0.027953047621889535,3.313661650472992,0.03211595450348352,-51.69132326994707,0.7504134716583972,0.08928571428571416,-0.1143236949955481,0.13995905178179607,-0.5534653934890262,6.643185298621746,0.09744363061898607,-0.17781832399322298,0.3832129061443968,-0.28492945383139373,-0.19066367682386878,Asset Management,Financial Services,ARCC
2009Q4,2009,Q4,2010-02-25,2009-12-31,69630000.0,24005000.0,38365000.0,0.56,6530000.0,0.27202666111226825,2313515000.0,1257888000.0,127246000.0,560306000.0,1055627000.0,0.0,3143000.0,1550573123.6999998,2894955123.7,10.09994650405793,0.22710090557659565,0.6239894705675131,1.1476451003586965,0.014204938869848653,10.09994650405793,0.055354689765702514,64.59375645490522,5.567187719732874,1.2326797963729679,0.4950308774953325,0.0,0.02222984487035966,0.010375986323840562,0.22710090557659565,0.030097060101188018,-12.129393314089926,0.27202666111226825,-0.09677419354838701,0.8252298234540395,-0.5137617585783024,-0.29931621128098107,-0.8553581712665574,0.10041721979897592,0.15002997601918466,-0.24925468004284906,-0.41037730997240196,-0.31963315066003734,Asset Management,Financial Services,ARCC
2009Q3,2009,Q3,2009-11-05,2009-09-30,63276000.0,60881000.0,33360000.0,0.62,45146000.0,0.7415449811928188,2065081000.0,1222591000.0,97357000.0,74619000.0,842490000.0,0.0,-4833000.0,1133207637.18,1839609637.18,11.889218160872614,1.304721317626878,0.37183577787021427,0.628068585487706,0.016681189248673328,11.889218160872614,0.051755656634148293,18.613485934528015,4.477241122937607,0.9268902169081892,0.6077343700613187,0.0,0.03393464598923433,0.029481168051035286,1.1073319127836074,0.03064092885460667,18.842200744571183,0.7415449811928188,0.7222222222222223,0.45231680635349975,0.18956218621939924,-0.214702595433948,0.03479416888236912,0.8207349005841222,0.04165365640417161,0.5901454387744134,-0.12806796077592014,-0.24605311699360805,Asset Management,Financial Services,ARCC
2009Q2,2009,Q2,2009-08-06,2009-06-30,34753000.0,59111000.0,32026000.0,0.36,43628000.0,0.7380690565207829,2047055000.0,1088722000.0,73369000.0,79078000.0,958333000.0,0.0,0.0,783051729.2,1616009729.2,11.206283049735458,0.9278054579023243,0.4295219229576147,0.8076028591320833,0.016237121406093735,11.206283049735458,0.031920912776631685,13.247140620189137,5.632979377319944,0.7192393735039799,1.008315828849308,0.0,0.04475055566993057,0.028876117153667096,0.9278054579023243,0.01697707193993322,12.950924188346592,0.7380690565207829,0.0,0.08997435456838676,0.46787977982571016,-0.2517651504819743,0.06492872485842609,-0.008020779813895073,0.05937613707783401,-0.18375501070699013,-0.23990351392221448,-0.2602117591902362,Asset Management,Financial Services,ARCC
2009Q1,2009,Q1,2009-05-07,2009-03-31,35034000.0,56016000.0,30231000.0,0.36,40968000.0,0.7313624678663239,2044929000.0,1088071000.0,65580000.0,54239000.0,956858000.0,0.0,0.0,470219648.8,1324822648.8,11.199582266371682,1.20909308799941,0.4413938087826032,0.8295589166515788,0.015172766028944733,11.199582266371682,0.03219826647341947,8.394381048271923,3.355452195010561,0.4321589756550813,2.329394302677399,0.0,0.1735529346939532,0.027392638081811152,1.20909308799941,0.01713213514992452,24.12867655993432,0.7313624678663239,1.3165169072781304,-0.47946068902810673,0.23078386944493828,-0.6030262450004833,1.128741527061552,1.4735284179225518,-0.07516519823788546,-0.010405000181607308,0.08479262795964353,-0.2553798833324621,Asset Management,Financial Services,ARCC
2008Q4,2008,Q4,2009-03-02,2008-12-31,-73985000.0,-265935000.0,32688000.0,-1.13738,-318219000.0,-1.0521375433956026,2091333000.0,1094879000.0,106933000.0,201968000.0,996454000.0,0.0,-7637000.0,614977350.6,1548680350.6,11.269657432486262,0.5294551612136577,0.4892028194457793,0.9344283706236032,0.015624521957389293,11.269657432486262,-0.06757367709125849,-2.31251001410119,-2.0780474102858686,0.5616852187319329,-1.351625329458674e-05,0.0,1.6260761457708228e-06,-0.1271605239337781,0.5294551612136577,-0.03537695814105166,30.940699869188972,1.19660443341418,-1.6450697674418608,-3.4861786277112947,-7.905424642050815,-0.21816751562126555,-7.933026863330356,-0.7873795086125673,-0.0004281083725766008,-2.823714054538066,-7.983475700352958,-0.24840156854595227,Asset Management,Financial Services,ARCC
2008Q3,2008,Q3,2008-11-06,2008-09-30,-41393000.0,62067000.0,32702000.0,-0.43,45899000.0,0.7395073066202652,2184510000.0,1246182000.0,78581000.0,36176000.0,938328000.0,0.0,0.0,1013303912.6,1854046912.6,12.827028592685215,2.17218597965502,0.4129768231777378,0.7239327802840998,0.01527695414213991,12.827028592685215,-0.03321585450600314,16.32596891423784,-6.120019765419273,0.8131267444081202,-0.9857705409127148,0.0,0.04026827439687121,0.028412321298597856,2.17218597965502,-0.01894841406081913,-37.752092418315264,0.7395073066202652,-11.749999999999998,-2.0055918301236684,0.2836263230552823,-0.15275906911351325,-0.018623048963010477,-13.650672371638143,-0.0966048785878063,-2.0055918301236684,0.2836263230552823,-0.15275906911351325,Asset Management,Financial Services,ARCC
2008Q2,2008,Q2,2008-08-07,2008-06-30,3272000.0,63464000.0,36199000.0,0.04,46770000.0,0.7369532333291314,2201056000.0,1328548000.0,102222000.0,24774000.0,872508000.0,0.0,0.0,908466340.32,1679153340.3200002,14.741067715599522,4.12618067328651,0.3851487649564573,0.6380906071892021,0.015960273131866556,14.741067715599522,0.0024628391296362645,14.314671945039708,69.41215925427873,0.6838039275359264,12.47096577017115,0.0,0.044916358690435094,0.028833432679586525,4.12618067328651,0.0014865591788668711,-6.094635316785188,0.7369532333291314,-0.6666666666666666,-0.8893772687712089,0.6988566136719715,-0.015750313019533193,0.0,-0.8740230239094444,0.4112120385170169,-0.8893772687712089,0.6988566136719715,-0.015750313019533193,Asset Management,Financial Services,ARCC
2008Q1,2008,Q1,2008-05-08,2008-03-31,25973000.0,52207000.0,25651000.0,0.12,0.0,0.0,1996362000.0,1106111000.0,0.0,0.0,890251000.0,0.0,4120000.0,931049353.77,1771638353.77,14.933488986057233,0.0,0.43361023702114143,0.7826004804219469,0.01317253572200183,14.933488986057233,0.02348136850641572,17.83380301051583,8.961704017344935,0.8417322979068105,1.0628729834828476,0.0,0.02965041529562094,0.026151068794136534,0.0,0.01301016549102818,-6.086005894615052,0.0,-0.14285714285714296,-0.4938212504805502,0.5045839544769387,-0.47067640050831827,0.0,-0.4548149185543068,-0.028004578393622866,-0.4938212504805502,0.5045839544769387,-0.47067640050831827,Asset Management,Financial Services,ARCC
2007Q4,2007,Q4,2007-12-31,2007-12-31,47640702.0,2658768.0,26390042.0,0.14,0.0,0.0,1829404737.0,1124549923.0,0.0,0.0,704854814.0,0.0,7004815.0,1063368236.7,2405254288.7,15.471747985012952,0.0,0.7450664297694994,1.2120654033427025,0.010736826881195212,15.471747985012952,0.04236423926196827,399.94773395046127,5.580145716051791,0.9455945129258615,0.6407824133238003,0.0,0.02870813980182148,0.0014533514351559263,0.0,0.02604164132543186,-7.030143129566916,0.0,-0.5625,1.1398476621062952,-0.9077191921168092,0.07335251646027352,0.0,1.07815900159803,0.10742705113921289,1.1398476621062952,-0.9077191921168092,0.07335251646027352,Asset Management,Financial Services,ARCC
2007Q3,2007,Q3,2007-11-08,2007-09-30,22924474.0,47931434.0,23830050.0,0.32,0.0,0.0,1690338507.0,1144325417.0,0.0,0.0,546013090.0,0.0,0.0,1186106892.22,1664899275.22,15.880184566304973,0.0,0.3120676703604197,0.4609702731089473,0.014301037510784535,15.880184566304973,0.020033177328263433,24.745908754159117,12.934941192325722,1.0365118825460817,1.1376294173641672,0.0,0.02198752588916138,0.028356115536330263,0.0,0.013562061033967796,-258.0194489584111,0.0,-0.3333333333333333,-0.24914578178233077,0.33647147854863757,0.04890561811626144,0.0,-0.3170600118871523,-0.04481220277708545,-0.24914578178233077,0.33647147854863757,0.04890561811626144,Asset Management,Financial Services,ARCC
2007Q2,2007,Q2,2007-08-09,2007-06-30,33567333.0,47398918.0,24948026.0,0.48,0.0,0.0,1704490354.0,1105140155.0,0.0,0.0,599350199.0,0.0,415395.0,1181487794.5,1671943999.5,15.761154451562131,0.0,0.32385046867798234,0.4994841581880626,0.015081085884374092,15.761154451562131,0.030373824395151038,24.926471834230476,8.799386851049501,1.0690841239951145,0.7042561885985997,0.0,0.020008672209774567,0.027808264146973283,0.0,0.01969347196434765,-9.965731653197931,0.0,0.09090909090909087,0.4587030574880766,0.6308600203704173,0.05236008915314216,0.0,0.4230183213434055,0.3162065224433343,0.4587030574880766,0.6308600203704173,0.05236008915314216,Asset Management,Financial Services,ARCC
2007Q1,2007,Q1,2007-05-10,2007-03-31,23588827.0,39715023.0,18954492.0,0.44,0.0,0.0,1512279713.0,827762389.0,0.0,0.0,684517324.0,0.0,3913272.0,966261103.59,2251927692.59,15.565609080453992,0.0,0.8860794656444617,1.6188220409709868,0.008739115548885925,15.565609080453992,0.028497099304665315,24.32986388022487,10.240665035929934,1.1673169938988375,0.832378608737094,0.0,0.020320423669181836,0.026261691311863813,0.0,0.015598190465178845,-4.03035969307052,0.0,0.12820512820512817,-0.35969632652343536,0.5941910317657042,-0.4482706463011459,0.0,-0.4043571760045666,0.0344646129669726,-0.35969632652343536,0.5941910317657042,-0.4482706463011459,Asset Management,Financial Services,ARCC
