Quarters,Year,Quarter,FillingDate,Date,NetIncome,Revenue,OperatingIncome,EPSDiluted,GrossProfit,GrossProfitRatio,TotalAssets,CommonStockEquity,CurrentAssets,CurrentLiability,TotalLiability,Inventory,RetainedEarnings,MarketCap,EnterpriseValue,bookValuePerShare,currentRatio,debtToAssets,debtToEquity,roic,shareholdersEquityPerShare,roe,priceToSalesRatio,peRatio,pbRatio,payoutRatio,inventoryTurnover,dividendYield,assetTurnover,quickRatio,returnOnAssets,priceToFreeCashFlowsRatio,grossProfitMargin,epsdilutedGrowth,fiveYNetIncomeGrowthPerShare,fiveYRevenueGrowthPerShare,fiveYShareholdersEquityGrowthPerShare,grossProfitGrowth,netIncomeGrowth,operatingIncomeGrowth,threeYNetIncomeGrowthPerShare,threeYRevenueGrowthPerShare,threeYShareholdersEquityGrowthPerShare,Industry,Sector,Symbol
2023Q1,2023,Q1,2023-05-04,2023-03-31,36814000.0,265953000.0,44206000.0,0.67,77154000.0,0.2901038905,867914000.0,609414000.0,384179000.0,137871000.0,258500000.0,199579000.0,492120000.0,5186509420.62,5267658420.62,11.361059024733468,2.786510578729392,0.09807768972501883,0.13968008611551425,0.053711114215095286,11.361059024733468,0.060408851782203885,19.501601488308083,35.22103969019938,8.510650265041498,0.1754495572336611,0.9459863011639501,0.0012453462389022106,0.3064278257984086,1.2953775630843325,0.04241664496712808,-215.10075566605838,0.29010389053704977,-0.05633802816901398,7.447378929864212,1.623787727879006,1.4861323374932296,-0.01765956634114666,-0.0535760193326135,-0.05133267522211254,0.6353520027303183,0.8778685919224517,0.9312661354368369,Building Products & Equipment,Industrials,AAON
2022Q4,2022,Q4,2023-02-27,2022-12-31,38898000.0,254598000.0,46598000.0,0.71,78541000.0,0.3084902474,813903000.0,560714000.0,349116000.0,145567000.0,253189000.0,198939000.0,461765000.0,4015837268.5199995,4082644268.5199995,10.51660604155023,2.3983183001641857,0.08877962115878674,0.1288678363657765,0.06244232759815197,10.51660604155023,0.06937226464828772,15.773247505950556,25.810049800246798,7.162006421312825,0.3296056352511697,0.8849798179341406,0.0031926094467281695,0.31281123180526427,1.0150652276958376,0.04779193589408075,734.6939752140504,0.30849024737036423,0.3921568627450979,1.4268318810129346,1.4049061304176822,1.325536855464042,0.19743562378984922,0.4158628471590289,0.7017748886129574,1.3722508169918433,1.0294557302143177,0.888238056470231,Building Products & Equipment,Industrials,AAON
2022Q3,2022,Q3,2022-11-07,2022-09-30,27473000.0,242605000.0,27382000.0,0.51,65591000.0,0.2703612869,785843000.0,523858000.0,336064000.0,142184000.0,261985000.0,176888000.0,435696000.0,2865625257.1200004,2931178257.1200004,9.849672063669294,2.363585213526135,0.09774598743005919,0.1466294301127405,0.03488527854227772,9.849672063669294,0.0524436011285501,11.811896939964141,26.076741319841304,5.470232882040553,0.0,1.0007123151372619,0.0,0.308719426144917,1.0995892646148653,0.03495990929485915,93.54089300212176,0.27036128686548094,0.7000000000000001,0.8450367959476751,1.1095011389368186,1.2482347160889262,0.38447737250928743,0.7228772105857268,0.3387767075734611,0.9467914113777429,1.094330338862249,0.835984340656325,Building Products & Equipment,Industrials,AAON
2022Q2,2022,Q2,2022-08-08,2022-06-30,15946000.0,208814000.0,20453000.0,0.3,47376000.0,0.2268813394,776712000.0,490506000.0,327412000.0,136169000.0,286206000.0,164001000.0,408215000.0,2907497861.3599997,3002015861.3599997,9.23822126129992,2.404453289662111,0.14441002585256826,0.2286720243992938,0.026631362106425017,9.23822126129992,0.03250928632881147,13.923864594136408,45.58349839081901,5.927548004224209,0.0,0.9843720465119115,0.0,0.2688435353129603,1.161563938928831,0.02053013214679315,-97.00389888766556,0.2268813393737968,-0.09090909090909098,0.1455608667366395,1.0421862390467582,1.2322805496850793,0.028482111844390413,-0.11700537128301677,-0.11112559756627553,0.2077136034842666,0.716213980278716,0.8199358387987062,Building Products & Equipment,Industrials,AAON
2022Q1,2022,Q1,2022-05-05,2022-03-31,18059000.0,182771000.0,23010000.0,0.33,46064000.0,0.2520312303,717458000.0,480156000.0,283696000.0,114226000.0,237302000.0,146091000.0,402370000.0,2932135419.3599997,3008505419.3599997,9.12614530124285,2.483637700698615,0.11429658600224682,0.1707840785078183,0.03141196780699086,9.12614530124285,0.03761069319137947,16.0426731776923,40.59105458995514,6.106630801989353,0.0,0.9357660636178821,0.0,0.2547480131241132,1.150893842032462,0.025170811392443877,-140.73799651339155,0.25203123033741676,2.0000000000000004,0.7678569580834244,1.1236939893427564,1.2674800492661236,0.7351866500922891,1.9193339799547364,3.2088897018474483,0.6369307842625006,0.5868061368492298,0.8293862645025003,Building Products & Equipment,Industrials,AAON
2021Q4,2021,Q4,2022-02-28,2021-12-31,6186000.0,136282000.0,5467000.0,0.11,26547000.0,0.194794617,650180000.0,466170000.0,218080000.0,86768000.0,184010000.0,130270000.0,384306000.0,4167509093.28,4206230093.28,8.884895574602703,2.513368983957219,0.06395152111722907,0.08919492888860286,0.012420262591402454,8.884895574602703,0.013269837183859965,30.58004060169355,168.42503610087294,8.939891226977284,1.6138053669576462,0.8423658555308206,0.0023954356850948034,0.2096065704881725,0.9809030979162825,0.009514288350918207,-158.78644720262136,0.1947946170440704,-0.6206896551724138,-0.4539394352191893,0.49871048107497995,1.2823865295414314,-0.2629723201643577,-0.6029779860086002,-0.728509708496797,-0.5101286904462606,0.20430128958871555,0.8698292335240277,Building Products & Equipment,Industrials,AAON
2021Q3,2021,Q3,2021-11-04,2021-09-30,15581000.0,138571000.0,20137000.0,0.29,36019000.0,0.25993173174762396,516403000.0,400279000.0,270615000.0,74206000.0,116124000.0,104553000.0,388103000.0,3425169256.7400002,3323356256.7400002,7.635894141153484,3.646807535778778,0.0,0.0,0.03898148817706512,7.635894141153484,0.03892534956867585,24.717792732534225,54.957468338681736,8.556954665970487,0.0,0.9808613813090011,0.0,0.26833887487098257,2.1911974772929415,0.030172171734091396,1481.474592015571,0.25993173174762396,-0.23684210526315796,0.0024898095497248654,0.33708691281652137,0.9722857608835949,-0.14458403590851876,-0.2441911229687121,-0.20129303506266857,0.10237340660782579,0.222718140443549,0.5979309948656286,Building Products & Equipment,Industrials,AAON
2021Q2,2021,Q2,2021-08-05,2021-06-30,20615000.0,143876000.0,25212000.0,0.38,42107000.0,0.2926617364953154,504184000.0,383726000.0,259140000.0,78511000.0,120458000.0,87399000.0,372518000.0,3281770328.98,3170343328.98,7.318431191821031,3.3006839805887074,0.0,0.0,0.0536487529043977,7.318431191821031,0.05372322959611806,22.80971342670077,39.79833045088528,8.552379377420348,0.0,1.1644183571894415,0.0,0.2853640734335084,2.141215880577244,0.04088785046728972,189.46771716298136,0.2926617364953154,0.2666666666666667,0.45402377013761475,0.42232771037942646,0.9906268337673908,0.26992791868986943,0.2588544211040547,0.36568983262011806,0.761675010280926,0.31165454763042316,0.6078357941100777,Building Products & Equipment,Industrials,AAON
2021Q1,2021,Q1,2021-05-06,2021-03-31,16376000.0,115788000.0,18461000.0,0.3,33157000.0,0.2863595536670467,483384000.0,373038000.0,245407000.0,66679000.0,110346000.0,84040000.0,361871000.0,3661065414.6400003,3564018414.6400003,7.133549232844854,3.6804241215375155,0.0,0.0,0.043851505785627506,7.133549232844854,0.04389901296918813,31.618694637095384,55.89071529433317,9.814188942252533,0.0,0.9832341742027606,0.0,0.23953626930142496,2.3547293750656126,0.033877827979411815,294.4398757149751,0.2863595536670467,-0.14285714285714282,0.5376991014565256,0.3753787534287494,1.006220753643061,-0.022580550069274532,-0.1331780647893288,-0.28217590792441094,2.8544551572929215,0.17174620329365636,0.5610294243050705,Building Products & Equipment,Industrials,AAON
2020Q4,2020,Q4,2021-02-25,2020-12-31,18892000.0,116700000.0,25718000.0,0.35,33923000.0,0.29068551842330764,449008000.0,350865000.0,220251000.0,59033000.0,98143000.0,82219000.0,345495000.0,3480806436.27,3401781436.27,6.716298472216051,3.7309809767418223,0.0,0.0,0.05378342409108819,6.716298472216051,0.05384407108147008,29.826961750385603,46.06191028305632,9.920643085716728,0.5242959983061614,1.0067867524538123,0.0028456049428057556,0.25990628229341123,2.2196059830942017,0.042074974165271,268.3322877173913,0.29068551842330764,-0.0789473684210527,0.4992903412439374,0.23334771628450066,1.0150995691072866,-0.16953094398746574,-0.07663734115347019,-0.015804982587731047,0.20294588515843565,0.12504458109462652,0.4851749288435743,Building Products & Equipment,Industrials,AAON
2020Q3,2020,Q3,2020-11-05,2020-09-30,20460000.0,134772000.0,26131000.0,0.38,40848000.0,0.30308966254118064,439913000.0,344892000.0,225531000.0,61506000.0,95021000.0,78819000.0,336508000.0,3148698197.75,3078095197.75,6.599471176643354,3.666812993854258,0.0,0.0,0.05926621741742845,6.599471176643354,0.05932291847882815,23.36314811496453,38.473829395772235,9.129519379254955,0.0,1.1916416092566513,0.0,0.30636057584113224,2.2232139953825643,0.04650919613650881,167.5909196162444,0.30308966254118064,0.11764705882352934,0.6016290365456664,0.48155131868993317,0.8034740446764292,0.07125435996957856,0.14917995955964952,0.17749639509733237,0.3983709715649162,0.1926074422670555,0.5063608322438444,Building Products & Equipment,Industrials,AAON
2020Q2,2020,Q2,2020-08-06,2020-06-30,17804000.0,125596000.0,22192000.0,0.34,38131000.0,0.3036004331348132,429807000.0,322695000.0,219775000.0,76620000.0,107112000.0,85411000.0,316035000.0,2828492387.2599998,2767208387.2599998,6.193798374324425,2.86837640302793,0.0,0.0,0.055046337837836586,6.193798374324425,0.05517284122778475,22.52056106293194,39.717091485902046,8.7652191303243,0.0,1.0240484246759785,0.0,0.29221487784051914,1.6034977812581572,0.041423243455783645,209.02249388560446,0.3036004331348132,-0.17073170731707307,0.66438400403839,0.44756949662316947,0.7913752110419942,-0.11213821687195846,-0.1852834851050199,-0.20158301852851232,0.30348124627806294,0.2517924643427219,0.4966404515115461,Building Products & Equipment,Industrials,AAON
2020Q1,2020,Q1,2020-05-07,2020-03-31,21853000.0,137483000.0,27795000.0,0.41,42947000.0,0.31238043976346164,395620000.0,306323000.0,196966000.0,64185000.0,89297000.0,72855000.0,306115000.0,2516111260.48,2480434260.48,5.882699860091363,3.0687232219365894,0.0,0.0,0.07125257052411914,5.882699860091363,0.07133972963179389,18.301253685764785,28.784506251773212,8.213915574344728,0.0,1.2975911056207536,0.0,0.34751276477427834,1.6452130560099711,0.05523734897123502,160.05796822391858,0.31238043976346164,0.36666666666666664,1.7023932394964543,0.860089474428073,0.7469667600940896,0.19059104014193834,0.36402222083515384,0.29701353243117123,1.1615065468131953,0.6140824500351635,0.4616143101251318,Building Products & Equipment,Industrials,AAON
2019Q4,2019,Q4,2020-02-27,2019-12-31,16021000.0,122574000.0,21430000.0,0.3,36072000.0,0.2942875324293896,371424000.0,290140000.0,187549000.0,56028000.0,81284000.0,73601000.0,286301000.0,2573970716.25,2547173716.25,5.569533992556742,3.347415577925323,0.0,0.0,0.055251687661066994,5.569533992556742,0.05521817053836079,20.999320543100495,40.16557512405593,8.871478307885848,0.5206915922851257,1.1752829445252102,0.0032409071118545602,0.33001098475058155,1.695527236381809,0.043133992418368225,122.52919104346171,0.2942875324293896,0.15384615384615377,0.6003065930827426,0.5220785372385562,0.7537867348392564,0.3172174548110279,0.1586750560497577,0.4897462634688912,0.4243731040795948,0.3576282010041822,0.4307235525391121,Building Products & Equipment,Industrials,AAON
2019Q3,2019,Q3,2019-10-31,2019-09-30,13827000.0,113500000.0,14385000.0,0.26,27385000.0,0.24127753303964758,352152000.0,279567000.0,170536000.0,53882000.0,72585000.0,80623000.0,276678000.0,2393999737.3599997,2365626737.3599997,5.364790889310226,3.1649901636910287,0.0,0.0,0.04945175163040443,5.364790889310226,0.04945862709118029,21.092508699207045,43.284872665075575,8.563241503324784,0.0,1.0681195192438881,0.0,0.3223040050887117,1.6397683827623326,0.03926429496353847,115.85364582655825,0.24127753303964758,0.040000000000000036,0.17108562172060324,0.1619563394452992,0.6451656241090356,-0.09246064623032312,0.06681583211171978,-0.138003355704698,-0.105083734818171,0.10167361453086664,0.38567933047671044,Building Products & Equipment,Industrials,AAON
2019Q2,2019,Q2,2019-08-01,2019-06-30,12961000.0,119437000.0,16688000.0,0.25,30175000.0,0.2526436531393119,342251000.0,264569000.0,168630000.0,58953000.0,77682000.0,77044000.0,262774000.0,2591941126.56,2578258126.56,5.076124698658518,2.860414228283548,0.0,0.0,0.04884860644991301,5.076124698658518,0.048989110591187934,21.70132477004613,49.99500668466939,9.796843645929796,0.0,1.1585847048439852,0.0,0.3489748751647183,1.524773972486557,0.03786986743647206,200.1962714574805,0.2526436531393119,0.19047619047619052,0.20374497056070462,0.3654604232513575,0.5713034421742982,0.16989105571279028,0.18886442854522106,0.15026192445547285,-0.0803485986556091,0.1878094099304669,0.38071531614478843,Building Products & Equipment,Industrials,AAON
2019Q1,2019,Q1,2019-05-02,2019-03-31,10902000.0,113822000.0,14508000.0,0.21,25793000.0,0.22660821282353147,319525000.0,259370000.0,146798000.0,44000000.0,60155000.0,74577000.0,258193000.0,2416075210.5,2408932210.5,4.988637707807813,3.3363181818181817,0.0,0.0,0.04208192772310144,4.988637707807813,0.04203261749624089,21.2267857751577,55.404403102641716,9.315168332883525,0.0,1.1803773281306569,0.0,0.35622251779985914,1.6048636363636364,0.034119395978405444,393.4335141670738,0.22660821282353147,-0.125,-0.21662432042665328,0.05192389124018732,0.06393790215681039,-0.07202734304731066,-0.1303446075303127,-0.12274761156125287,0.029625625492775132,0.3598612715337845,0.40299143878188065,Building Products & Equipment,Industrials,AAON
2018Q4,2018,Q4,2019-02-28,2018-12-31,12536000.0,112340000.0,16538000.0,0.24,27795000.0,0.24741855082784406,308197000.0,247499000.0,140861000.0,48071000.0,60698000.0,77612000.0,247291000.0,1826143819.8200002,1824149819.8200002,4.751714977660034,2.9302698092404986,0.0,0.0,0.05075198043113645,4.751714977660034,0.05065070969983717,16.255508454869148,36.417992577776005,7.37838867963103,0.6643267389917039,1.0893289697469464,0.004560429419420469,0.36450711720101103,1.2939818185600467,0.04067528236809573,236.42462711289488,0.24741855082784406,-0.1111111111111112,0.13880609728509924,0.08011145752534964,0.0639890908351514,-0.15163446570826847,-0.10997515086971955,-0.15497419651525216,-0.002176371795897087,0.19079250220271607,0.4256630856436658,Building Products & Equipment,Industrials,AAON
2018Q3,2018,Q3,2018-11-01,2018-09-30,14085000.0,112937000.0,19571000.0,0.27,32763000.0,0.29009979014848986,314024000.0,249629000.0,144696000.0,53716000.0,64395000.0,79182000.0,249420000.0,1907760829.92,1900495829.92,4.778613197746748,2.6937225407699756,0.0,0.0,0.056305775801066466,4.778613197746748,0.05642373281950414,16.892257009837344,33.86156957614484,7.642384618453786,0.0,1.0125280998206663,0.0,0.35964448577178815,1.1952490877950703,0.04485325962346827,-4174.5313564989065,0.29009979014848986,0.22727272727272735,-0.058476264369101,-0.11434425876577863,0.08427748613385792,0.18771071234366504,0.20477290223248654,0.349444942425705,0.10304690706890073,0.24203575669294494,0.3058780985642343,Building Products & Equipment,Industrials,AAON
2018Q2,2018,Q2,2018-08-02,2018-06-30,11691000.0,109588000.0,14503000.0,0.22,27585000.0,0.25171551629740485,320271000.0,238437000.0,154665000.0,71673000.0,81834000.0,70467000.0,238228000.0,1741762746.5,1725908746.5,4.551727992765403,2.157925578669792,0.0,0.0,0.04876618306718389,4.551727992765403,0.04903181972596535,15.893736052304996,37.24580332093063,7.304918055922529,0.0,1.1637078348730612,0.0,0.34217272247565345,1.1544793715904176,0.03650346113135439,216.9609798829098,0.25171551629740485,1.7500000000000002,0.015432261492044767,0.2642677125414518,0.645557016392233,0.7923976608187134,1.7443661971830986,1.8008883738895327,0.08698971006161149,0.256216347362531,0.3164543307458308,Building Products & Equipment,Industrials,AAON
2018Q1,2018,Q1,2018-05-03,2018-03-31,4260000.0,99082000.0,5178000.0,0.08,15390000.0,0.15532589168567448,306945000.0,239611000.0,154687000.0,57292000.0,67334000.0,68680000.0,239401000.0,2044922178.0,2036749178.0,4.5697724346358966,2.699975563778538,0.0,0.0,0.01756845645586942,4.5697724346358966,0.017778816498407835,20.638684907450394,120.00717007042253,8.534341820701053,0.0,1.218578916715201,0.0,0.3228005017185489,1.4797353906304545,0.013878707911840883,891.8108059310946,0.15532589168567448,-0.7333333333333333,-0.37255821480479834,0.5590708748555322,0.7376122923683688,-0.5047465808527756,-0.729866835764109,-0.7017624697615482,-0.476836041916917,0.33128284924850304,0.3570708576621425,Building Products & Equipment,Industrials,AAON
2017Q4,2017,Q4,2018-02-27,2017-12-31,15770000.0,104160000.0,17362000.0,0.3,31075000.0,0.2983390937019969,296780000.0,237226000.0,153727000.0,50065000.0,59554000.0,70786000.0,237016000.0,1925200526.0000002,1903743526.0000002,4.522227208242514,3.070548287226605,0.0,0.0,0.06614145248119399,4.522227208242514,0.0664766931112104,18.483107968509987,30.519982974001273,8.115470167688198,0.4334178820545339,1.0324781736501567,0.003550279520337093,0.35096704629692027,1.6463197842804353,0.05313700384122919,2259.625030516432,0.2983390937019969,0.07142857142857129,1.189065311800585,0.4045702147413484,0.8064961352205958,-0.12852655785517977,0.07154990826934837,-0.23261878453038673,0.5643146328263254,0.2844538795776288,0.4240010206139492,Building Products & Equipment,Industrials,AAON
2017Q3,2017,Q3,2017-11-02,2017-09-30,14717000.0,113668000.0,22625000.0,0.28,35658000.0,0.31370306506668544,303138000.0,230298000.0,164141000.0,60615000.0,72840000.0,66117000.0,230088000.0,1812234190.025,1788719190.025,4.381069286575193,2.7079270807555886,0.0,0.0,0.06355303720673806,4.381069286575193,0.06390415895926148,15.943222279137489,30.784707991183666,7.869083491932193,0.0,1.1798780948923877,0.0,0.3749711352585291,1.6046688113503258,0.048548845740223924,-1221.18206875,0.31370306506668544,0.07692307692307698,1.5728839249578352,0.5539787138587676,0.765455056381626,0.1256392449018246,0.06691315064520806,0.15087237397629585,0.23567152447093592,0.15359995271682944,0.3434977682867551,Building Products & Equipment,Industrials,AAON
2017Q2,2017,Q2,2017-08-03,2017-06-30,13794000.0,101326000.0,19659000.0,0.26,31678000.0,0.3126344669680043,285011000.0,217747000.0,159716000.0,55250000.0,67264000.0,63075000.0,217537000.0,1938876237.1000001,1905324237.1000001,4.138467838463767,2.890787330316742,0.0,0.0,0.06301219652964839,4.138467838463767,0.06334874877725066,19.13503184868642,35.13984770733652,8.904261537931637,0.0,1.1042092746730083,0.0,0.355516102887257,1.7330859728506787,0.048398132001922736,151.26199384459355,0.3126344669680043,0.368421052631579,0.5577730584023368,0.27661716508286815,0.7320931314913776,0.26782998479148323,0.35010276989331507,0.3598256899771737,0.26905450271997616,0.14750663925496033,0.2810537853067825,Building Products & Equipment,Industrials,AAON
2017Q1,2017,Q1,2017-05-04,2017-03-31,10217000.0,86078000.0,14457000.0,0.19,24986000.0,0.29027161411742836,265283000.0,211795000.0,146210000.0,41122000.0,53488000.0,55988000.0,211585000.0,1860206753.65,1828583753.65,4.024796294986831,3.555517727736978,0.0,0.0,0.04800428882065641,4.024796294986831,0.048240043438230365,21.61071067694417,45.517440384897725,8.783053205458108,0.0,1.0911623919411302,0.0,0.3244761254961682,2.1714167598852194,0.03851358737649981,454.26294350427355,0.29027161411742836,-0.09523809523809519,1.3518447107868996,0.39310056812962696,0.7653078589678162,-0.05748774047529234,-0.1053415061295972,-0.19135250027967335,-0.27464054166103224,-0.2140113902969434,-0.14162270793993673,Building Products & Equipment,Industrials,AAON
2016Q4,2016,Q4,2017-02-23,2016-12-31,11420000.0,91668000.0,17878000.0,0.21,26510000.0,0.28919579351573066,256530000.0,205898000.0,140981000.0,39042000.0,50632000.0,47352000.0,205687000.0,1748076600.9499998,1723923600.9499998,3.8928093290087125,3.611008657343374,0.0,0.0,0.055281917769209675,3.8928093290087125,0.05546435613750498,19.069649179102846,38.267876553196146,8.49001253509019,0.6003502626970227,1.3760348031762122,0.003922024925151493,0.35733832300315754,2.38238307463757,0.04451721046271391,125.40903945404978,0.28919579351573066,-0.27586206896551724,12.770907502907004,0.5185510994759893,0.7652916659844291,-0.1989000362625408,-0.2717765591123581,-0.21214524942711088,0.02162373587399351,-0.13206744222919184,-0.12833436385819502,Building Products & Equipment,Industrials,AAON
2016Q3,2016,Q3,2016-11-03,2016-09-30,15682000.0,104568000.0,22692000.0,0.29,33092000.0,0.31646392777905286,257277000.0,204776000.0,141364000.0,43338000.0,52501000.0,43401000.0,204565000.0,1524343952.78,1509781952.78,3.871596242591419,3.261894872859846,0.0,0.0,0.07634572962972397,3.871596242591419,0.07658123998906122,14.57753760978502,24.300853730072696,7.443958045767083,0.0,1.6468744959793553,0.0,0.406441306451801,2.241520143984494,0.06095375801179274,142.0240336140874,0.31646392777905286,0.07407407407407393,1.9249037404787293,0.48621510812525764,0.7152521286221062,0.010535316212172107,0.09350812356181577,0.02225425714028291,0.035332945993480754,-0.1900995136404722,-0.12152658783478519,Building Products & Equipment,Industrials,AAON
2016Q2,2016,Q2,2016-08-04,2016-06-30,14341000.0,102319000.0,22198000.0,0.27,32747000.0,0.32004808491091585,257527000.0,194984000.0,144729000.0,53251000.0,62543000.0,40125000.0,194772000.0,1459020607.5900002,1446811607.5900002,3.676445563616976,2.717864453249704,0.0,0.0,0.07329537896873337,3.676445563616976,0.0735496245845813,14.259527630156668,25.434429391081515,7.482770932948345,0.0,1.7338816199376947,0.0,0.397313679730669,1.9440198306135097,0.05568736481999945,308.3958164426126,0.32004808491091585,0.35000000000000003,2.916820065266848,0.5531070940690682,0.7032762268767175,0.2726672107574521,0.327133074218027,0.3192677998335909,0.23028362839919514,0.16589340309972375,0.3291217757760729,Building Products & Equipment,Industrials,AAON
2016Q1,2016,Q1,2016-05-05,2016-03-31,10806000.0,85422000.0,16826000.0,0.2,25731000.0,0.30122216759148696,236669000.0,188670000.0,130191000.0,38039000.0,47999000.0,42479000.0,188458000.0,1485709624.0,1468461624.0,3.555715002893459,3.4225663135203344,0.0,0.0,0.05663175226090867,3.555715002893459,0.05727460645571633,17.39258767062349,34.372330742180274,7.8746468648963805,0.0,1.405188446055698,0.0,0.3609344696601583,2.240568889823602,0.04565870477333322,187.68438908539667,0.30122216759148696,-0.1666666666666666,2.1063373501027787,0.495977938276635,0.6511875641929306,-0.13015111051012473,-0.16543095458758109,-0.1468410911672244,0.5727694856268977,0.32824167431951473,0.3520266458692011,Building Products & Equipment,Industrials,AAON
2015Q4,2015,Q4,2016-02-25,2015-12-31,12948000.0,97229000.0,19722000.0,0.24,29581000.0,0.3042405043762663,232854000.0,178918000.0,124213000.0,43413000.0,53936000.0,38499000.0,178706000.0,1246472703.8999999,1238564703.8999999,3.3329859105629467,2.8611936516711585,0.0,0.0,0.07216344168343146,3.3329859105629467,0.07236834751115036,12.819968362319882,24.066896507182577,6.966726119786718,0.45505097312326226,1.7571365490012727,0.004726938649811536,0.41755348845199136,1.9621081242945662,0.055605658481280115,146.09384715189873,0.3042405043762663,0.0,1.365163965030369,0.5600373771831285,0.618731120717763,-0.02000993871128044,-0.022866198777450757,-0.02158059235005209,0.7563823608633081,0.2812316332186395,0.3314293795770227,Building Products & Equipment,Industrials,AAON
2015Q3,2015,Q3,2015-11-02,2015-09-30,13251000.0,94360000.0,20157000.0,0.24,30185000.0,0.3198919033488766,255098000.0,198371000.0,144920000.0,42241000.0,56727000.0,41052000.0,198154000.0,1050588675.9599999,1020725675.9599999,3.6593103161777965,3.430789990767264,0.0,0.0,0.06694521081938737,3.6593103161777965,0.06679907849433638,11.13383505680373,19.820931928911023,5.296079951000902,0.0,1.5632612296599435,0.0,0.36989705916941723,2.2951634667739875,0.051944742804726024,50.68940827752581,0.3198919033488766,0.1999999999999999,1.640159685409356,0.49885958540047304,0.782304866055804,0.11313935907364384,0.19056603773584907,0.1231403577199532,1.246366737722702,0.25090947299168037,0.4746052796658178,Building Products & Equipment,Industrials,AAON
2015Q2,2015,Q2,2015-08-06,2015-06-30,11130000.0,90275000.0,17947000.0,0.2,27117000.0,0.30038216560509556,250012000.0,187429000.0,152906000.0,47250000.0,62583000.0,47182000.0,187212000.0,1220772312.24,1183172312.24,3.457566196152542,3.23610582010582,0.0,0.0,0.05919777144136048,3.457566196152542,0.059382486168095654,13.522817083799502,27.42076173045822,6.513252016710327,0.0,1.338603704802679,0.0,0.36108266803193445,2.0916825396825396,0.044517863142569156,630.2386743624161,0.30038216560509556,0.3333333333333335,1.0165939675132196,0.4754347250682997,0.794573941241103,0.2440132122213047,0.32515775687581855,0.33177500742059957,0.21998767271127428,0.1039606394229714,0.44711204576031893,Building Products & Equipment,Industrials,AAON
2015Q1,2015,Q1,2015-05-07,2015-03-31,8399000.0,76768000.0,13476000.0,0.15,21798000.0,0.28394643601500624,236759000.0,182121000.0,136689000.0,38643000.0,54638000.0,44546000.0,181904000.0,1326677993.41,1293151993.41,3.367379388360273,3.5372253707010324,0.0,0.0,0.0462240240775604,3.367379388360273,0.04611769098566338,17.281653728246145,39.48916518067627,7.284596468336985,0.0,1.2340052978943115,0.0,0.324245329639,2.1986129441295965,0.035474892189948426,1773.633681029412,0.28394643601500624,-0.21052631578947373,0.7599807079037451,0.6696853586017684,0.6074172069641495,-0.13469096105752054,-0.2026013481439286,-0.20509644310741462,0.8811206545206943,0.20885538521926397,0.4769595434687902,Building Products & Equipment,Industrials,AAON
2014Q4,2014,Q4,2015-02-27,2014-12-31,10533000.0,84728000.0,16953000.0,0.19,25191000.0,0.29731611745821923,233117000.0,174059000.0,131083000.0,42713000.0,59058000.0,37618000.0,173843000.0,1227180652.41,1205228652.41,3.1757190779910984,3.068925151593192,0.0,0.0,0.0602474292847191,3.1757190779910984,0.0605139636560017,14.483767496105184,29.12704482127599,7.050371726885712,0.4635906199563277,1.5826731883672709,0.003979039264032166,0.3634569765396775,2.0301313417460727,0.045183319963795,116.04545176453901,0.29731611745821923,-0.13636363636363635,0.8111043555338483,0.6535708805539017,0.5611247366743481,-0.24464767616191904,-0.15329581993569133,-0.1315061475409836,11.25697022726348,0.3544818791380081,0.4401091725992661,Building Products & Equipment,Industrials,AAON
2014Q3,2014,Q3,2014-11-06,2014-09-30,12440000.0,102917000.0,19520000.0,0.22,33350000.0,0.3240475334492844,247509000.0,179043000.0,142059000.0,53524000.0,68466000.0,37240000.0,178825000.0,933938948.8800001,915119948.8800001,3.2609427346961555,2.6541177789402886,0.0,0.0,0.069437828663981,3.2609427346961555,0.06948051585373347,9.074681042782048,18.768869551446947,5.216282953703859,0.0,1.8680719656283566,0.0,0.41581114222109095,1.8110754054256035,0.050260798597222725,66.82926288944545,0.3240475334492844,0.09999999999999995,0.6966007781797553,0.8575777301048927,0.6454918362528344,0.19636963696369636,0.09478130775323418,0.12884570899838074,1.235143086805038,0.4091097182880122,0.4447113326203974,Building Products & Equipment,Industrials,AAON
2014Q2,2014,Q2,2014-08-07,2014-06-30,11363000.0,92310000.0,17292000.0,0.2,27876000.0,0.30198245043873906,241652000.0,177692000.0,141901000.0,49540000.0,63960000.0,36608000.0,177472000.0,1229161797.4724998,1212677797.4724998,3.230518410647919,2.864372224465079,0.0,0.0,0.06356177176232487,3.230518410647919,0.06394772977961867,13.315586582954175,27.043073956536563,6.917372743131374,0.0,1.7601070804195804,0.0,0.3819955969741612,1.9896851029471134,0.047022164103752505,199.89621035493573,0.30198245043873906,-0.23076923076923075,0.686811754159618,0.4177251554027341,0.7563539995405968,0.27602307058500414,0.15689268987986155,0.21424057299346955,1.9924187846522194,0.3510426150413642,0.49668072439258404,Building Products & Equipment,Industrials,AAON
2014Q1,2014,Q1,2014-05-05,2014-03-31,9822000.0,76367000.0,14241000.0,0.26,21846000.0,0.2860659709036626,228719000.0,172055000.0,138396000.0,41950000.0,56664000.0,34891000.0,171908000.0,681784813.3199999,662114813.3199999,4.6888429274818275,3.2990703218116804,0.0,0.0,0.056894630604726396,4.6888429274818275,0.05708639679172358,8.927741214398889,17.353512861942576,3.9625980838685297,0.0,1.5626092688658966,0.0,0.3338900572317997,2.3198092967818833,0.04294352458693856,125.02930741243351,0.2860659709036626,0.2380952380952382,1.308004877483899,0.8874962660940496,1.6510721567821969,0.08212799682979988,0.2647437548287407,0.19551712558764273,3.082797845898257,0.9339065100355768,1.1773846120996185,Building Products & Equipment,Industrials,AAON
2013Q4,2013,Q4,2014-03-13,2013-12-31,7766000.0,73376000.0,11912000.0,0.21,20188000.0,0.2751308329699084,215444000.0,164106000.0,113623000.0,36329000.0,51338000.0,32140000.0,163959000.0,782691930.0,770606930.0,4.4659433245977125,3.1276115500013764,0.0,0.0,0.04706231672825194,4.4659433245977125,0.04732307167318684,10.666865596380287,25.1961090007726,4.76942908851596,0.4784960082410507,1.6548848786558805,0.004747717278751041,0.3405803828373034,2.1030031104627156,0.036046490039174914,64.6051943871234,0.2751308329699084,-0.2500000000000001,1.0737074300681293,0.9655299012748773,1.742111965482309,-0.2415088668470093,-0.2619273902299943,-0.29635536653080513,1.0723602503626013,0.7198973300050019,1.1689744982051395,Building Products & Equipment,Industrials,AAON
2013Q3,2013,Q3,2013-11-07,2013-09-30,10522000.0,89690000.0,16929000.0,0.28,26616000.0,0.2967554911361356,220138000.0,161930000.0,109121000.0,43109000.0,58208000.0,33383000.0,161783000.0,650584192.8487,648295192.8487,4.407186590939518,2.531281170985177,0.0,0.0,0.06469209122266821,4.407186590939518,0.06497869449762243,7.253698214390679,15.457712242175917,4.017687845666028,0.0,1.8894047868675674,0.0,0.4074262508063124,1.619684984573987,0.04779729079032243,97.90582285157262,0.2967554911361356,0.2727272727272728,0.9971062456608404,0.794052662682077,1.7427117884741627,-0.03830033241797948,-0.13177654922023269,-0.09208409310307841,2.093092468037849,1.1019873892930818,1.1465657263120566,Building Products & Equipment,Industrials,AAON
2013Q2,2013,Q2,2013-08-08,2013-06-30,12119000.0,91241000.0,18646000.0,0.22,27676000.0,0.30332854747317545,221214000.0,152520000.0,121411000.0,53615000.0,68694000.0,34131000.0,152373000.0,832728919.7694,813313919.7694,2.7660712739961717,2.264496875874289,0.0,0.0,0.07815899541705122,2.7660712739961717,0.079458431681091,9.126696548365318,17.178168986083836,5.459801467147915,0.0,1.8623831707245613,0.0,0.4124558120191308,1.5065746526158725,0.05478405525870876,45.51177350218069,0.30332854747317545,0.6923076923076923,0.6957781174109645,0.32483786043037155,0.8339749103268566,0.8074712643678161,0.6973389355742297,1.2362676900935476,1.1587032194922657,0.4660385634394421,0.4356686600686875,Building Products & Equipment,Industrials,AAON
2013Q1,2013,Q1,2013-05-09,2013-03-31,7140000.0,66833000.0,8338000.0,0.13,15312000.0,0.22910837460535963,194473000.0,145016000.0,96027000.0,34628000.0,49457000.0,33986000.0,144918000.0,671495436.5544,661778436.5544,2.629914886483272,2.7731026914635555,0.0,0.0,0.04912988522050277,2.629914886483272,0.04923594637833067,10.047363376691155,23.511744977394958,4.630492059872013,0.0,1.5159477431883717,0.0,0.3436621021941349,1.6289418967309692,0.03671460819753899,89.60440840064051,0.22910837460535963,-0.07142857142857148,0.22594178830134232,0.12796126980365888,0.5983303721225064,-0.18244433765817716,-0.05779889152810768,-0.30942521119761474,0.4674803225136418,0.4257360055897675,0.25538882134777047,Building Products & Equipment,Industrials,AAON
2012Q4,2012,Q4,2013-03-14,2012-12-31,7578000.0,78008000.0,12074000.0,0.14,18729000.0,0.24009075992205928,193493000.0,138136000.0,91546000.0,39625000.0,55357000.0,32614000.0,138038000.0,511833684.37499994,508674684.37499994,2.5033140786045984,2.310309148264984,0.0,0.0,0.05476373039799278,2.5033140786045984,0.05485897955637922,6.561297358924725,16.88551347238717,3.705288153522615,0.7772499340195302,1.8175936714294474,0.011507644338008504,0.4031567033432734,1.3551798107255522,0.03916420749071026,45.74436360487979,0.24009075992205928,0.2727272727272728,0.8851138976803814,0.430103425000673,0.6493618158125319,0.09213365210799464,0.26152821708007323,0.1602921391504901,0.29422225534547136,0.5121604533491958,0.230582880853212,Building Products & Equipment,Industrials,AAON
2012Q3,2012,Q3,2012-11-08,2012-09-30,6007000.0,76816000.0,10406000.0,0.11,17149000.0,0.22324776088314935,196254000.0,136991000.0,97294000.0,42920000.0,59263000.0,37650000.0,136644000.0,477943026.75,469726026.75,2.481552430767837,2.2668685927306615,0.0,0.0,0.04352751078392471,2.481552430767837,0.04384959595885861,6.2219202607529684,19.89108651365074,3.4888644272251463,0.4910937239886799,1.5847808764940239,0.006172283797213074,0.3914111304737738,1.2815936626281454,0.030608293334148603,33.31542079673777,0.22324776088314935,-0.35294117647058826,0.27882729129705497,0.24125363920902493,0.4691435875291808,-0.1873667251101739,-0.35387759492309345,-0.26687332675778497,-0.1851784491108314,0.3789774354731578,0.25220667711060835,Building Products & Equipment,Industrials,AAON
2012Q2,2012,Q2,2012-08-08,2012-06-30,9297000.0,83333000.0,14194000.0,0.17,21103000.0,0.2532370129480518,203554000.0,131989000.0,103192000.0,54843000.0,71565000.0,39142000.0,131891000.0,462806427.6,464724427.6,2.3892871365989645,1.8815892638987655,0.03566129872171512,0.05499700732636811,0.06704919664625289,2.3892871365989645,0.07043768798915061,5.5536993459973845,12.445047531461762,3.5064015001250106,0.0,1.589852332532829,0.0,0.40939013726087425,1.0740842040005105,0.045673383966908045,161.08821009397843,0.2532370129480518,1.125,0.5438046399535514,0.3434380784574694,0.4684567773350811,0.5611037135670958,1.0356908254871908,0.8775132275132275,0.37417709229912927,0.274343689682259,0.29899709117424494,Building Products & Equipment,Industrials,AAON
2012Q1,2012,Q1,2012-05-08,2012-03-31,4567000.0,64957000.0,7560000.0,0.08,13518000.0,0.20810690148867714,184765000.0,126128000.0,89473000.0,41335000.0,58637000.0,36755000.0,126030000.0,496409685.975,493164685.975,2.279940167116317,2.164582073303496,0.0,0.0,0.03599499184448296,2.279940167116317,0.03620924774831917,7.642127653293718,27.17372925197066,3.935761178921413,0.0,1.3995102707114677,0.0,0.3515655021243201,1.1624047417442844,0.024717884880794523,57.6416263324431,0.20810690148867714,4.128205128205129,-0.18133311554948545,0.2546077572515214,0.4534488054366267,0.563316757256852,4.243398392652124,1.5016545334215752,-0.2881616885260799,0.0649271129067039,0.2890783482520151,Building Products & Equipment,Industrials,AAON
2011Q4,2011,Q4,2012-03-14,2011-12-31,871000.0,63402000.0,3022000.0,0.0156,8647000.0,0.1363837102930507,178981000.0,122504000.0,84387000.0,38687000.0,56477000.0,34948000.0,122406000.0,505899951.75,510461951.75,2.2051932856307097,2.181275363817303,0.025561372436180375,0.03734571932345066,0.015457313954311885,2.2051932856307097,0.007109971919284268,7.979242795968581,145.20664516360506,4.129660678426827,3.397244546498278,1.5667563236808972,0.005848982570099642,0.35423871807622037,1.1423217101351875,0.0048664383370301875,50.93123444578677,0.1363837102930507,-0.844,-0.7847905120898881,0.3032146502979754,0.499686485377012,-0.3935759870958693,-0.8451830785638109,-0.6571363739505333,-0.8461576529093207,0.1234046685535866,0.35399991787265095,Building Products & Equipment,Industrials,AAON
2011Q3,2011,Q3,2011-11-08,2011-09-30,5626000.0,73829000.0,8814000.0,0.1,14259000.0,0.19313548876457762,182254000.0,125274000.0,90799000.0,49148000.0,56980000.0,42256000.0,125175000.0,388505250.0,400192250.0,2.2571586870447695,1.8474607308537478,0.07662383267308262,0.11147564538531539,0.04114762812660944,2.2571586870447695,0.044909558248319686,5.262230966151512,17.2638308745112,3.1012440729920017,0.5273729114824032,1.4097406285497918,0.007636962434870572,0.40508850285864784,0.8740538780825262,0.030869006990244384,-83.89230187864392,0.19313548876457762,0.4285714285714285,0.17134611391970292,0.29314715041256095,0.5723341395124183,0.21487603305785125,0.4654858035946861,0.45927152317880793,-0.2930810459958606,-0.02234601430362973,0.40469109071572573,Building Products & Equipment,Industrials,AAON
2011Q2,2011,Q2,2011-08-04,2011-06-30,3839000.0,69076000.0,6040000.0,0.07,11737000.0,0.16991429729573224,186360000.0,120029000.0,97722000.0,58262000.0,66331000.0,45311000.0,119930000.0,539777453.625,545074453.625,2.15845527907029,1.6772853661048368,0.04093153037132432,0.06355130843379517,0.03077593184190437,2.15845527907029,0.031983937215173,7.814254641626614,35.150915187874446,4.497058657699389,0.0023443605105496223,1.2654543046942244,1.6673538213866518e-05,0.37065893968662805,0.8132058631698191,0.020599914144666238,-91.84574674578867,0.16991429729573224,0.0,0.24578609078305355,0.3096079685306068,0.5858298112755717,0.008506616257088847,0.051780821917808216,-0.009023789991796555,-0.4673515707936455,-0.0054647695892682405,0.43111020460383986,Building Products & Equipment,Industrials,AAON
2011Q1,2011,Q1,2011-05-05,2011-03-31,3650000.0,59913000.0,6095000.0,0.07,11638000.0,0.1942483267404403,170243000.0,119890000.0,94135000.0,43096000.0,50353000.0,39159000.0,119822000.0,542715719.4000001,544125719.4000001,2.153428889607357,2.184309448672731,0.044871154761135554,0.06371674034531655,0.031062079081549163,2.153428889607357,0.03044457419301026,9.05839666516449,37.172309547945204,4.526780543831847,0.0,1.2327945044561914,0.0,0.3519263640795804,1.1621960274735474,0.021439941730350145,-61.28918344438171,0.1942483267404403,-0.3,0.08862399044105196,0.247380987304779,0.5971811286270557,-0.17990275526742303,-0.3687305430646835,-0.266546329723225,-0.3792934834552255,0.0014888102544536959,0.30874608001781634,Building Products & Equipment,Industrials,AAON
2010Q4,2010,Q4,2011-03-10,2010-12-31,5782000.0,65826000.0,8310000.0,0.1,14191000.0,0.21558350803633822,160277000.0,116739000.0,91748000.0,36246000.0,43538000.0,33602000.0,116671000.0,473898740.06249994,471505740.06249994,2.059011449094192,2.5312586216410087,0.0,0.0,0.04949355641926248,2.059011449094192,0.04952929183905978,7.199263817678424,20.49026029325925,4.059472327692545,0.5147007955724663,1.5366644842568895,0.006279822562110023,0.41070147307473936,1.430226783645092,0.03607504507820835,116.72382760160097,0.21558350803633822,0.11111111111111122,1.788141890804952,0.48369568820862135,0.6180768474649417,0.13555253260782588,0.11772665764546685,0.1335424907925249,0.3998948263451947,0.17451913247979473,0.35662356213401075,Building Products & Equipment,Industrials,AAON
2010Q3,2010,Q3,2010-11-08,2010-09-30,5173000.0,64886000.0,7331000.0,0.09,12497000.0,0.1925993280522763,161613000.0,114715000.0,94275000.0,39275000.0,46898000.0,34650000.0,114646000.0,389374220.8125,389224220.8125,2.0531337740640065,2.400381922342457,0.02474429656030146,0.03486030597567886,0.04371843953291337,2.0531337740640065,0.04509436429412021,6.000897278496132,18.817621342185387,3.3942746878132763,0.0,1.511948051948052,0.0,0.40148997914771706,1.3369828134945894,0.032008563667526746,-73.27328204977418,0.1925993280522763,-0.10000000000000009,1.089702085589906,0.5061737601273353,0.6313267125091792,-0.19405391461369792,-0.11132107885243085,-0.17703188145487203,0.08808384066220261,0.035918207946816744,0.21550859901533834,Building Products & Equipment,Industrials,AAON
2010Q2,2010,Q2,2010-08-06,2010-06-30,5821000.0,64531000.0,8908000.0,0.1,15506000.0,0.24028761370504098,159313000.0,110153000.0,94979000.0,42161000.0,49160000.0,34242000.0,109000000.0,394873305.75,390802305.75,1.9266780357689448,2.2527691468418682,0.0001883085498358577,0.0002723484607772825,0.05253541370923973,1.9266780357689448,0.052844679672818716,6.119125780632564,16.958997841865656,3.5847712341016584,0.5311802095859818,1.4317212779627357,0.007830359649476001,0.40505796764859114,1.237612959844406,0.03653813561981759,59.103922429277056,0.24028761370504098,0.11111111111111122,1.0386674697884473,0.5558537012682327,0.5858897521746818,0.1933199938433123,0.13735834310277453,0.09086456037227529,-0.06603775466989072,0.005197136085041832,0.1841370490927436,Building Products & Equipment,Industrials,AAON
2010Q1,2010,Q1,2010-05-06,2010-03-31,5118000.0,49309000.0,8166000.0,0.09,12994000.0,0.26352187227483825,160167000.0,121510000.0,94468000.0,31622000.0,38657000.0,30586000.0,120321000.0,388746031.05,373209031.05,2.094900672812927,2.9874138258174687,0.00033090461830464455,0.0004361780923380792,0.04238188862258433,2.094900672812927,0.042119990124269605,7.8838757843395735,18.989157436987107,3.1992924948563903,0.605705353653771,1.1873079186555942,0.007974357941679621,0.30785992120723993,1.7070394029473153,0.031954147858173035,42.003893144246355,0.26352187227483825,-0.18181818181818185,0.6833621327215982,0.24612724317416954,0.764747731976178,-0.12077948440354558,-0.168480909829407,-0.15193685740990756,-0.12498405317963619,-0.09166159008459399,0.33548718704291963,Building Products & Equipment,Industrials,AAON
2009Q4,2009,Q4,2010-03-15,2009-12-31,6155000.0,54228000.0,9629000.0,0.11,14779000.0,0.2725344840303902,156211000.0,117999000.0,96240000.0,30886000.0,38212000.0,28788000.0,116207000.0,334973770.65,309410770.65,2.0342506933535036,3.115974875348054,0.00048652143575036327,0.000644073254858092,0.05172500030109972,2.0342506933535036,0.052161458995415216,6.177136731024563,13.605758352965069,2.838784825718862,0.0,1.3703279144087814,0.0,0.3471458476035619,1.910898141552807,0.039401834697940605,43.244741886134776,0.2725344840303902,-0.15384615384615388,2.20221672448892,0.30721017115103694,0.7993358257277461,-0.16634702166064982,-0.2048830900400465,-0.224405960531615,0.4564684127002323,0.06749619820620929,0.3834335033441391,Building Products & Equipment,Industrials,AAON
2009Q3,2009,Q3,2009-11-02,2009-09-30,7741000.0,58492000.0,12415000.0,0.13,17728000.0,0.3030841824523012,154270000.0,114873000.0,92767000.0,35550000.0,39397000.0,31268000.0,113152000.0,344878079.0625,327083079.0625,1.9817434902151059,2.609479606188467,0.0006417320282621379,0.0008618213157138753,0.06792580505712796,1.9817434902151059,0.06738746267617282,5.896158091063735,11.138033815479265,3.002255352106239,0.40059423847048187,1.3036970704873994,0.008991583368909992,0.3791534322940299,1.508354430379747,0.050178258896739485,49.00924812597698,0.3030841824523012,0.08333333333333341,4.499295249618499,0.32931145578868165,0.7841511657367233,-0.0207688908528502,0.09074256728195013,0.09760410220139687,0.5431598302061955,-0.01905250731020809,0.3804802308788232,Building Products & Equipment,Industrials,AAON
2009Q2,2009,Q2,2009-08-10,2009-06-30,7097000.0,68597000.0,11311000.0,0.12,18104000.0,0.26391824715366563,154203000.0,106587000.0,92253000.0,43447000.0,47616000.0,31357000.0,105457000.0,342025112.25,328196112.25,1.8393321685109687,2.123345685547909,0.000590131190703164,0.0008537626539821929,0.06690587387960129,1.8393321685109687,0.06658410500342443,4.98600685525606,12.048228556080034,3.2088820611331585,0.0,1.610262461332398,0.0,0.44484867350181256,1.2700992013257533,0.0460237479167072,31.683660236220472,0.26391824715366563,0.09090909090909087,3.9163615743179645,0.7353616971853756,0.6814918455171046,0.06909176804062832,0.054845422116527945,0.08770074045581305,1.2100354058624274,0.24801070767484767,0.35136818165591915,Building Products & Equipment,Industrials,AAON
2009Q1,2009,Q1,2009-05-06,2009-03-31,6728000.0,63965000.0,10399000.0,0.11,16934000.0,0.2647385288829829,145468000.0,102605000.0,83662000.0,38328000.0,42863000.0,33802000.0,101863000.0,311465324.5875,307831324.5875,1.768659112309121,2.1827906491337927,0.0006255671350400088,0.0008868963500804054,0.06405994162311218,1.768659112309121,0.06557185322352711,4.869308599820214,11.573473713863704,3.0355764786072803,0.41215814506539833,1.3913673747115556,0.008903077746046113,0.43971870102015564,1.1640576080150282,0.04625072180823274,31.611217353851618,0.2647385288829829,0.09999999999999995,2.1358737043962397,0.8582832921499135,0.6416488645333004,0.2528854690736904,0.11390728476821192,0.14867999558157516,0.9257462263300168,0.27805191203653323,0.31180043640515936,Building Products & Equipment,Industrials,AAON
2008Q4,2008,Q4,2009-03-11,2008-12-31,6040000.0,60209000.0,9053000.0,0.1,13516000.0,0.22448471158796857,140743000.0,96522000.0,80118000.0,39518000.0,44221000.0,36382000.0,95135000.0,366654775.5,369377775.5,1.6286509744368514,2.027379928134015,0.02125860611184926,0.03099811441951058,0.05877959265427495,1.6286509744368514,0.06257640745115103,6.089700468368516,15.17610825745033,3.7986653353639586,0.0,1.2834093782639766,0.0,0.42779392225545854,0.9887393086694671,0.04291510057338553,-474.32700582147476,0.22448471158796857,-0.28571428571428575,0.7499375571788275,0.7275898382752893,0.5511123285579067,-0.3248076730942152,-0.2770795930580491,-0.28850990254636905,1.7863305802425447,0.29827801196755976,0.2798775040793528,Building Products & Equipment,Industrials,AAON
2008Q3,2008,Q3,2008-11-05,2008-09-30,8355000.0,79279000.0,12724000.0,0.14,20018000.0,0.2525006622182419,146821000.0,93626000.0,87769000.0,49273000.0,53195000.0,34112000.0,91996000.0,314036260.20000005,316237260.20000005,1.606871932173137,1.7812798084143446,0.01723867839069343,0.02703308909918185,0.08601038937735508,1.606871932173137,0.08923803217055092,3.961153145221308,9.396656499102335,3.3541565398500417,0.34087372830640333,1.737247889305816,0.009069016419270172,0.5399704401958848,0.9814502871755323,0.056906028429175665,33.351344541206466,0.2525006622182419,0.07692307692307698,1.5150439997212424,1.1156609908925317,0.6018134399369188,0.11272929405225125,0.07667525773195877,0.07275946378888795,2.236503714023642,0.7646963858567843,0.276747350634911,Building Products & Equipment,Industrials,AAON
2008Q2,2008,Q2,2008-08-06,2008-06-30,7760000.0,74781000.0,11861000.0,0.13,17990000.0,0.24056912852195075,143958000.0,90302000.0,86633000.0,49886000.0,53656000.0,31389000.0,88525000.0,341674395.75,345347395.75,1.5082383398054198,1.7366194924427696,0.029022353742063658,0.04626697083121083,0.08139946716505092,1.5082383398054198,0.08593386635954907,4.56900009026357,11.00755140947165,3.783685807069611,0.0,1.809264391984453,0.0,0.5194640103363481,1.0034879525317724,0.053904611067116796,57.17443034638554,0.24056912852195075,0.3,1.4898074827437453,1.163948652862778,0.553839563141691,0.14937388193202147,0.20609263288778365,0.2165128205128205,1.5951968511219672,0.7216759825902458,0.2414631207334826,Building Products & Equipment,Industrials,AAON
2008Q1,2008,Q1,2008-05-08,2008-03-31,6434000.0,65456000.0,9750000.0,0.1,15652000.0,0.23912246394524567,138958000.0,100231000.0,79670000.0,35078000.0,38727000.0,33003000.0,98455000.0,361520567.55,356137567.55,1.6454138220441064,2.2712241290837563,0.0006548741346306078,0.0009079027446598358,0.0631745331457238,1.6454138220441064,0.0641917171334218,5.52310815738817,14.04727104250855,3.606873797028863,0.45741373950885916,1.5090749325818864,0.0081406156776764,0.4710488061140776,1.1966474713495638,0.046301760244102534,39.218981075070516,0.23912246394524567,0.39470013947001403,0.9705975148777616,1.1325480560540515,0.7354095879902742,0.2613425739382706,0.40480349344978167,0.35135135135135137,1.0150229227901406,0.5750970584734577,0.3860992782610523,Building Products & Equipment,Industrials,AAON
2007Q4,2007,Q4,2008-03-12,2007-12-31,4580000.0,62147000.0,7215000.0,0.0717,12409000.0,0.1996717460215296,137140000.0,95420000.0,76295000.0,37507000.0,41720000.0,31849000.0,93405000.0,369207425.7,368419425.7,1.5177470792673713,2.0341536246567307,0.0006635554907393904,0.0009536784741144414,0.04963103574576796,1.5177470792673713,0.04799832320268287,5.940872861119603,20.15324376091703,3.8692876304757915,0.0,1.5616816854532325,0.0,0.45316464926352634,1.058255792252113,0.033396529094356135,33.04756764232008,0.1996717460215296,-0.10375000000000002,0.5593399355146054,0.7699817660305056,0.6225443363715754,-0.0902492668621701,-0.1490152359717577,-0.11450662739322533,1.1984773208518948,0.38221578277074725,0.34247794681462085,Building Products & Equipment,Industrials,AAON
2007Q3,2007,Q3,2007-11-07,2007-09-30,5382000.0,70907000.0,8148000.0,0.08,13640000.0,0.1923646466498371,143300000.0,106838000.0,82222000.0,32732000.0,36462000.0,32738000.0,105001000.0,374818360.1625,372103360.1625,1.6891149727177688,2.5119760479041915,0.0,0.0,0.052622849547913665,1.6891149727177688,0.0503753346187686,5.286055821886415,17.410737651546825,3.5082869406250587,0.46321070234113715,1.7492516341865723,0.006651221671529582,0.4948150732728542,1.3626420628131493,0.03755757152826238,56.87683765743551,0.1923646466498371,-0.2727272727272727,0.36050592411341564,0.7992362607915682,0.8158775194316906,-0.12552891396332863,-0.21739130434782608,-0.21107668474051122,2.503947964346906,0.47680574247233043,0.5206995569899157,Building Products & Equipment,Industrials,AAON
2007Q2,2007,Q2,2007-08-02,2007-06-30,6877000.0,70835000.0,10328000.0,0.11,15598000.0,0.22020187760287993,147789000.0,102642000.0,85777000.0,41483000.0,45147000.0,34444000.0,100967000.0,397005354.0596,396684354.0596,1.6270735192730585,2.0677626979726633,3.383201726786161e-05,4.8713002474620524e-05,0.06643057649576388,1.6270735192730585,0.06699986360359307,5.604649594968589,14.432359824763706,3.8678645589485785,0.0,1.603675531297178,0.0,0.4792981886337955,1.1210134271870404,0.04653255655021686,868.7206872201313,0.22020187760287993,0.09999999999999995,0.9883409699981733,0.8685789616714712,0.8756808603765853,-0.007887037272611627,0.08864967547886655,0.035388471177944865,3.376169936301459,0.6461102774931421,0.4874479452666356,Building Products & Equipment,Industrials,AAON
2007Q1,2007,Q1,2007-05-09,2007-03-31,6317000.0,58628000.0,9975000.0,0.1,15722000.0,0.2681653817288668,136424000.0,98265000.0,74859000.0,34315000.0,38159000.0,32684000.0,96587000.0,323333780.0625,322815780.0625,1.5686415363156918,2.1815241148185924,0.0002345628335190289,0.0003256500279855493,0.06311910404491765,1.5686415363156918,0.06428535083702233,5.515006141476769,12.796176193703499,3.29042670393833,0.3902168750989394,1.3127524170848122,0.007623700807022139,0.42974843136105084,1.1098644907474866,0.0463041693543658,150.10853299094708,0.2681653817288668,0.4104372355430183,0.8329854204982972,0.7238803907310926,0.9112961101709859,0.6049407921600654,0.39202291758483915,0.40137679123349257,1.7266707437801783,0.5773346289578528,0.45599487149921103,Building Products & Equipment,Industrials,AAON
