Year,Date,FillingDate,NetIncome,Revenue,OperatingIncome,EPSDiluted,GrossProfit,GrossProfitRatio,TotalAssets,CommonStockEquity,CurrentAssets,CurrentLiability,TotalLiability,Inventory,RetainedEarnings,EnterpriseValue,bookValuePerShare,currentRatio,debtToAssets,debtToEquity,roic,shareholdersEquityPerShare,roe,priceToSalesRatio,peRatio,pbRatio,payoutRatio,inventoryTurnover,dividendYield,assetTurnover,quickRatio,returnOnAssets,priceToFreeCashFlowsRatio,grossProfitMargin,epsdilutedGrowth,fiveYNetIncomeGrowthPerShare,fiveYRevenueGrowthPerShare,fiveYShareholdersEquityGrowthPerShare,grossProfitGrowth,netIncomeGrowth,operatingIncomeGrowth,threeYNetIncomeGrowthPerShare,threeYRevenueGrowthPerShare,threeYShareholdersEquityGrowthPerShare,Industry,Sector,Price,MarketCap,AvgVolume,Symbol
2022,2022-12-31,2023-03-02,39263000.0,388832000.0,59035000.0,0.59,183615000.0,0.4722219365,1235500000.0,674856000.0,963806000.0,396214000.0,423329000.0,393172000.0,94426000.0,288260367.25,11.392671429819464,2.432538981459514,0.06434803723188992,0.11780587266024159,0.05855013805068166,11.392671429819464,0.0581798191021492,1.1745673382077606,11.632054790769937,0.6767508435132829,0.0,0.5219522244717325,0.0,0.3147163091865641,1.3911800188786867,0.03177903682719547,-2.9519588870431894,0.4722219364661345,0.017241379310344845,44.201350572857116,2.7033834069877396,4.887181612331704,0.5986539667061364,0.03988664353629791,0.525373365717534,0.7681563663727033,2.0769305021584086,4.9001852936756025,Semiconductor Equipment & Materials,Technology,13.19,789744629,627721,ACMR
2021,2021-12-31,2022-03-01,37757000.0,259751000.0,38702000.0,0.58,114856000.0,0.442177316,1052179000.0,676204000.0,952934000.0,205939000.0,240514000.0,218116000.0,72044000.0,1114810061.8964,11.728513133740961,4.627263412952379,0.037198993707344474,0.05788194095273024,0.053620783452113754,11.728513133740961,0.0558367001674051,6.308876816244788,43.40220520423763,2.4234359185932055,0.0,0.66430248124851,0.0,0.24686959158090022,3.4873384837257633,0.03588457857455813,-32.903063184346955,0.4421773159679847,0.9333333333333332,3.2282333026941408,1.5367662154060924,75.26275269223319,0.6502535955976378,1.0104898828541,4.821600481347774,3.7183921115153864,1.8588698936590156,9.617030070610648,Semiconductor Equipment & Materials,Technology,13.19,789744629,627721,ACMR
2020,2020-12-31,2021-03-01,18780000.0,156624000.0,6648000.0,0.3,69599000.0,0.4443699561,341257000.0,141150000.0,260656000.0,102908000.0,133087000.0,88639000.0,34287000.0,1459789757.9139001,2.5804348413877176,2.532903175652039,0.14680138429394854,0.3549202975557917,0.03819450717783881,2.5804348413877176,0.13304994686503718,9.458695716581751,78.88491788678914,10.495634133290118,0.0,0.9817913108225499,0.0,0.4589620139660139,1.6143059820422125,0.05503183817474806,-21.46046410235688,0.44436995607314334,-0.09090909090909098,-0.3314939500744472,0.4141024679475727,5.828644336556668,0.37400797567813004,-0.006033661479834868,-0.6263279186105334,23.377264115492835,0.6154463678759858,0.3334439287237993,Semiconductor Equipment & Materials,Technology,13.19,789744629,627721,ACMR
2019,2019-12-31,2020-03-24,18894000.0,107524000.0,17791000.0,0.33,50654000.0,0.4710948253,217703000.0,97321000.0,198396000.0,53502000.0,120382000.0,44796000.0,15507000.0,269350494.35,1.9309006179909718,3.708197824380397,0.08102782230837426,0.18125584406243256,0.15378950757259127,1.9309006179909718,0.19414103841925176,2.882812156820803,16.40581636233725,3.185042224699705,0.9918492643167143,1.269532994017323,0.06045717216448293,0.4939022429640382,1.718720795484281,0.0867879634180512,37.44521555327374,0.47109482534131913,1.7500000000000002,-0.27008042770100005,0.05358438485933403,4.613202001450953,0.47040552701094374,1.874049285062367,1.7493432236130428,1.4203240112051045,0.20120398647913415,13.226101760045214,Semiconductor Equipment & Materials,Technology,13.19,789744629,627721,ACMR
2018,2018-12-31,2019-03-14,6574000.0,74643000.0,6471000.0,0.12,34449000.0,0.4615168201,103047000.0,52324000.0,96028000.0,46140000.0,50723000.0,38764000.0,-3387000.0,154103023.646,1.1046886987922402,2.08123103597746,0.0916766135840927,0.1805481232321688,0.09331685758294504,1.1046886987922402,0.12564024157174528,2.3013547639564327,26.1302135147551,3.2830063383151136,0.0,1.0368898978433598,0.0,0.7243587877376343,1.1980710879930645,0.06379613186215999,35.50641249400579,0.46151682006350225,3.8368794326241136,-0.7297495578323309,-0.22171508219870859,3.067151141941907,0.9999419448476052,21.803797468354432,8.244285714285715,-0.7297495578323309,-0.22171508219870859,3.067151141941907,Semiconductor Equipment & Materials,Technology,13.19,789744629,627721,ACMR
2017,2017-12-31,2018-03-23,-316000.0,36506000.0,700000.0,-0.0423,17225000.0,0.4718402454,67891000.0,39857000.0,62914000.0,21817000.0,28034000.0,15388000.0,-9961000.0,23468297.5,1.9351656157431212,2.8837145345372877,0.07520879056134097,0.1281079860501292,0.04177109726116687,1.9351656157431212,-0.007928343829189352,0.9873253026899688,-114.06106803797468,0.9043153649296234,0.0,1.252989342344684,0.0,0.5377148664771472,2.1512581931521293,-0.004654519744885183,-4.064880737566257,0.4718402454391059,-1.3525,-1.0298743423894574,-0.12463669728209127,4.621182887815931,0.2922949958736589,-1.1323837452869712,-0.7994269340974212,-1.0298743423894574,-0.12463669728209127,4.621182887815931,Semiconductor Equipment & Materials,Technology,13.19,789744629,627721,ACMR
2016,2016-12-31,2016-12-31,2387000.0,27371000.0,3490000.0,0.12,13329000.0,0.4869752658,44467000.0,-2434000.0,40347000.0,17069000.0,41982000.0,11666000.0,-9643000.0,23421386.737211,-0.1579326473709827,2.36375886109321,0.10731553736478737,-1.9605587510271159,1.1948838741029009,-0.1579326473709827,-0.9806902218570255,1.0510535507365826,12.052110070050691,-11.819386498443302,0.0,1.203668781073204,0.0,0.6155351159286662,1.6350108383619426,0.05368025726943576,-6.3660957595067496,0.48697526579226186,-0.6923076923076923,-0.6984207201516108,-0.12289303339101462,0.7044681884409908,-0.05608667941363926,-0.6984207201516108,-0.2823360065803002,-0.6984207201516108,-0.12289303339101462,0.7044681884409908,Semiconductor Equipment & Materials,Technology,13.19,789744629,627721,ACMR
2015,2015-12-31,2015-12-31,7915000.0,31206000.0,4863000.0,0.39,14121000.0,0.4525091329,32151000.0,-8236000.0,27948000.0,20567000.0,36630000.0,9146000.0,-10675000.0,34058386.737211004,-0.5344015134541551,1.3588758691107112,0.3014214176852975,-1.1766634288489557,4.907987299887153,-0.5344015134541551,-0.9610247693054881,0.9218863916301673,3.6346666755794064,-3.493004703401044,0.0,1.8680297397769516,0.0,0.9706074461136512,0.8603588272475324,0.24618207831793723,21.61411475372727,0.4525091328590656,0.0,0.0,0.0,0.0,0.0,0.0,0.0,0.0,0.0,0.0,Semiconductor Equipment & Materials,Technology,13.19,789744629,627721,ACMR
TTM,,,,,,,,,,,,,,,,614124629.0,11.582934087290031,2.207433847684752,0.06457203231991444,0.12250858833374041,0.07273371662447226,11.582934087290031,0.08511848718272982,1.8763147454751938,13.894965562021655,1.1387442853942684,0.0,0.45845649367524544,0.0,0.32062592220459174,1.107096450331067,0.043196310648401716,-4.674566450620024,0.4844714446593269,,,,,,,,,,,Semiconductor Equipment & Materials,Technology,13.19,789744629,627721,ACMR
