Year,Date,FillingDate,NetIncome,Revenue,OperatingIncome,EPSDiluted,GrossProfit,GrossProfitRatio,TotalAssets,CommonStockEquity,CurrentAssets,CurrentLiability,TotalLiability,Inventory,RetainedEarnings,EnterpriseValue,bookValuePerShare,currentRatio,debtToAssets,debtToEquity,roic,shareholdersEquityPerShare,roe,priceToSalesRatio,peRatio,pbRatio,payoutRatio,inventoryTurnover,dividendYield,assetTurnover,quickRatio,returnOnAssets,priceToFreeCashFlowsRatio,grossProfitMargin,epsdilutedGrowth,fiveYNetIncomeGrowthPerShare,fiveYRevenueGrowthPerShare,fiveYShareholdersEquityGrowthPerShare,grossProfitGrowth,netIncomeGrowth,operatingIncomeGrowth,threeYNetIncomeGrowthPerShare,threeYRevenueGrowthPerShare,threeYShareholdersEquityGrowthPerShare,Industry,Sector,Price,MarketCap,AvgVolume,Symbol
2022,2022-05-31,2022-05-31,-13274781.0,-13092244.0,-12661135.0,-1.02,-13092244.0,1.0,233926005.0,176216857.0,10127530.0,2586525.0,57709148.0,0.0,-10732163.0,170066559.195,13.540049856732775,3.9154966605774155,0.0,0.0,-0.07184973796235623,13.540049856732775,-0.07533207223188641,-13.066933689518772,-12.887254727215462,0.970823603981315,-0.48504197545707156,0.0,0.03763733903953601,-0.05596745859871373,3.9154966605774155,-0.05674777799928657,35.996385157811325,1.0,-1.9622641509433962,-0.9747905678271962,-2.4947062036443373,0.0,-1.9279392612275403,-1.9524981514773292,-1.8743039082784116,-2.0099010053176887,-1.9832473072199324,-0.05213929653078817,Asset Management,Financial Services,12.87,168582843,64477,NIQ
2021,2021-05-31,2021-05-31,13936805.0,14108945.0,14481389.0,1.06,14108945.0,1.0,254194177.0,195883954.0,6653445.0,3146701.0,3146701.0,0.0,8933639.0,191835006.51950002,14.898464541449837,2.114419196485462,0.0,0.0,0.0739284086536256,14.898464541449837,0.07114827281871183,13.787720025806324,13.958018607528771,0.9930889158971132,0.4295356073361147,0.0,0.030773394090793722,0.05550459560684586,2.114419196485462,0.05482739677392374,23.561412409172437,1.0,1.4090909090909094,-0.5740210667509958,0.5310235116082734,0.0,1.403862175986773,1.4499478168052564,1.100927859490423,5.235294400882796,4.8462117914828235,0.09771959764420768,Asset Management,Financial Services,12.87,168582843,64477,NIQ
2020,2020-05-31,2020-05-31,5688613.0,5869282.0,6892854.0,0.44,5869282.0,1.0,243563665.0,188024224.0,4672793.0,441219.0,441219.0,0.0,1067555.0,179153943.74,14.543203761316132,10.590643195329303,0.0,0.0,0.036659393419435145,14.543203761316132,0.03025468143934475,30.596446164965325,31.568182040156362,0.9550852912441751,0.8708229932322694,0.0,0.027585465394381517,0.02409752702645528,10.590643195329303,0.023355753823132857,34.14375937873966,1.0,-0.5643564356435644,3.7643288133525896,-0.3889320106072186,184.2541617380065,-0.562569526043116,-0.570529623807731,-0.5270913836873328,1.8518704234825158,-0.32547167062401555,0.0,Asset Management,Financial Services,12.87,168582843,64477,NIQ
2019,2019-05-31,2019-05-31,13245647.0,13417634.0,14575446.0,1.01,13417634.0,1.0,242917429.0,187338720.0,4624153.0,506632.0,506632.0,0.0,355839.0,173778796.52,14.284851990567388,9.127242258680857,0.0,0.0,0.07780263471427583,14.284851990567388,0.07070426764952809,12.960429276875491,13.128712891110565,0.9282560301468912,0.3688684290016184,0.0,0.028096313177156818,0.05523536971075056,9.127242258680857,0.054527363699374574,63.57281883323908,1.0,4.941176470588235,9.936300291036806,0.3771536928866028,180.99875543557798,4.544245467441235,4.909536531153269,3.364828613473387,-0.5941144208438814,0.45971747551733777,0.0,Asset Management,Financial Services,12.87,168582843,64477,NIQ
2018,2018-05-31,2018-05-31,2241402.0,2420101.0,3339294.0,0.17,2420101.0,1.0,247295691.0,178945565.0,8031398.0,13299455.0,13299455.0,0.0,-296529.0,162802687.35999998,13.572195097384714,0.603889257116175,0.0,0.0,0.018660948652178107,13.572195097384714,0.012525607997046476,68.20900010371467,73.64706079498457,0.9224742136526267,2.7093814496462483,0.0,0.03678872476918671,0.009786264330824915,0.603889257116175,0.009063651659017383,16.276309361423273,1.0,1.326923076923077,0.84076336882713,-0.7529294857127697,172.0187986316733,-0.6310877882959102,1.33133258731583,-0.48472376743475515,0.84076336882713,-0.7529294857127697,172.0187986316733,Asset Management,Financial Services,12.87,168582843,64477,NIQ
2017,2017-05-31,2017-05-31,-6764810.0,8814700.0,6480590.0,-0.52,6560100.0,0.7442227189,,,,,,,,,,0.0,0.0,0.0,0.0,,0.0,19.538655995099095,-25.459309426281003,0.0,-1.00267561099277,0.0,0.039383456723210766,0.0,0.0,0.0,29.211878116625396,0.7442227188673466,-1.2088353413654618,-6.592785806408942,-0.09408105963749672,0.0,-0.07079025534464516,-1.2075684688350126,-0.07283319527245206,-6.592785806408942,-0.09408105963749672,0.0,Asset Management,Financial Services,12.87,168582843,64477,NIQ
2016,2016-05-31,2016-05-31,32590740.0,9179770.0,6989670.0,2.49,7059870.0,0.7690682882,,,,,,,,,,0.0,0.0,0.0,0.0,,0.0,19.303784757134437,5.437259301261647,0.0,0.23214324068738543,0.0,0.042694899732576584,0.0,0.0,0.0,26.704165748670473,0.7690682882032992,25.94805194805195,25.944293792784155,-0.056561481256140723,0.0,-0.08298132676600786,25.94429379278415,-0.08238088111348295,25.944293792784155,-0.056561481256140723,0.0,Asset Management,Financial Services,12.87,168582843,64477,NIQ
2015,2015-05-31,2015-05-31,1209560.0,9730120.0,7617180.0,0.0924,7698720.0,0.7912255964,0.0,-1039400.0,166580.0,625280.0,2502530.0,0.0,0.0,163547670.0,-0.07936083755690174,0.2664086489252815,0.0,0.0,-1.617165834928426,-0.07936083755690174,-1.1637098325957282,16.825511915577607,135.35025133106254,-157.50841831826054,6.454396640100533,0.0,0.047686624713487065,0.0,0.2664086489252815,0.0,23.336842345340948,0.7912255963955224,0.0,0.0,0.0,0.0,0.0,0.0,0.0,0.0,0.0,0.0,Asset Management,Financial Services,12.87,168582843,64477,NIQ
TTM,,,,,,,,,,,,,,,,167573918.0,13.540049856732775,3.9154966605774155,0.0,0.0,-0.07184973796235623,13.540049856732775,-0.07135045454120227,-12.876543012794444,-12.617646887733967,0.950513486743212,-0.48504197545707156,0.0,0.029316239316239317,-0.05596745859871373,3.9154966605774155,-0.05674777799928657,35.47190280466964,1.0,,,,,,,,,,,Asset Management,Financial Services,12.87,168582843,64477,NIQ
