Year,Date,FillingDate,NetIncome,Revenue,OperatingIncome,EPSDiluted,GrossProfit,GrossProfitRatio,TotalAssets,CommonStockEquity,CurrentAssets,CurrentLiability,TotalLiability,Inventory,RetainedEarnings,EnterpriseValue,bookValuePerShare,currentRatio,debtToAssets,debtToEquity,roic,shareholdersEquityPerShare,roe,priceToSalesRatio,peRatio,pbRatio,payoutRatio,inventoryTurnover,dividendYield,assetTurnover,quickRatio,returnOnAssets,priceToFreeCashFlowsRatio,grossProfitMargin,epsdilutedGrowth,fiveYNetIncomeGrowthPerShare,fiveYRevenueGrowthPerShare,fiveYShareholdersEquityGrowthPerShare,grossProfitGrowth,netIncomeGrowth,operatingIncomeGrowth,threeYNetIncomeGrowthPerShare,threeYRevenueGrowthPerShare,threeYShareholdersEquityGrowthPerShare,Industry,Sector,Price,MarketCap,AvgVolume,Symbol
2022,2022-12-31,2022-12-31,204234000.0,860400000.0,256353000.0,6.01,286647000.0,0.3331555091,3308575000.0,1471897000.0,513114000.0,369687000.0,1785656000.0,26217000.0,311726000.0,1835958627.07,52.622629764705685,1.3879687411242483,0.5037757947152475,1.1324026069758957,0.08122522960346895,52.622629764705685,0.13875563303682256,0.5503784600999535,2.3186424741717833,0.3217247042897703,0.2140241095997728,21.88476942441927,0.09230578322611897,0.2600515327595717,1.0588795386367387,0.06172868984381494,-10.560785617082962,0.3331555090655509,1.5076013513513515,15.252020859750056,-0.015142388275475895,-0.4033358589806474,195.87293956043956,1.8781727416185443,9.268918134313916,10.829857810380775,-0.08603482853713729,-0.35638854923693947,Oil & Gas Midstream,Energy,18.61,549099216,257480,TNP
2021,2021-12-31,2021-12-31,-232567000.0,546120000.0,-31002000.0,-11.84,1456000.0,0.0026660807,2894814000.0,1240803000.0,239662000.0,332096000.0,1603023000.0,22918000.0,149505000.0,1486836222.68,63.14420431192246,0.721664819811139,0.5049581769329566,1.1780758105839524,-0.017154838245752025,63.14420431192246,-0.18743265449873994,0.260507256060939,-0.6117300506090718,0.11465818722230685,-0.15614425090404055,23.765773627716207,0.25525025417432873,0.18865460786081592,0.5274438716515706,-0.08033918586824576,-17.527192642601946,0.0026660807148612027,-7.642335766423356,-4.602803115917302,-0.02045451816340236,-0.2369084992888126,-0.9909543305521213,-8.05106051761043,-1.3206196868471674,-1.0785482281342085,-0.08620622655285838,-0.2640044959931901,Oil & Gas Midstream,Energy,18.61,549099216,257480,TNP
2020,2020-12-31,2020-12-31,-25695000.0,644135000.0,96694000.0,-1.37,160961000.0,0.2498870578,3112275000.0,1353675000.0,321474000.0,382040000.0,1730457000.0,21813000.0,338800000.0,1557703849.97,72.12445638590286,0.8414668621086797,0.5036402631515531,1.1579345116072912,-0.030542944278677823,72.12445638590286,-0.01898166103385229,0.23397556408206355,-5.865415449309204,0.11133532788150774,-1.8177855613932672,22.15073579975244,0.3099159091292256,0.20696596541115422,0.5406083132656266,-0.008256018507361977,8.77456043141593,0.24988705783725462,-0.8513513513513515,-1.1485321816069216,0.00238649306651536,-0.11786675060803503,0.14018459881987094,-0.9486576672228121,0.12615592462323263,-4.047200049684444,0.09881089976093267,-0.1822134885998095,Oil & Gas Midstream,Energy,18.61,549099216,257480,TNP
2019,2019-12-31,2019-12-31,-13186000.0,597452000.0,85862000.0,-0.74,141171000.0,0.2362884382,3154103000.0,1451396000.0,397014000.0,354200000.0,1681784000.0,13032000.0,364000000.0,1757873553.0,81.76148777700695,1.120875211744777,0.4932381726278438,1.0718811406397704,-0.026687228702502695,81.76148777700695,-0.009085046396710478,0.6477249268560487,-29.34813840436827,0.2666291990607664,-3.7394964356135296,35.012354205033766,0.12741852256826383,0.18942057377327245,0.6947713156408809,-0.004180586366393234,4.711050752337359,0.23628843823436863,0.9032679738562092,-1.3505635636593267,0.06292451239670285,0.10902417673466172,1.1646681795878313,0.867080632642158,4.050701723219044,-1.2261193424416819,0.1862377674981422,-0.011920459082334191,Oil & Gas Midstream,Energy,18.61,549099216,257480,TNP
2018,2018-12-31,2018-12-31,-99203000.0,529879000.0,-28145000.0,-7.65,65216000.0,0.12307715535056117,3205058000.0,1494736000.0,317502000.0,254302000.0,1698281000.0,20388000.0,400933000.0,1622554949.1,85.79427994894138,1.248523409174918,0.49783841665267836,1.0674801436507853,-0.009107420970593175,85.79427994894138,-0.06636824161591078,0.43730162754138213,-2.335785703053335,0.15502198990323376,-0.44801064483936975,22.791004512458308,0.19180297415714592,0.1653258692978411,1.027337575009241,-0.030952013972914062,4.091770247218789,0.12307715535056117,-7.052631578947369,-0.7235851190841371,-0.17566124118446985,-0.013762065946094412,-0.3642673321375653,-14.032448765107725,-1.4433819591039416,-1.617763775493412,-0.1116978546754808,0.049324885662445646,Oil & Gas Midstream,Energy,18.61,549099216,257480,TNP
2017,2017-12-31,2017-12-31,7612000.0,529182000.0,63478000.0,-0.95,102584000.0,0.19385391037488048,3373636000.0,1494258000.0,304393000.0,338923000.0,1865498000.0,16293000.0,547937000.0,1893336058.7,88.19472488292017,0.8981184516837157,0.5192821632209284,1.1724006162255782,0.019554995845818726,88.19472488292017,0.00509416713847274,0.6259284304832742,43.51419583552286,0.22166858648238794,5.238307934839726,26.182900632173325,0.12038158661232638,0.15685806056136464,0.6994273035468234,0.00225631929467198,-2.7034774624551092,0.19385391037488048,-1.404255319148936,1.0972211114886414,-0.15490871175992443,0.0169166559152825,-0.11121892896439989,-0.8635426563648423,-0.29319674869168244,-0.7879654466352595,-0.01358737277397905,0.1962854984046264,Oil & Gas Midstream,Energy,18.61,549099216,257480,TNP
2016,2016-12-31,2016-12-31,55783000.0,481790000.0,89810000.0,2.35,115421000.0,0.23956703127918802,3277575000.0,1405143000.0,358311000.0,393286000.0,1860125000.0,18756000.0,582889000.0,1964282801.75,82.747880500665,0.9110698067055527,0.5351075108883855,1.2481683358917919,0.02842990087363145,82.747880500665,0.03969916229166711,0.8265111391892733,7.138461569833104,0.28339094437363316,0.7234820644282308,19.533429302623162,0.1013498577180329,0.14699587347352844,0.5977354902030584,0.017019595280046988,-0.9814744658275022,0.23956703127918802,-0.7218934911242604,1.3385634314785777,-0.33774627041494953,-0.1677284429232287,-0.44452786239887576,-0.6474272676134676,-0.5224904296044236,1.9943798425961656,-0.23099474298587624,-0.04878158822612402,Oil & Gas Midstream,Energy,18.61,549099216,257480,TNP
2015,2015-12-31,2015-12-31,158217000.0,587715000.0,188080000.0,8.45,207789000.0,0.3535540185293892,2900697000.0,1403477000.0,452226000.0,401910000.0,1485625000.0,14410000.0,567464000.0,1790172552.4,81.76140785489795,1.1251922072105696,0.48267502603684564,0.9975895579336177,0.06708587012777632,81.76140785489795,0.11273216447437329,1.1566057568719532,4.2963433284666,0.4843360827430731,0.2111087936188905,26.365440666204027,0.04913685371002158,0.2026116481659408,0.8443034510213729,0.05454447672404253,40.236447993370426,0.3535540185293892,4.281249999999999,2.6588429475600805,-0.3415033338199975,-0.3686228408740134,0.7257505917528342,3.7190920750439944,1.4731748369450872,2.9945319092031695,-0.073615291871671,-0.05726178556479463,Oil & Gas Midstream,Energy,18.61,549099216,257480,TNP
2014,2014-12-31,2014-12-31,33527000.0,501013000.0,76048000.0,1.6,120405000.0,0.24032310538848292,2699097000.0,1166523000.0,289799000.0,327282000.0,1521185000.0,15941000.0,437565000.0,1768447512.0,73.72381007755857,0.885471856075189,0.5254853752940335,1.215866296678248,0.029420560270405464,73.72381007755857,0.028740967816322523,1.1022039587795127,16.470859665344346,0.47338844754882675,0.6390968473170877,23.876042908224075,0.03880166914795497,0.18562245076779382,0.7592595987558131,0.012421561729719236,-3.7480216104685886,0.24032310538848292,1.4383561643835616,-0.454262891990084,-0.4742190406202611,-0.4003892819287129,0.5992163633948732,1.894960226362714,14.542203147353362,1.218379057143347,-0.26091610783448377,-0.25849182074955107,Oil & Gas Midstream,Energy,18.61,549099216,257480,TNP
2013,2013-12-31,2013-12-31,-37462000.0,418379000.0,4893000.0,-3.65,75290000.0,0.1799564509690974,2483899000.0,986465000.0,232541000.0,228272000.0,1486236000.0,19660000.0,430548000.0,1558821719.55,86.99146218832428,1.0187013737996775,0.555698118160199,1.399236668305515,0.0020673806376050327,86.99146218832428,-0.03797600523079886,0.8144785458878194,-9.096169973573222,0.3454361984966522,-0.2780951364048903,17.451119023397762,0.030572772629890402,0.1684363977762381,0.8118998387888133,-0.015081933685709443,-12.127147569308518,0.1799564509690974,0.20652173913043473,-1.1222673090714073,-0.5552440797617143,-0.28254583040361975,0.37891247413051043,0.23955098146682094,2.7930232558139534,-2.3113948410178993,-0.2904082271986943,-0.3282353654898619,Oil & Gas Midstream,Energy,18.61,549099216,257480,TNP
2012,2012-12-31,2012-12-31,-49263000.0,393989000.0,1290000.0,-4.6,54601000.0,0.1385850874009173,2450884000.0,924534000.0,224029000.0,258907000.0,1524044000.0,14356000.0,478428000.0,1498008881.25,86.72758418293378,0.8652875356788344,0.5885333618400544,1.5601665271369143,0.0005450026426290928,86.72758418293378,-0.053284140983457615,0.5073209689864437,-4.057383457158516,0.21619419215518304,-0.5404258774333679,23.64084703259961,0.13319566246071332,0.16075383412678854,0.6815960943504811,-0.020100094496516358,-8.52725602602389,0.1385850874009173,0.5257731958762887,-1.1921224699943105,-0.43779781989372984,-0.22713344726995108,-0.6046900566166143,0.44955081791364976,1.0342202297265035,-2.1902263014650574,-0.38629472968859857,-0.29462694652095167,Oil & Gas Midstream,Energy,18.61,549099216,257480,TNP
2011,2011-12-31,2011-12-31,-89496000.0,395162000.0,-37697000.0,-9.7,138122000.0,0.3495325967577854,2535337000.0,917059000.0,287633000.0,279712000.0,1616179000.0,19835000.0,554314000.0,1560401573.4,99.42413602515084,1.0283184132250314,0.5978152016871919,1.652743171377196,,99.42413602515084,-0.09759023138096895,0.5578637961139987,-2.463200292750514,0.2403842865071931,-0.3091758290873335,12.958911015881018,0.12551794102869918,0.1558617256798603,0.7268333142661023,-0.035299449343420615,-3.468595285972779,0.3495325967577854,-4.88,-1.3767197026083857,-0.23608036239219968,0.0038284633952008168,-0.28900579617637673,-5.527316875758802,-1.467154098766962,-1.359105964333232,-0.48355195981199545,-0.18000848410459128,Oil & Gas Midstream,Energy,18.61,549099216,257480,TNP
2010,2010-12-31,2010-12-31,19768000.0,408006000.0,80695000.0,2.5,194266000.0,0.4761351548751734,2702260000.0,1016178000.0,367453000.0,217244000.0,1682330000.0,14011000.0,671480000.0,1678186000.0,129.49693645566782,1.6914299129089871,0.5782075003885636,1.5375918392250176,,129.49693645566782,0.01945328475916621,0.9616427209403783,19.848037231889926,0.3861095201824877,1.1558579522460541,15.255156662622225,0.058235378075013514,0.15098695166268233,1.4150402312607022,0.007315358255682281,-1.3195711249226465,0.4761351548751734,-0.35064935064935066,-0.8768282113657451,0.39102379603581777,0.6867637868951572,-0.12930493554922104,-0.3108593341467666,0.11449485532767074,-0.8952689682583626,-0.20908407092149123,0.1540025219252982,Oil & Gas Midstream,Energy,18.61,549099216,257480,TNP
2009,2009-12-31,2009-12-31,28685000.0,444926000.0,72405000.0,3.85,223116000.0,0.5014676597906169,2549720000.0,908380000.0,471647000.0,264231000.0,1635393000.0,13014000.0,679597000.0,1747936258.6999998,122.952788960643,1.7849798093334999,0.5893094143670677,1.654124925691891,,122.952788960643,0.0315781941478236,1.217153546207684,18.87897014816106,0.596163784649596,1.4796932194526755,17.043952666359306,0.07837785683435745,0.1744999450920101,1.2017325749060481,0.011250254929953093,-61.05335498308906,0.5014676597906169,-0.8555347091932457,-0.7936918473041019,0.4406503320536183,0.8019464282282143,-0.4368857548117451,-0.8586465350291478,-0.7403330966367568,-0.8492539864790603,0.07383253233608972,0.24138377406965678,Oil & Gas Midstream,Energy,18.61,549099216,257480,TNP
2008,2008-12-31,2008-12-31,202931000.0,623040000.0,278838000.0,26.65,396218000.0,0.6359431176168464,2602317000.0,910658000.0,370781000.0,189488000.0,1687202000.0,10919000.0,693511000.0,1889428120.4,121.25020088358153,1.9567518787469391,0.5816466633388631,1.6621267259498078,,121.25020088358153,0.22283996846236456,1.1042118008474575,3.3901578388713403,0.7554626658965274,0.33127516249365546,20.77314772415056,0.09771673716641595,0.23941741148368934,1.7609980579245124,0.07798089164386968,14.512870652265631,0.6359431176168464,0.11273486430062628,2.1359450387601284,1.4712261057610063,1.6417641576361188,0.29968903351090354,0.10787733866168771,0.11668308623879664,0.3210959609781963,1.2193274929516928,0.5793458409280929,Oil & Gas Midstream,Energy,18.61,549099216,257480,TNP
TTM,,,,,,,,,,,,,,,,1911512216.0,52.622629764705685,1.3879687411242483,0.5037757947152475,1.1324026069758957,0.08057897411363366,52.622629764705685,0.14979299410351285,0.6381906276150627,2.5484143630880403,0.35365013271309065,0.0,21.884693138040202,0.029554003224073082,0.2600515327595717,1.0588795386367387,0.06173624596691929,3.1432778979907265,0.3331578335657834,,,,,,,,,,,Oil & Gas Midstream,Energy,18.61,549099216,257480,TNP
