Quarters,Year,Quarter,FillingDate,Date,NetIncome,Revenue,OperatingIncome,EPSDiluted,GrossProfit,GrossProfitRatio,TotalAssets,CommonStockEquity,CurrentAssets,CurrentLiability,TotalLiability,Inventory,RetainedEarnings,MarketCap,EnterpriseValue,bookValuePerShare,currentRatio,debtToAssets,debtToEquity,roic,shareholdersEquityPerShare,roe,priceToSalesRatio,peRatio,pbRatio,payoutRatio,inventoryTurnover,dividendYield,assetTurnover,quickRatio,returnOnAssets,priceToFreeCashFlowsRatio,grossProfitMargin,epsdilutedGrowth,fiveYNetIncomeGrowthPerShare,fiveYRevenueGrowthPerShare,fiveYShareholdersEquityGrowthPerShare,grossProfitGrowth,netIncomeGrowth,operatingIncomeGrowth,threeYNetIncomeGrowthPerShare,threeYRevenueGrowthPerShare,threeYShareholdersEquityGrowthPerShare,Industry,Sector,Symbol
2022Q4,2022,Q4,2022-12-31,2022-12-31,101137000.0,270255000.0,122417000.0,3.62,130034000.0,0.4811529851,3308575000.0,1471897000.0,513114000.0,369687000.0,1785656000.0,26217000.0,311726000.0,473545627.07,1835958627.07,52.622629764705685,1.3879687411242483,0.5037757947152475,1.1324026069758957,0.039702860911866866,52.622629764705685,0.06871200906041659,1.7522178204658563,1.1705548589289776,0.3217247042897703,0.0,5.348476179578136,0.0,0.0816832019827267,1.0588795386367387,0.030568144896216648,4.68221943571591,0.4811529851436606,1.445945945945946,7.1912478006414915,0.240093557498794,-0.3919914069404886,0.7155107587171334,0.9694084199867585,0.8271194029850746,4.271342690414432,0.053475685315327384,-0.30667445717135544,Oil & Gas Midstream,Energy,TNP
2022Q3,2022,Q3,2022-09-30,2022-09-30,51354000.0,223742000.0,67000000.0,1.48,75799000.0,0.3387785932,3107004000.0,1372652000.0,201425000.0,0.0,1683480000.0,0.0,0.0,437895056.67,1731146056.67,47.866254073281,0.0,0.4810666481279071,1.0888965302203326,0.02310914058454863,47.866254073281,0.03741225015517407,1.9571428550294536,2.131747559440355,0.3190138918458575,,0.0,,0.07201213773783362,0.0,0.016528462789233617,0.0,0.3387785932010977,0.12977099236641215,10.033741379482134,0.06376613213958848,-0.46229637308214755,0.17605349717619315,0.1109572742022715,0.16789847998884397,4.349991138884204,0.061662061880552524,-0.40718251788921095,Oil & Gas Midstream,Energy,TNP
2022Q2,2022,Q2,2022-06-30,2022-06-30,46225000.0,216699000.0,57368000.0,1.31,64452000.0,0.2974263841,3064068000.0,1327103000.0,324762000.0,360394000.0,1686093000.0,32951000.0,181008000.0,254733683.88000003,1642820683.88,46.73160505780536,0.9011304294744086,0.5056137788064756,1.16738113017603,0.019257236550067183,46.73160505780536,0.0348315089333684,1.1755185020696912,1.3776835255813955,0.19194718411457137,0.0,4.620406057479287,0.0,0.07072264714751761,0.6644949693946071,0.015086153440458893,5.1702629215125135,0.297426384062686,4.954545454545455,6.675090715700745,-0.026863407949147225,-0.48131686463154694,2.938645807870936,7.339346924048349,4.9951928101159995,92.66341605895511,-0.07011977229731668,-0.4231770390734409,Oil & Gas Midstream,Energy,TNP
2022Q1,2022,Q1,2022-03-31,2022-03-31,5543000.0,149704000.0,9569000.0,0.22,16364000.0,0.1093090365,3050377000.0,1282782000.0,433441000.0,0.0,1716607000.0,0.0,0.0,224775682.49999997,1585742682.5,50.16402866444416,0.0,0.49303184491621854,1.1723995191700538,0.0030245526308393974,50.16402866444416,0.004321077158862535,1.5014674457596322,10.137817179325273,0.1752251610172266,0.0,0.0,0.0,0.04907721242325129,0.0,0.0018171524372233333,9.256122652775488,0.10930903649869075,1.0594594594594595,-0.7917408709308196,-0.2888370088179515,-0.40444360300656834,22.015471167369903,1.0585730287211785,1.1030564769741094,-0.6617790721984805,-0.3024475487189523,-0.4092201035378816,Oil & Gas Midstream,Energy,TNP
2021Q4,2021,Q4,2021-12-31,2021-12-31,-94634000.0,139129000.0,-92852000.0,-3.7,711000.0,0.0051103652,2894814000.0,1240803000.0,239662000.0,332096000.0,1603023000.0,22918000.0,149505000.0,185139470.0,1529707470.0,48.52241242777674,0.721664819811139,0.5049581769329566,1.1780758105839524,-0.031097285765722266,48.52241242777674,-0.07626835202687292,1.33070366350653,-0.48909342836612635,0.14920939907463152,0.0,6.039706780696396,0.0,0.04806146439805804,0.5274438716515706,-0.03269087409415596,10.33894398838443,0.005110365200641132,-1.1511627906976745,-6.207591571325213,-0.3007419637945992,-0.4200933856854016,1.080148799458911,-2.784149072296865,-4.68423630241812,-0.026763737541584686,-0.3800094131137505,-0.43123217541037756,Oil & Gas Midstream,Energy,TNP
2021Q3,2021,Q3,2021-09-30,2021-09-30,-25008000.0,131562000.0,-16335000.0,-1.72,-8871000.0,-0.06742828476307748,2985826000.0,1305373000.0,395932000.0,0.0,1634039000.0,0.0,0.0,211765187.29999998,1482890187.3,65.95744691601631,0.0,0.4644450145453888,1.0623415682720572,-0.0060676974508984535,65.95744691601631,-0.01915774265286627,1.609622742889284,-2.1169744411788227,0.16222580618719704,0.0,0.0,0.0,0.0440621791088965,0.0,-0.008375571784826041,45.86640400693091,-0.06742828476307748,-0.15436241610738255,-11.533943076936167,0.02019574479931677,-0.2077624798627155,-16.955035971223023,-0.27176566314076483,-0.2674581005586592,-0.5168093732683673,-0.07959187378496427,-0.26705543286519373,Oil & Gas Midstream,Energy,TNP
2021Q2,2021,Q2,2021-06-30,2021-06-30,-19664000.0,136415000.0,-12888000.0,-1.49,556000.0,0.004075798116042957,3035497000.0,1321839000.0,237059000.0,341647000.0,1667244000.0,24721000.0,294089000.0,160478863.79999998,1550584863.8,70.83683876380984,0.6938711594130784,0.5003981226138586,1.1491240612510298,-0.0043766826864301105,70.83683876380984,-0.014876244383771397,1.1764018898215005,-2.040262202502034,0.12140575652556779,0.0,5.495691921847822,0.0,0.044939922523395674,0.5195362464766264,-0.006478016614742166,8.837428481744588,0.004075798116042957,-0.8624999999999999,-2.097958792466652,0.04315554224191558,-0.1362023119679547,-0.9386448907525933,-3.0779759435918708,-6.810640216411182,-0.9181081670955502,0.025739777669655073,-0.22257634766295867,Oil & Gas Midstream,Energy,TNP
2021Q1,2021,Q1,2021-03-31,2021-03-31,-4822000.0,139013000.0,2218000.0,-0.8,9062000.0,0.06518814787106242,3058925000.0,1348332000.0,406339000.0,0.0,1682450000.0,0.0,0.0,172385080.54000002,1517746080.54,74.0708186578662,0.0,0.48129947612314783,1.0919113393437225,0.0007863600217117618,74.0708186578662,-0.003576270532776794,1.240064458288074,-8.937426407092492,0.12785061879418425,0.0,0.0,0.0,0.04544505014016362,0.0,-0.001576370783853805,13.874050747686118,0.06518814787106242,0.5164819224678762,-1.1805217857837933,0.08376505018928261,-0.08895818107590618,0.570265118696933,0.839896407463975,1.1101455033023786,0.6161635434148933,0.04868929218801003,-0.1296206308282391,Oil & Gas Midstream,Energy,TNP
2020Q4,2020,Q4,2020-12-31,2020-12-31,-30118000.0,131632000.0,-20137000.0,-1.65454,5771000.0,0.04384192293667193,3112275000.0,1353675000.0,321474000.0,382040000.0,1730457000.0,21813000.0,338800000.0,146172354.45999998,1553164354.46,74.36433715634357,0.8414668621086797,0.5036402631515531,1.1579345116072912,-0.006738722169348502,74.36433715634357,-0.022249062736624376,1.1104621555548801,-1.2133305204528853,0.10798186747926938,0.0,5.7699995415577865,0.0,0.042294463053554075,0.5406083132656266,-0.009677165417580387,-0.8598222058434262,0.04384192293667193,-2.008254545454545,-1.7231957408370038,-0.12439243980213702,-0.08193699920597643,-0.7344346785697851,-22.20985915492958,-2.3300528401585203,-1.8330185867340756,-0.07189445173716964,-0.14078493966569103,Oil & Gas Midstream,Energy,TNP
2020Q3,2020,Q3,2020-09-30,2020-09-30,1420000.0,142834000.0,15140000.0,-0.55,21731000.0,0.15214164694680538,3178702000.0,1393334000.0,527132000.0,0.0,1757900000.0,0.0,0.0,147356835.12,1405866835.12,74.8876376926356,0.0,0.4703187024137525,1.0729681469051928,0.00524177061056241,74.8876376926356,0.0010191382683548955,1.0316649755660416,25.94310477464789,0.10575844350313708,0.0,0.0,0.0,0.04493469346922108,0.0,0.00044672322224606145,3.267480489600426,0.15214164694680538,-1.514018691588785,-0.9670070833350822,-0.06316480486274612,-0.050870050026462575,-0.7012058463611489,-0.9548905619619429,-0.6773643609086647,1.3850061107995335,0.04668534554983194,-0.1587527543518907,Oil & Gas Midstream,Energy,TNP
2020Q2,2020,Q2,2020-06-30,2020-06-30,31479000.0,190770000.0,46926000.0,1.07,72729000.0,0.38123918855165906,3155971000.0,1452003000.0,382728000.0,317352000.0,1676500000.0,14865000.0,390537000.0,191829937.8,1469761937.8,76.07066090598504,1.2060046887998186,0.4823963845041669,1.0485026546088403,0.015454882584916884,76.07066090598504,0.02167970727333208,1.0055561031608744,1.5234754741256076,0.1321140092685759,0.0,7.940867810292634,0.0,0.06044732350202204,0.9640682901005824,0.00997442625423364,7.051534252315836,0.38123918855165906,0.7833333333333335,-0.3232251076208725,0.09940847318495695,-0.017257114609598587,0.19754001185536454,0.4833890957070826,-0.14317015721145945,6.776266468322867,0.27459022885926276,-0.1556770014755468,Oil & Gas Midstream,Energy,TNP
2020Q1,2020,Q1,2020-03-31,2020-03-31,21221000.0,178899000.0,54767000.0,0.6,60732000.0,0.3394764643737528,3159609000.0,1443086000.0,220851000.0,0.0,1695600000.0,0.0,0.0,311700988.0,1571929988.0,75.46431582051963,0.0,0.46875420344732527,1.0263282992143226,0.018729100878677886,75.46431582051963,0.014705291299340442,1.742329403741776,3.672081758635314,0.21599612774290652,0.0,0.0,0.0,0.056620613499961545,0.0,0.00671633736959225,5.425321358327676,0.3394764643737528,-0.13043478260869562,-0.4956823576425912,0.06471983658434233,0.07061603117700697,-0.025403193452619755,0.6178241976061599,1.0001826083780725,0.06619070024373312,0.13645837063672828,-0.10407403017257075,Oil & Gas Midstream,Energy,TNP
2019Q4,2019,Q4,2019-12-31,2019-12-31,13117000.0,175386000.0,27381000.0,0.69,62315000.0,0.3553020195454597,3154103000.0,1451396000.0,397014000.0,354200000.0,1681784000.0,13032000.0,364000000.0,416876168.0,1787765168.0,75.89887652200832,1.120875211744777,0.4932381726278438,1.0718811406397704,0.00904096616596468,75.89887652200832,0.009037505959779412,2.3769067542449225,7.945341312800183,0.287224277867653,0.0,8.676411909146715,0.0,0.05560566665070862,0.6947713156408809,0.004158710099194604,-10.626734507634659,0.3553020195454597,1.6272727272727272,-0.14207501428621905,0.13053071847913528,0.10234740645507087,2.3051341890315054,2.3765347885402455,1.33805823584664,-0.03476266445453583,0.1787578592607958,-0.09290865165303358,Oil & Gas Midstream,Energy,TNP
2019Q3,2019,Q3,2019-09-30,2019-09-30,-9529000.0,131002000.0,11711000.0,-1.1,18854000.0,0.14392146684783438,3136249000.0,1439316000.0,177004000.0,0.0,1675998000.0,0.0,0.0,262929753.5,1615158753.5,80.74366144339766,0.0,0.4875993583417643,1.0624720353278918,0.003945024993692204,80.74366144339766,-0.006620505851390522,2.0070667127219433,-6.898146539510967,0.18267687811432654,0.0,0.0,0.0,0.04177028035720378,0.0,-0.0030383429376940416,7.150854075443988,0.14392146684783438,-0.5714285714285716,-2.736216656311197,0.02994505318343294,0.1762968115766599,-0.2691964804837397,-32.24262295081967,-0.38369645300494687,-5.456381970804883,0.12785700670850175,-0.030160185093692917,Oil & Gas Midstream,Energy,TNP
2019Q2,2019,Q2,2019-06-30,2019-06-30,305000.0,144020000.0,19002000.0,-0.7,25799000.0,0.17913484238300237,3164764000.0,1421854000.0,378229000.0,349505000.0,1721975000.0,17461000.0,383920000.0,287826445.2,1662218445.2,81.01550774390067,1.0821848042231155,0.49208124207681836,1.0952749016425034,0.006324458500275917,81.01550774390067,0.00021450866263343494,1.9985171865018747,235.9233157377049,0.20243037977176276,47.855737704918035,6.770574422999828,0.05071111513001447,0.04550734272760939,0.6734066751548619,9.637369484738831e-05,8.629960578076277,0.17913484238300237,-15.0,0.3996291111414924,0.17014088748076747,0.11669670158970546,-0.245687386702532,-0.9728381868376526,-0.3156378304401066,-0.9818929976317083,0.1709606279291222,-0.012081714752118729,Oil & Gas Midstream,Energy,TNP
2019Q1,2019,Q1,2019-03-31,2019-03-31,11229000.0,147046000.0,27766000.0,0.05,34202000.0,0.23259388218652666,3190728000.0,1487729000.0,287317000.0,271236000.0,1691269000.0,18109000.0,397577000.0,275078585.3,1684794585.3,84.91153636887633,1.0592878526449292,0.49739401164875224,1.0667594703067562,0.008950621363185501,84.91153636887633,0.007547745590762833,1.8706975048624241,6.124289458099564,0.18489831501570514,0.9087184967494879,6.231376663537468,0.0370948541445767,0.04608540746813893,0.8671046616230884,0.003519259554559336,14.943425972403304,0.23259388218652666,1.0138724731290194,-0.41357988553716,-0.14140828291622567,0.04415096382392083,0.01812877682850594,1.1778147268408552,1.7005601251450775,-0.5632468316078842,0.1910376994671511,0.04437836576989346,Oil & Gas Midstream,Energy,TNP
2018Q4,2018,Q4,2018-12-31,2018-12-31,-63150000.0,153755000.0,-39634000.0,-3.60426,33593000.0,0.21848395174140678,3205058000.0,1494736000.0,317502000.0,254302000.0,1698281000.0,20388000.0,400933000.0,233028355.70000002,1623866355.7,85.3114580853561,1.248523409174918,0.49783841665267836,1.0674801436507853,-0.012825138488132524,85.3114580853561,-0.042248263238458164,1.5155822945595265,-0.9225192228820269,0.1558993398834309,0.0,5.893761035903473,0.0,0.047972610792066786,1.027337575009241,-0.01970323157958452,10.746062056721236,0.21848395174140678,-1.5744714285714287,-0.3496913220263073,0.1136523657018118,0.152711723706346,3.1142682180036743,-3.3289004661365507,-20.457044673539517,-2.5754174553285125,0.06260006400630108,0.05321039905583923,Oil & Gas Midstream,Energy,TNP
2018Q3,2018,Q3,2018-09-30,2018-09-30,-14588000.0,126473000.0,2037000.0,-1.4,8165000.0,0.06455923398670071,3315948000.0,1575837000.0,376466000.0,104149000.0,1727664000.0,0.0,0.0,292438843.59999996,1683385843.6,89.98967981146811,3.6146866508559854,0.4896081000063933,1.0302556673056922,0.000636691430014578,89.98967981146811,-0.009257302627111814,2.3122630411234018,-5.011633596106388,0.18557683542143,0.0,0.0,0.0,0.03814082729885993,2.233031522146156,-0.0043993452249552764,-78.06696305392417,0.06455923398670071,-0.47368421052631576,-5.925635806495859,-0.23972295311367453,0.0006920198118160695,-0.2598803480783176,-0.527059562441118,-0.4717323651452282,-1.360126132742451,-0.1186347228434119,0.14053404445941994,Oil & Gas Midstream,Energy,TNP
2018Q2,2018,Q2,2018-06-30,2018-06-30,-9553000.0,123927000.0,3856000.0,-0.95,11032000.0,0.08902014895866114,3397714000.0,1584389000.0,378174000.0,384839000.0,1800878000.0,17881000.0,501113000.0,323424816.6,1723008816.6,91.1174216926185,0.9826810692263518,0.4921205846048255,1.0553500434552374,0.0011841028056726387,91.1174216926185,-0.006029453625340747,2.6098010651431895,-8.463959400188422,0.2041322027608119,-1.1493771590076416,6.313684916950954,0.03394915738200653,0.03647364080673064,0.8302588874828175,-0.00281159626737271,93.80070087006962,0.08902014895866114,0.09523809523809532,-3.0667870358510307,-0.2556830687421908,0.058522122038758645,-0.7712911518368024,0.19823751573646664,-0.3106900250268144,-1.2254514415321278,-0.2160202150718801,0.1771292221873243,Oil & Gas Midstream,Energy,TNP
2018Q1,2018,Q1,2018-03-31,2018-03-31,-11915000.0,125725000.0,5594000.0,-1.05,48236000.0,0.38366275601511235,3316194000.0,1469269000.0,274047000.0,424281000.0,1833495000.0,18622000.0,523557000.0,284869992.0,1837240992.0,85.1017628420476,0.6459091969708755,0.5158166259271925,1.164217035818492,0.0017592207350297202,85.1017628420476,-0.008109474847696372,2.2658181904951284,-5.9771295006294585,0.1938855253871143,-0.5573646663869073,4.161153474385136,0.02331238876153723,0.03791243817460619,0.4614135443255767,-0.003592974355541322,11.800256493103019,0.38366275601511235,-0.7978836341221193,-8.637883124217055,-0.1585325297603261,0.03611053449150471,1.0758273443215562,-0.18169195675890112,0.7730586370839937,-1.3136318629945583,-0.1712245231080409,0.20734297514621688,Oil & Gas Midstream,Energy,TNP
2017Q4,2017,Q4,2017-12-31,2017-12-31,-10083000.0,134517000.0,3155000.0,-0.58402,23237000.0,0.1727439654467465,3373636000.0,1494258000.0,304393000.0,338923000.0,1865498000.0,16293000.0,547937000.0,337527778.40000004,1899633778.4,86.54915467544227,0.8981184516837157,0.5192821632209284,1.1724006162255782,0.0009719274692579804,86.54915467544227,-0.00674783069590392,2.5091830653374667,-8.36873396806506,0.2258831998222529,0.0,6.829926962499233,0.0,0.03987300348941024,0.6994273035468234,-0.0029887634587726715,-1.287836492183953,0.1727439654467465,0.026633333333333325,0.7298039010879309,-0.1231155191839967,0.05677330988310574,0.3185609714577541,-2.002680166765932,-0.7199538434226878,-1.7304531732517097,-0.0395993784356107,0.25703094115875896,Oil & Gas Midstream,Energy,TNP
2017Q3,2017,Q3,2017-09-30,2017-09-30,-3358000.0,124244000.0,11266000.0,-0.6,17623000.0,0.14184185956665915,3449629000.0,1507966000.0,395883000.0,117470000.0,1928605000.0,0.0,0.0,380295703.75,1965545703.75,89.01977163080166,3.370077466587214,0.5250231256752538,1.2010449837728436,0.0033942926111618778,89.01977163080166,-0.002226840658211127,3.060877819049612,-28.312664067153065,0.2521911659480386,0.0,0.0,0.0,0.036016626715510563,1.9229164893164212,-0.0009734380131892444,13.268289154629823,0.14184185956665915,-3.0,0.7845512456305349,-0.1064018043983303,0.0,-0.31870723315421196,-1.9393006993006994,-0.4165717244950803,-1.6438429183987884,0.027907879137963228,0.2968655577998531,Oil & Gas Midstream,Energy,TNP
2017Q2,2017,Q2,2017-06-30,2017-06-30,3575000.0,132180000.0,19310000.0,-0.15,25867000.0,0.19569526403389317,3483327000.0,1518746000.0,406576000.0,394849000.0,1951523000.0,15285000.0,585333000.0,404564544.0,1980205544.0,90.09663486476957,1.0296999612510098,0.5242255464387926,1.2023399567801332,0.005773149027070418,90.09663486476957,0.002353915664633849,3.0607092147072175,28.291226853146853,0.2663806482453287,0.0,6.955381092574419,0.0,0.037946480476854456,0.7256318238111278,0.0010263176555057852,-2.4553736124345287,0.19569526403389317,-1.1875,1.4044479792584186,-0.1395728867752063,0.020494133375907195,-0.2786066876760465,-0.7954688483322845,-0.3508589101421992,16.080455283335645,0.11812759255277919,0.24186859750187523,Oil & Gas Midstream,Energy,TNP
2017Q1,2017,Q1,2017-03-31,2017-03-31,17479000.0,138242000.0,29747000.0,0.8,35857000.0,0.2593784812141028,3358096000.0,1414509000.0,348465000.0,120963000.0,1931280000.0,0.0,0.0,402199678.7,2052376678.7,84.23052613940341,2.8807569256714864,0.5390903059352681,1.279820064771592,0.009224373656129044,84.23052613940341,0.012356937990497056,2.9093884543047697,5.75261283111162,0.284338720149536,0.0,0.0,0.0,0.04116678022307879,1.3238758959351207,0.005205032851949438,7.386044711132332,0.2593784812141028,0.1267605633802818,2.0924588712502294,-0.255817383367054,-0.14051318068096164,0.2633711507293355,0.46463884699178815,0.3673009744438316,-0.047630919798912444,-0.15784037649946175,0.03577663074874241,Oil & Gas Midstream,Energy,TNP
2016Q4,2016,Q4,2016-12-31,2016-12-31,11934000.0,130664000.0,21756000.0,0.71,28382000.0,0.2172136166044205,3277575000.0,1405143000.0,358311000.0,393286000.0,1860125000.0,18756000.0,582889000.0,393803025.7,1959881025.7,83.67280391365465,0.9110698067055527,0.5351075108883855,1.2481683358917919,0.006886993913892949,83.67280391365465,0.008493085757107995,3.0138601734219064,8.249602515920898,0.2802583265190802,0.0,5.453294945617403,0.0,0.03986605951046124,0.5977354902030584,0.003641106610832704,-0.7240729908875617,0.2172136166044205,8.1,1.1160530447066166,-0.28659716066441826,-0.15677956974348858,0.6987072061288006,4.937313432835821,1.049938754357863,1.2661142079501668,-0.012590563069464992,0.1305705492707774,Oil & Gas Midstream,Energy,TNP
2016Q3,2016,Q3,2016-09-30,2016-09-30,2010000.0,109183000.0,10613000.0,-0.1,16708000.0,0.15302748596393212,3096151000.0,1395042000.0,396873000.0,111975000.0,1689628000.0,0.0,0.0,403827504.8,1752343504.8,83.25463669605895,3.5443000669792366,0.5095529901480903,1.1309000015770134,0.0035701610827885135,83.25463669605895,0.0014408168356221532,3.698629867287032,50.2273015920398,0.2894733669667293,0.0,0.0,0.0,0.03526410695085608,2.046322839919625,0.0006491931433576721,8.99613501748758,0.15302748596393212,-1.1333333333333333,1.0460215012695018,-0.35919547979891836,-0.2113690651545428,-0.4738963410794131,-0.8775435603752894,-0.5632869722656572,1.9972399917497299,-0.31408734480989736,-0.0742021670860415,Oil & Gas Midstream,Energy,TNP
2016Q2,2016,Q2,2016-06-30,2016-06-30,16414000.0,119851000.0,24302000.0,0.75,31758000.0,0.26497901561105036,3057753000.0,1402475000.0,408731000.0,400232000.0,1643797000.0,15204000.0,587767000.0,401042908.34999996,1694088908.35,82.00628427843387,1.0212351835935158,0.5059182347298817,1.1030307135599564,0.008239507867234819,82.00628427843387,0.011703595429508547,3.346179075268458,6.108244613592055,0.28595369496782475,0.661752162787864,5.794067350697185,0.027084383675276127,0.039195775459953765,0.7460872693837575,0.005367994079312489,-3.346514142724822,0.26497901561105036,-0.4,1.4879827322769,-0.3624568359159987,-0.24715363398187185,-0.5094531974050046,-0.35441494591937067,-0.2666646549382902,8.104581229118477,-0.26810964169033824,-0.04732306465214998,Oil & Gas Midstream,Energy,TNP
2016Q1,2016,Q1,2016-03-31,2016-03-31,25425000.0,122091000.0,33139000.0,1.25,64740000.0,0.530260215740718,2928426000.0,1408711000.0,414318000.0,372651000.0,1508230000.0,13530000.0,582025000.0,535391600.09999996,1685094600.1,81.30342331084324,1.111812392828679,0.48396271580705813,1.0060608598924832,0.011726634488810882,81.30342331084324,0.018048414472521333,4.38518482197705,5.264420846607669,0.3800577975894274,0.15614552605703047,4.238802660753881,0.007415133146015901,0.041691680103919306,0.8339626084459723,0.008682138459363494,-12.444311184715152,0.530260215740718,-0.45414847161572053,0.45638323252341984,-0.34531426384657,-0.2626782538174432,0.21684867394695787,-0.35860242179616547,-0.31065254924801866,15.240134017519008,-0.18576639317649268,-0.010134096294355903,Oil & Gas Midstream,Energy,TNP
2015Q4,2015,Q4,2015-12-31,2015-12-31,39640000.0,143092000.0,48073000.0,2.29,53203000.0,0.37180974477958234,2900697000.0,1403477000.0,452226000.0,401910000.0,1485625000.0,14410000.0,567464000.0,686132924.4,1796550924.4,81.00134423457496,1.1251922072105696,0.48267502603684564,0.9975895579336177,0.017147059946047382,81.00134423457496,0.02824413937670514,4.795047412853269,4.327276263874873,0.48888077567355936,0.2282795156407669,6.2379597501734905,0.013188406616564924,0.049330212704050094,0.8443034510213729,0.013665681041487614,-44.769210779068246,0.37180974477958234,0.09047619047619045,8.995891714162276,-0.19852386340845454,-0.2653526785021123,0.11154521143239178,-0.009272450076229037,0.06495203916616824,2.058455584092626,-0.0705409719772194,-0.01096597681685924,Oil & Gas Midstream,Energy,TNP
2015Q3,2015,Q3,2015-09-30,2015-09-30,40011000.0,141736000.0,45141000.0,2.1,47864000.0,0.33769825591240055,2843566000.0,1364713000.0,388263000.0,431384000.0,1467329000.0,17305000.0,531790000.0,703100529.9,1793376529.9,78.90135349192545,0.9000403352929177,0.48205387179337494,1.004425106231127,0.01650213035078131,78.90135349192545,0.02931825226256363,4.960634770982672,4.3931701900727305,0.5152002874597077,0.24905650945989852,5.424559375902918,0.014172937689888095,0.04984445586984793,0.7694073030061384,0.014070712619295631,61.941725830323314,0.33769825591240055,-0.06666666666666662,4.202615066975078,-0.34485112569283655,-0.3474309826117377,-0.12132616158463826,-0.030882139223950007,-0.08195887820056537,3.514148350048532,-0.0016214794225267897,0.0,Oil & Gas Midstream,Energy,TNP
2015Q2,2015,Q2,2015-06-30,2015-06-30,41286000.0,154020000.0,49171000.0,2.25,54473000.0,0.3536748474224127,2826257000.0,1311456000.0,430790000.0,395833000.0,1503424000.0,19113000.0,501744000.0,807308171.35,1932806171.35,77.40647328702404,1.0883124954210488,0.49692048529203114,1.0708899116706927,0.018104990608940524,77.40647328702404,0.03148104091940561,5.2415801282301,4.888510459659448,0.6155815912619256,0.17424792908007558,5.208339873384607,0.008911095236370544,0.05449610562662914,0.8712916810877315,0.014608013354765685,86.7047762163033,0.3536748474224127,0.07142857142857138,1.1886457505608323,-0.38745495620267567,-0.3719494254886904,-0.30464142561719726,0.10742737587511064,0.07604604341736694,5.647180760846413,-0.0024708578197353294,-0.12324303795262574,Oil & Gas Midstream,Energy,TNP
2015Q1,2015,Q1,2015-03-31,2015-03-31,37281000.0,148867000.0,45696000.0,2.1,78338000.0,0.5262281096549268,2718543000.0,1194220000.0,290617000.0,379048000.0,1512956000.0,16805000.0,467653000.0,692946573.1,1902539573.1,70.48681658311818,0.7667023701483717,0.5184258626771767,1.1801535730434929,0.017551197714841434,70.48681658311818,0.03121786605483077,4.654803100082624,4.646781021834178,0.5802503501029961,0.19294010353799523,4.19690568283249,0.010380309650455503,0.05475984746240909,0.661261898229248,0.013713595848952913,59.95384781969199,0.5262281096549268,1.625,-0.15304062031831506,-0.37143860294285896,-0.429660273312474,0.9281776114994585,1.7521777646537724,0.5632183908045977,3.3095949677292684,-0.20567595822390813,-0.28075375323331925,Oil & Gas Midstream,Energy,TNP
2014Q4,2014,Q4,2014-12-31,2014-12-31,13546000.0,137448000.0,29232000.0,0.8,40628000.0,0.29558814970025027,2699097000.0,1166523000.0,289799000.0,327282000.0,1521185000.0,15941000.0,437565000.0,591291819.1,1807520819.1,68.85204798193698,0.885471856075189,0.5254853752940335,1.215866296678248,0.011308934065649229,68.85204798193698,0.01161228711307021,4.301931051015657,10.91266460763325,0.5068839783699078,0.4681086667650967,6.073646571733266,0.010723977222704654,0.05092369781449129,0.7592595987558131,0.005018715518560467,53.03541296080366,0.29558814970025027,3.0000000000000004,1.359546189921219,-0.3816001451924498,-0.432442740707376,0.6459911680103715,1.5970092024539877,1.112443994796936,1.1305693778825607,-0.25616421567292097,-0.3061371101740214,Oil & Gas Midstream,Energy,TNP
2014Q3,2014,Q3,2014-09-30,2014-09-30,5216000.0,120881000.0,13838000.0,0.2,24683000.0,0.204192553006676,2685500000.0,1162876000.0,286345000.0,216886000.0,1511474000.0,20790000.0,431207000.0,540421440.9,1756778440.9,68.64225138481177,1.3202558025875344,0.5291517408303854,1.2220021739205211,0.005355443468878403,68.64225138481177,0.004485430948785597,4.470689693996575,25.902101270130366,0.4647283467024859,1.2164493865030674,4.627128427128427,0.011740836909492796,0.04501247439955316,1.1177346624493973,0.0019422826289331595,-7.247558416704664,0.204192553006676,3.0000000000000004,0.07650287506216545,-0.5041033285328322,-0.4486658019995236,0.3091651638909515,25.21105527638191,0.6318396226415094,1.118124306538171,-0.29827725682512646,-0.3497851287595191,Oil & Gas Midstream,Energy,TNP
2014Q2,2014,Q2,2014-06-30,2014-06-30,199000.0,112396000.0,8480000.0,-0.1,18854000.0,0.16774618313818998,2618493000.0,1162749000.0,305866000.0,203864000.0,1444565000.0,19318000.0,432342000.0,536104153.50000006,1668837153.5,72.54924961143767,1.500343366165679,0.5203221853180436,1.1717576192282255,0.0033581378808645148,72.54924961143767,0.0001711461373004836,4.76977964963166,673.497680276382,0.4610661058405555,31.477386934673365,4.842219691479449,0.011684296715675417,0.04292392609031225,1.282394145116352,7.59979117759719e-05,-9.735311859882328,0.16774618313818998,-1.105263157894737,-0.9951174824517992,-0.5466202705703684,-0.42636674336077984,-0.47976049226014733,-0.986338985377909,-0.6538492938199036,1.0063130328018235,-0.3620102060060766,-0.3339725192051338,Oil & Gas Midstream,Energy,TNP
2014Q1,2014,Q1,2014-03-31,2014-03-31,14567000.0,130288000.0,24498000.0,0.95,36241000.0,0.27816069016333045,2545101000.0,1083923000.0,270789000.0,217062000.0,1450049000.0,18421000.0,439036000.0,517162173.59999996,1675228173.6,81.32113009589223,1.247519141996296,0.5321584487216814,1.2495324852411103,0.010047081597165261,81.32113009589223,0.013439146507639381,3.96937686970404,8.875577908972334,0.4771207674345871,0.17004187547195718,5.105423158351881,0.0047896001031116405,0.05119168158748906,1.055795118445421,0.005723544959512412,-17.925277238223977,0.27816069016333045,1.355747950704568,-0.6688254200260736,-0.4265910001467481,-0.33308412507799595,1.228295622233153,1.4092543687138281,2.0601982083351364,0.08468310603636671,-0.09182050380057716,-0.2625176751217383,Oil & Gas Midstream,Energy,TNP
2013Q4,2013,Q4,2013-12-31,2013-12-31,-35594000.0,105031000.0,-23107000.0,-2.67043,16264000.0,0.1548495206177224,2483899000.0,986465000.0,232541000.0,228272000.0,1486236000.0,19660000.0,430548000.0,400534106.1,1618595106.1,74.00936099708589,1.0187013737996775,0.555698118160199,1.399236668305515,-0.009763123726372265,74.00936099708589,-0.03608237494487894,3.8134846483419182,-2.8132136462606057,0.40602971833770074,-0.1087542844299601,4.515106815869786,0.009664595201871625,0.04228473057881983,0.8118998387888133,-0.014329890225005124,33.28077325301205,0.1548495206177224,-12.352149999999998,-1.7165536897465348,-0.6258492333690463,-0.39781818697316274,-0.21098336001552417,-25.133627019089573,-3.3932677369238737,-8.333146899467389,-0.23526531234457596,-0.328766956449205,Oil & Gas Midstream,Energy,TNP
2013Q3,2013,Q3,2013-09-30,2013-09-30,-1362000.0,107564000.0,9655000.0,-0.2,20613000.0,0.1916347476850991,2537450000.0,1018244000.0,236074000.0,240676000.0,1517985000.0,16325000.0,469335000.0,294962847.5,1531873847.5,89.92744823566296,0.9808788578836278,0.5534036138643126,1.3790741708274246,0.003985588310812317,89.92744823566296,-0.001337596882476106,2.742207871592726,-54.141491831864904,0.2896779627476322,-2.734948604992658,5.326248085758039,0.01262870911225523,0.0423905889771227,0.8059839784606692,-0.0005367593450117244,20.335253188555672,0.1916347476850991,0.0,-1.0220811824034761,-0.5500415265565967,-0.27819114361068187,0.09399214520751513,0.10688524590163935,0.11631402474274483,0.8334672207783917,-0.2405065080586408,-0.256237517682305,Oil & Gas Midstream,Energy,TNP
2013Q2,2013,Q2,2013-06-30,2013-06-30,-1525000.0,108091000.0,8649000.0,-0.2,18842000.0,0.17431608552053363,2521304000.0,971725000.0,212041000.0,262337000.0,1547979000.0,17092000.0,472279000.0,262461042.75,1559993042.75,86.07984641560677,0.8082771397096101,0.5705979921500938,1.4805124906738016,0.003588236855992592,86.07984641560677,-0.0015693740513005223,2.428148900000925,-43.02640045081968,0.27009806555352595,-1.8504918032786886,5.22168265855371,0.010752071890105299,0.0428710698908184,0.6449147470619851,-0.0006048457464867386,-7.236112672658598,0.17431608552053363,-3.0000000000000004,-1.0147128645998462,-0.578956413449019,-0.3124307248498605,-0.03724899085381432,-2.4950980392156863,-0.10807466226668042,-1.1213324757645806,-0.35481390852752587,-0.30157653876436413,Oil & Gas Midstream,Energy,TNP
2013Q1,2013,Q1,2013-03-31,2013-03-31,1020000.0,97693000.0,9697000.0,0.1,19571000.0,0.20033165119302304,2466576000.0,927202000.0,203985000.0,277215000.0,1536929000.0,19844000.0,479448000.0,243834775.20000002,1548086775.2,82.13579537033978,0.7358368053676749,0.5824811398473025,1.5495372097989435,0.004102056908478063,82.13579537033978,0.0011000839083608535,2.495928830110653,59.76342529411765,0.2629791298983393,0.0,3.936807095343681,0.0,0.039606726085066914,0.591634651804556,0.0004135287134878471,-13.2749768728223,0.20033165119302304,1.046265024566728,-0.9894754170830992,-0.5198936225381549,-0.2732700612575601,0.24434130213631738,1.0418032786885245,1.9127447289156627,-0.9652215877344271,-0.3809192986943029,-0.3354032803064374,Oil & Gas Midstream,Energy,TNP
2012Q4,2012,Q4,2012-12-31,2012-12-31,-24400000.0,100303000.0,-10624000.0,-2.16146,15728000.0,0.1568048812099339,2450884000.0,924534000.0,224029000.0,258907000.0,1524044000.0,14356000.0,478428000.0,211662131.25,1509792131.25,81.89945172348821,0.8652875356788344,0.5885333618400544,1.5601665271369143,-0.004488455872318978,81.89945172348821,-0.026391674075804675,2.1102273237091613,-2.1686693775614754,0.2289392615631226,-0.11540983606557377,5.891264976316522,0.013304222079640427,0.04092523350758338,0.6815960943504811,-0.00995559153350383,-21.508193400060968,0.1568048812099339,-1.4016222222222223,-1.3142063434373525,-0.4852250541038095,-0.2729410532029185,0.49747691135865946,-1.355439714258133,-14.690721649484535,0.02799612423721376,-0.32270257037754574,-0.3248911293104012,Oil & Gas Midstream,Energy,TNP
2012Q3,2012,Q3,2012-09-30,2012-09-30,-10359000.0,92409000.0,776000.0,-0.9,10503000.0,0.11365776060773301,,,,,,,,284843769.1,,,0.0,0.0,0.0,0.0,,0.0,3.0824245376532593,-6.874306619847475,0.0,-0.8152331306110628,0.0,0.02964783125389419,0.0,0.0,0.0,-6.2260933136612024,0.11365776060773301,-0.8,-1.140180715425141,-0.4898332593027396,0.0,-0.746058994197292,-0.8176873135637831,-0.9231454887590373,-4.217000510275132,-0.42956901843766515,0.0,Oil & Gas Midstream,Energy,TNP
2012Q2,2012,Q2,2012-06-30,2012-06-30,-5699000.0,99046000.0,10097000.0,-0.5,41360000.0,0.4175837489651273,2520655000.0,959533000.0,315599000.0,293854000.0,1558932000.0,15368000.0,524448000.0,264643251.10000002,1526130251.1,88.28726390294862,1.0739993330021032,0.5848344973826247,1.5363369472441282,,88.28726390294862,-0.0059393475784574375,2.671922653110676,-11.609196837164415,0.27580422049059283,-1.4793823477803123,3.7536439354502864,0.03185798226463822,0.03929375499622122,0.8042939691139137,-0.0022609202766741185,17.88130075,0.4175837489651273,0.47368421052631576,-1.1064411394364169,-0.4735843389690243,-0.16859101172923485,0.20312999970910783,0.35275411697898923,8.699327569644572,-1.2061961659570093,-0.4108316932512295,-0.3019292276121574,Oil & Gas Midstream,Energy,TNP
2012Q1,2012,Q1,2012-03-31,2012-03-31,-8805000.0,102230000.0,1041000.0,-0.95,34377000.0,0.3362711532818155,2525071000.0,905700000.0,297092000.0,303205000.0,1617223000.0,18421000.0,538578000.0,401091819.8,1729841819.8,98.00095155169255,0.9798387229762042,0.5997348193377533,1.6720470354421995,,98.00095155169255,-0.009721762172904935,3.923425802601976,-11.388183412833616,0.44285284288395715,-0.7871663827370812,3.683459095597416,0.017280332477127226,0.04048599029492636,0.720014511634043,-0.0034870306617120865,23.116351783758862,0.3362711532818155,0.8448576855052985,-1.1669166363936438,-0.26921983120817045,-0.02594433805127593,0.024436034210447894,0.8444098884981711,1.02461167458685,-1.2887069146637988,-0.35109757116724344,-0.1962926453405569,Oil & Gas Midstream,Energy,TNP
2011Q4,2011,Q4,2011-12-31,2011-12-31,-56591000.0,100795000.0,-42297000.0,-6.12341,33557000.0,0.33292326008234535,2535337000.0,917059000.0,287633000.0,279712000.0,1616179000.0,19835000.0,554314000.0,220877753.29999998,1560832753.3,99.23004817162816,1.0283184132250314,0.5978152016871919,1.652743171377196,,99.23004817162816,-0.06170922481541537,2.1913562508060913,-0.9757636077291442,0.2408544633442341,-0.12235161068014348,3.389866397781699,0.03134765677644187,0.039756056098262285,0.7268333142661023,-0.022320898562991822,-15.045143607383691,0.33292326008234535,-1.3551576923076922,-1.6047613559203753,-0.25564567751285266,0.0006089031786141318,0.28891876320338006,-1.3520781379883624,-3.638846238210134,-2.6430858671801576,-0.48214392004625173,-0.19260848209344403,Oil & Gas Midstream,Energy,TNP
2011Q3,2011,Q3,2011-09-30,2011-09-30,-24060000.0,93862000.0,-9118000.0,-2.6,26035000.0,0.27737529564680063,2643024000.0,974482000.0,303797000.0,218010000.0,1666594000.0,20558000.0,617829000.0,257539236.29999998,1574243236.3,105.56856574789805,1.393500298151461,0.5855966498979956,1.588275617199702,,105.56856574789805,-0.02469004045226079,2.7438072521361145,-2.676010352244389,0.2642832153903304,-0.2877389858686617,3.2992995427570775,0.026881340876291168,0.035513109226401274,1.1945736434108527,-0.009103209051450158,-20.739187977129973,0.27737529564680063,-0.3333333333333334,-1.4464027008530589,-0.32719281624949664,0.19261261290221093,-0.24455212836955575,-0.327301814972141,-4.502715751357876,-1.4784771802405203,-0.5183676120948669,-0.1526466367258523,Oil & Gas Midstream,Energy,TNP
2011Q2,2011,Q2,2011-06-30,2011-06-30,-18127000.0,101309000.0,-1657000.0,-1.95,34463000.0,0.3401770819966637,2648804000.0,1003933000.0,300175000.0,210617000.0,1643068000.0,18878000.0,648815000.0,460822800.0,1760473800.0,108.92831257481184,1.4252173376318151,0.5765330315115803,1.5211403549838485,,108.92831257481184,-0.01805598580781785,4.5486857041329,-6.355475257902576,0.45901748423450567,-0.38125448226402603,3.540947134230321,0.014997087817703465,0.03824707301861519,1.22463998632589,-0.006843465956711029,-11.292462262301509,0.3401770819966637,-2.95,-1.4541272575949178,-0.20191380290086744,0.26737754281918835,-0.21794086277713481,-2.9520783975877665,-1.1077513330732214,-1.2142058207160402,-0.5166480345412654,-0.12992687558034288,Oil & Gas Midstream,Energy,TNP
2011Q1,2011,Q1,2011-03-31,2011-03-31,9286000.0,99196000.0,15378000.0,1.0,44067000.0,0.4442417032944877,2660609000.0,1016268000.0,337523000.0,221962000.0,1642652000.0,18128000.0,666942000.0,505974705.3,1764575705.3,110.26858183932224,1.5206341626044098,0.5706313855211345,1.493923846859293,,110.26858183932224,0.009137353532729556,5.100757140408888,13.62197677417618,0.4978752704011146,0.7443463278052983,3.0410966460723743,0.013660761946393686,0.037283193434285156,1.3141393571872664,0.0034901783764544132,116.26257015165442,0.4442417032944877,4.5018910211514225,-0.8157018592765093,-0.14217366835335507,0.34503212147645035,-0.0342961079943899,4.521425862722791,0.7176365464090249,-0.8826403427119834,-0.4028909967146252,-0.02435376240059818,Oil & Gas Midstream,Energy,TNP
2010Q4,2010,Q4,2010-12-31,2010-12-31,-2637000.0,94966000.0,8953000.0,-0.28556,45632000.0,0.4805088136806857,2702260000.0,1016178000.0,367453000.0,217244000.0,1682330000.0,14011000.0,671480000.0,460814850.0,1746644850.0,110.25881652902461,1.6914299129089871,0.5782075003885636,1.5375918392250176,,110.25881652902461,-0.002595017801999256,4.8524192869026805,-43.68741467576792,0.45347847522776524,-2.1714069017823285,3.5210905716936693,0.012425814836479336,0.03514317645230289,1.4150402312607022,-0.0009758498442044807,-4.349279390667472,0.4805088136806857,0.5920571428571428,-1.0359378173345104,-0.11958501751586237,0.38750954517889263,0.08982350552888634,0.5219361856417694,0.04274400186349872,-1.0415930418591761,-0.4030237470351655,-0.021181981885055906,Oil & Gas Midstream,Energy,TNP
2010Q3,2010,Q3,2010-09-30,2010-09-30,-5516000.0,95519000.0,8586000.0,-0.7,41871000.0,0.4383525790680388,2582396000.0,923346000.0,313926000.0,212400000.0,1655482000.0,13650000.0,674115000.0,508605085.79999995,1766775085.8,120.90882556408759,1.477994350282486,0.5838767563146783,1.6329750711001076,,120.90882556408759,-0.005973925267451205,5.324648350589935,-23.05135450507614,0.550828276507398,-1.0386149383611312,3.93025641025641,0.011264142180152774,0.036988517640207004,1.3163418079096045,-0.002136000830236726,-5.17195706484711,0.4383525790680388,-1.6363636363636362,-1.2960679985876686,0.5391130944645636,0.7093666913299435,-0.2601773976959502,-1.6515473659343256,-0.714836095519612,-1.1100460426946102,-0.2225591223616133,0.13091400699074823,Oil & Gas Midstream,Energy,TNP
2010Q2,2010,Q2,2010-06-30,2010-06-30,8466000.0,112847000.0,30109000.0,1.1,56596000.0,0.5015286183948178,2547940000.0,937152000.0,377871000.0,208650000.0,1607392000.0,10457000.0,685360000.0,538725120.6999999,1700155120.6999998,123.24878987214453,1.8110280373831775,0.5757706225421321,1.5654120142730314,,123.24878987214453,0.009033753329235812,4.773942778275009,15.908490452988422,0.5748535143712012,0.0,5.379267476331644,0.0,0.04428950446242847,1.6092355619458423,0.0033226842076344025,-7.3156588905486135,0.5015286183948178,-0.5769230769230769,-0.7869030639790521,0.8181038768181431,0.7361638376511547,0.12815197241214343,-0.5648195743805902,-0.08884853986987441,-0.7739921066601417,-0.1427324927434505,0.16064477664454502,Oil & Gas Midstream,Energy,TNP
2010Q1,2010,Q1,2010-03-31,2010-03-31,19454000.0,104673000.0,33045000.0,2.6,50167000.0,0.4792735471420519,2523329000.0,925411000.0,429226000.0,248655000.0,1595229000.0,12046000.0,683429000.0,551858672.2,1679691672.2,123.58742217116507,1.726190907080091,0.575186192525826,1.5683669202116681,,123.58742217116507,0.0210220107606242,5.272216065269936,7.091840652308009,0.5963390020218045,0.0,4.524821517516188,0.0,0.04148210558353667,1.4105728821057288,0.007709656568762932,-28.438993671734092,0.4792735471420519,2.1789298037988747,-0.47389223427468385,0.4674395394887508,0.8430063628545346,0.2620946438904123,2.168338237943667,5.003028467595397,-0.5448307998077276,-0.07650030682401107,0.22836591283476718,Oil & Gas Midstream,Energy,TNP
2009Q4,2009,Q4,2009-12-31,2009-12-31,-16651000.0,98232000.0,-8255000.0,-2.20539,39749000.0,0.4046441078263702,2549720000.0,908380000.0,471647000.0,264231000.0,1635393000.0,13014000.0,679597000.0,548863509.8,1755256509.8,121.31295451625594,1.7849798093334999,0.5893094143670677,1.654124925691891,,121.31295451625594,-0.018330434399700567,5.587420695903575,-8.240698903969731,0.6042223626676061,-0.664824935439313,4.493852773935761,0.020168948750179785,0.03852658331110867,1.2017325749060481,-0.006530520998384136,35.821923365095934,0.4046441078263702,-8.3513,-1.3306507553799738,0.02536991204164748,0.8843843168804602,-0.23674104228272974,-8.887730933207012,-1.4663578328907971,-1.2196193875041177,-0.10466120426760692,0.2232869437886141,Oil & Gas Midstream,Energy,TNP
2009Q3,2009,Q3,2009-09-30,2009-09-30,2111000.0,106202000.0,17701000.0,0.3,52078000.0,0.49036741304306886,2613107000.0,918934000.0,334678000.0,214997000.0,1688342000.0,15000000.0,696402000.0,577553312.25,1838137312.25,124.50207448360106,1.556663581352298,0.5858665565550893,1.6659868935092184,,124.50207448360106,0.0022972270043332818,5.438252690627295,68.39807108597822,0.6285035837720663,0.0004737091425864519,3.6082666666666667,1.7314418925315409e-06,0.04064204029915346,1.3463071577742944,0.0008078505778753032,-6.152037838197699,0.49036741304306886,-0.8823529411764707,-0.9094410036221752,0.6151641677387495,1.1694602701078445,-0.10159228526575466,-0.88754528020456,-0.2651222651222651,-0.9510163784077316,-0.047938552980542185,0.4065052727552998,Oil & Gas Midstream,Energy,TNP
2009Q2,2009,Q2,2009-06-30,2009-06-30,18772000.0,114180000.0,24087000.0,2.55,57967000.0,0.5076808547906814,2558932000.0,933583000.0,371065000.0,194180000.0,1619658000.0,13425000.0,705362000.0,595700365.5,1763508365.5,126.47322792351048,1.9109331548048203,0.5769875870089552,1.5815112314598703,,126.47322792351048,0.02010747839238718,5.217204111928534,7.933363060675475,0.6380797052859789,0.0,4.187188081936685,0.0,0.04462017748029256,1.6684725512411165,0.007335872934489857,29.68853055071019,0.5076808547906814,-0.2272727272727273,-0.37295234196195615,0.8067487009154025,1.0705745511885703,-0.20941872834892666,-0.23229183706854245,-0.38031901209158736,-0.4128192586926201,0.12305605086761379,0.47151208945813183,Oil & Gas Midstream,Energy,TNP
2009Q1,2009,Q1,2009-03-31,2009-03-31,24452000.0,126311000.0,38870000.0,3.3,73322000.0,0.5804878434973992,2605095000.0,903501000.0,396349000.0,231650000.0,1696386000.0,12307000.0,686589000.0,522008151.70000005,1676375151.7,121.93611391452146,1.7109820850420894,0.5728539650185502,1.651729217787252,,121.93611391452146,0.027063611440385788,4.132721233305096,5.337070093448388,0.5777615649567627,0.0,4.305598439912245,0.0,0.04848613966093367,1.5624649255342111,0.00938622199958159,10.519479912540557,0.5804878434973992,-0.1081081081081082,-0.3201999131811536,0.47439278690306297,1.4923329898900428,-0.33178404782735493,-0.1145071340624321,-0.3243172771046639,-0.3963755318043371,0.3586467702823427,0.4873501340756064,Oil & Gas Midstream,Energy,TNP
2008Q4,2008,Q4,2008-12-31,2008-12-31,27614000.0,156053000.0,57527000.0,3.7,109728000.0,0.7031457261315066,2602317000.0,910658000.0,370781000.0,189488000.0,1687202000.0,10919000.0,693511000.0,678721741.5999999,1880181741.6,122.90201961610478,1.9567518787469391,0.5816466633388631,1.6621267259498078,,122.90201961610478,0.03032312899024661,4.349302747143598,6.144724972839864,0.7453091518440512,1.2055479104801912,4.242604634124004,0.04904808253456427,0.05996694484184671,1.7609980579245124,0.010611312918449212,-5.992704635434141,0.7031457261315066,-0.3148148148148148,0.7993126001960452,1.3977151256525726,1.6872596192216085,0.2022087825400999,-0.3262084278847327,0.012514080540692762,-0.5319081692987216,0.7994988563026545,0.5466130574167648,Oil & Gas Midstream,Energy,TNP
2008Q3,2008,Q3,2008-12-10,2008-09-30,40983000.0,158834000.0,56816000.0,5.4,91272000.0,0.5746376720349547,2508900000.0,937300000.0,436300000.0,226400000.0,1571600000.0,16600000.0,665900000.0,1115705834.9,2156905834.9,124.58623559359499,1.927120141342756,0.5346964805293156,1.431238664248373,,124.58623559359499,0.04372452789928518,7.024351429165041,6.80590632030354,1.190340163128134,0.0,4.07,0.0,0.06330822272709155,1.8034452296819787,0.016335047231854596,19.753648747366373,0.5746376720349547,-0.40659340659340654,3.660580155595842,1.765878358372026,1.7818753639051155,-0.18485308564794142,-0.4078114614339797,-0.27218692354990776,1.2328979373686932,1.5978983564015377,0.761356628255356,Oil & Gas Midstream,Energy,TNP
2008Q2,2008,Q2,2008-06-30,2008-06-30,69206000.0,171409000.0,78064000.0,9.1,111970000.0,0.6532329107573115,2453003000.0,943622000.0,375855000.0,173681000.0,1506459000.0,15804000.0,658203000.0,1397406520.8,2485773520.8,125.19443425800279,2.164053638567258,0.5677379929824791,1.4758695748933366,,125.19443425800279,0.07334080807781082,8.15246877818551,5.047996274889461,1.4808965038966875,0.0,3.761009870918755,0.0,0.06987720765119325,1.8601458996666302,0.02821276614826806,22.319935484283157,0.6532329107573115,0.0705882352941176,2.3893745519216196,1.551510579644936,1.8815772783137472,0.344984984984985,0.062598842297594,-0.09682644360371617,0.757344985390424,1.78597126673777,0.7635714692162217,Oil & Gas Midstream,Energy,TNP
2008Q1,2008,Q1,2008-03-31,2008-03-31,65129000.0,136743000.0,86433000.0,8.5,83250000.0,0.608806300870977,2441847000.0,857394000.0,347731000.0,230372000.0,1581258000.0,11363000.0,592059000.0,1166748793.4,2277945793.4,113.02107012746794,1.5094325699303734,0.5746875213721416,1.636702612801116,,113.02107012746794,0.07596157659139205,8.532420624090447,4.478607046784075,1.3608082088281468,0.0,4.707647628267183,0.0,0.05599982308473873,1.3328138836316914,0.026672023267633065,28.065061299401055,0.608806300870977,0.24633431085043983,2.2311292607281463,1.202398648221835,1.7000291919944164,0.04860752478240606,0.2480167094623079,0.17090914017096334,0.7385195135031766,0.8922129383765622,0.685434874538158,Oil & Gas Midstream,Energy,TNP
2007Q4,2007,Q4,2007-12-31,2007-12-31,52186000.0,130941000.0,73817000.0,6.82,79391000.0,0.6063112394131708,2362776000.0,854540000.0,276053000.0,159265000.0,1504845000.0,12099000.0,567220000.0,1404574376.45,2613070376.45,112.64485786782559,1.7332935673248988,0.5882669368573238,1.6265394247197322,,112.64485786782559,0.06106911320710558,10.72677294697612,6.728693406517074,1.643661357513984,0.6016939409036907,4.2606827010496735,0.022355526717895934,0.05541828764131682,1.2923743446457163,0.022086731878095935,12.222086271873723,0.6063112394131708,0.0412213740458016,10.806992198641153,1.8593342735826353,1.8653771423122738,0.12896390887631182,0.043824382438243825,0.03852051942205152,0.022875007032784535,0.3490951946563048,0.749740614180783,Oil & Gas Midstream,Energy,TNP
2007Q3,2007,Q3,2007-09-30,2007-09-30,49995000.0,122546000.0,71079000.0,6.55,70322000.0,0.5738416594584891,2384344000.0,814351000.0,307527000.0,215220000.0,1567498000.0,12091000.0,515036000.0,1385720359.9750001,2622877359.9750004,106.91248389947364,1.428896013381656,0.5984845307556292,1.7523070518732096,,106.91248389947364,0.06139244625474764,11.307756760522581,6.9292947293479354,1.701625417019197,0.0,4.319245719956993,0.0,0.0513961072731116,1.309362512777623,0.020968031458547927,396.2597540677724,0.5738416594584891,0.3367346938775509,50.858525808574555,2.8405397743851024,0.0,-0.13971838567216766,0.3325248540739359,0.3889399120664387,1.0782340614678951,0.8059579507835096,0.8629600121964491,Oil & Gas Midstream,Energy,TNP
2007Q2,2007,Q2,2007-06-30,2007-06-30,37519000.0,131847000.0,51175000.0,4.9,81743000.0,0.6199837690656594,2350927000.0,808737000.0,268447000.0,167879000.0,1540530000.0,12246000.0,516516000.0,1331077311.7,2632724311.7,106.18993196907331,1.5990505066148832,0.6148196009489023,1.7872262552597444,,106.18993196907331,0.04639209038290569,10.095620770286772,8.869354938164664,1.645871663717624,0.0,4.09145843540748,0.0,0.05608298343589571,1.3692778727535904,0.01595923650542956,-9.347584317897724,0.6199837690656594,-0.14035087719298242,12.131065280522858,3.326779973715666,0.0,0.11363450587177461,-0.13691886545053022,-0.045794409949469525,0.2147072423722171,1.022126527835637,0.7385036686229443,Oil & Gas Midstream,Energy,TNP
2007Q1,2007,Q1,2007-03-31,2007-03-31,43471000.0,115282000.0,53631000.0,5.7,73402000.0,0.6367169202477403,2220138000.0,766250000.0,238905000.0,156576000.0,1453367000.0,10432000.0,478997000.0,990073240.0,2126810240.0,100.61124366920572,1.525808553034948,0.5993690482303352,1.736615986949429,,100.61124366920572,0.056732137030995104,8.588272583751149,5.6938720066251065,1.2921021076672106,0.0,4.014570552147239,0.0,0.05192560102119778,1.370344114040466,0.019580314376854053,-4.792315630505915,0.6367169202477403,-0.43675889328063233,4.101074784673228,1.6351987353424966,0.0,-0.07518048608398745,-0.43627616256451485,-0.163975058456742,0.1758144058858195,0.30919953952312446,1.056459843606385,Oil & Gas Midstream,Energy,TNP
