Quarters,Year,Quarter,FillingDate,Date,NetIncome,Revenue,OperatingIncome,EPSDiluted,GrossProfit,GrossProfitRatio,TotalAssets,CommonStockEquity,CurrentAssets,CurrentLiability,TotalLiability,Inventory,RetainedEarnings,MarketCap,EnterpriseValue,bookValuePerShare,currentRatio,debtToAssets,debtToEquity,roic,shareholdersEquityPerShare,roe,priceToSalesRatio,peRatio,pbRatio,payoutRatio,inventoryTurnover,dividendYield,assetTurnover,quickRatio,returnOnAssets,priceToFreeCashFlowsRatio,grossProfitMargin,epsdilutedGrowth,fiveYNetIncomeGrowthPerShare,fiveYRevenueGrowthPerShare,fiveYShareholdersEquityGrowthPerShare,grossProfitGrowth,netIncomeGrowth,operatingIncomeGrowth,threeYNetIncomeGrowthPerShare,threeYRevenueGrowthPerShare,threeYShareholdersEquityGrowthPerShare,Industry,Sector,Symbol
2023Q1,2023,Q1,2023-05-12,2023-03-31,659074286.0,13002910.0,-7063186.0,38.55,7433289.0,0.5716634969,131692540.0,123963772.0,95881440.0,7605541.0,7728768.0,0.0,-53089812.0,250095109.88000003,233863957.88000003,7.2516011417823885,12.60678760393245,0.0016137132748749474,0.0017143234395933032,5.849636922765615,7.2516011417823885,5.316668534416652,19.23377996771492,0.09486605500794792,2.017485478579984,0.0,0.0,0.0,0.09873687605994994,12.078902342384323,5.004644044377913,-809.8646417387982,0.5716634968633945,3211.4999999999995,1995.3736810804603,0.8101206054919952,9.384833448190097,-0.4031609480579919,3097.9593842276513,-7.1716924201826115,256.57055925794964,0.46515040498497096,1.428476310763992,Health Information Services,Healthcare,OPRX
2022Q4,2022,Q4,2023-03-10,2022-12-31,212676.0,19654457.0,-864348.0,0.012,12454428.0,0.6336694013,134651185.0,126110777.0,98576635.0,8395876.0,8540408.0,1807176.0,-46692098.0,298771065.6,280796814.6,7.091252458952973,11.74107800067557,0.0017410466903800363,0.0018589529426180603,0.004457015823676567,7.091252458952973,0.0016864220890495346,15.20118645862361,351.2044913389381,2.3691160478695648,0.0,3.9841327020721833,0.0,0.14596571875694966,11.469417485441662,0.0015794588068422865,107.3979344384985,0.6336694012966118,1.0666666666666667,1.4924438076007507,1.692433735188024,10.12804387766481,0.32201791127286716,1.0669460861079851,0.7699218927804525,1.0876611798247906,1.1788067900854609,1.2997057239713568,Health Information Services,Healthcare,OPRX
2022Q3,2022,Q3,2022-11-08,2022-09-30,-3176825.0,15085504.0,-3756759.0,-0.18,9420771.0,0.6244916312,135873421.0,129572203.0,99334604.0,6134467.0,6301218.0,0.0,-46366262.0,266481146.88,225406325.88,7.205988382077621,16.19286630770041,0.001870851547927096,0.001961832816873539,-0.02646465926385286,7.205988382077621,-0.024517797231555907,17.66471619907429,-20.97071343873207,2.0566227995675894,0.0,0.0,0.0,0.11102615867749441,15.74898308198577,-0.023380768487458632,77.78595494342095,0.6244916311712224,0.14285714285714285,-1.7665265710305615,1.6370201695739584,10.611169178747273,0.04792263003939177,0.17717976491479442,0.038830711290434,-0.5909756099049389,1.3723563735066133,1.4781444361979623,Health Information Services,Healthcare,OPRX
2022Q2,2022,Q2,2022-08-09,2022-06-30,-3860898.0,13978665.0,-3908530.0,-0.21,8989949.0,0.6431192821,147448264.0,140817202.0,110406662.0,6441260.0,6631062.0,0.0,-42899470.0,496375275.0,409259780.0,7.770296702993516,17.140538031378952,0.0018818465031232921,0.0019704623871165967,-0.027477603873127893,7.770296702993516,-0.027417800845098456,35.50949071316896,-32.141180303131556,3.5249619219106485,0.0,0.0,0.0,0.09480386286541834,16.475940887341917,-0.026184764033573157,2650.3455925931858,0.6431192821345958,0.0,-4.811557696589106,1.6541781022115687,10.843331481390615,0.10964119505208307,-0.026535623269287267,-0.03919836239441589,-7.676814148118632,0.40295589070755183,1.3626913812110275,Health Information Services,Healthcare,OPRX
2022Q1,2022,Q1,2022-05-09,2022-03-31,-3761095.0,13731530.0,-3761101.0,-0.21,8101672.0,0.5900050468,138138919.0,131050845.0,112699704.0,6875128.0,7088074.0,0.0,-39014756.0,674181944.28,585528080.28,7.330257665425593,16.392379021888758,0.0021755418543560486,0.002293209173889722,-0.028568505494915852,7.330257665425593,-0.028699509720826296,49.09736528121775,-44.81287658780223,5.1444303489992755,0.0,0.0,0.0,0.09940377483336177,15.721920377336975,-0.027226903375434694,167.93700830466014,0.5900050467792008,-7.122448979591837,-1.36102183404011,2.5355086300546748,9.287035629791292,-0.3462076937410208,-7.032597014733857,-7.032606638415814,-390.16692815090823,0.7807242852263474,3.5537580122900447,Health Information Services,Healthcare,OPRX
2021Q4,2021,Q4,2022-02-28,2021-12-31,623462.0,20312797.0,623462.0,0.0343,12391813.0,0.6100495663,140985192.0,131379717.0,115113010.0,9368749.0,9605475.0,0.0,-35253658.0,1095579780.06,1011225718.06,7.448105899164289,12.286913653039482,0.0023244143257257826,0.0024943576336064113,0.004721940182390697,7.448105899164289,0.004745496597469456,53.935446706822304,439.3129733889154,8.339032881765151,0.0,0.0,0.0,0.14407752127613516,11.685909719643465,0.004422180735122877,-764.2349975724836,0.6100495662906492,14.647810218978101,1.9925926205866575,3.976053605409799,8.444613987808948,0.36517027043492545,14.627964104877927,15.325268394867766,4.8632591834127545,1.1027563604282675,3.8476368760374373,Health Information Services,Healthcare,OPRX
2021Q3,2021,Q3,2021-11-09,2021-09-30,39894.0,16124951.0,38190.0,0.002192,9077119.0,0.5629238191173418,134650806.0,126817740.0,108368818.0,7572452.0,7833066.0,0.0,-35877120.0,1509046050.3,1424351149.3,7.189480834493524,14.31092834923219,0.002686036650980017,0.0028519432691356903,0.0002994329027787703,7.189480834493524,0.00031457744003323193,93.58453556230961,9456.597798541134,11.899329307555867,0.0,0.0,0.0,0.11975383942373134,13.97223871475184,0.00029627746899636085,39271.48415916307,0.5629238191173418,-0.8904000000000001,1.0914720194540257,4.02141913715632,7.772508593179449,0.12833880796924674,-0.8866969610905993,-0.8877223723242557,-0.8914505133729373,0.984393394983515,3.912527695320344,Health Information Services,Healthcare,OPRX
2021Q2,2021,Q2,2021-08-04,2021-06-30,352100.0,13625639.0,340139.0,0.02,8044675.0,0.5904071728305733,131623380.0,124675142.0,104981860.0,6665304.0,6948238.0,0.0,-35917014.0,1073785242.3999999,990254992.3999999,7.187090104303337,15.750498401873342,0.0029873492080206418,0.003153836391860697,0.002711101485497326,7.187090104303337,0.0028241395546194765,78.80623010781365,762.4149690428856,8.612665084431987,0.0,0.0,0.0,0.10351989897235582,15.28173073576239,0.0026750566654647526,19887.858245666022,0.5904071728305733,1.5,1.333084564088695,2.987815602314723,7.560603303506928,0.3135003905556078,1.5524203101147358,1.5328759783678099,-0.2055645229732784,0.6911062775407668,3.9941386509400982,Health Information Services,Healthcare,OPRX
2021Q1,2021,Q1,2021-05-06,2021-03-31,-637377.0,11229211.0,-638308.0,-0.04,6124608.0,0.54541748302708,127570680.0,121835237.0,100537114.0,5430404.0,5735443.0,0.0,-36269114.0,784964553.75,703110285.75,7.566542687023847,18.513744833717713,0.0033270027250775804,0.0034836227223820314,-0.0052028586949736015,7.566542687023847,-0.005231466821047839,69.90380301429904,-307.88864116135346,6.442836843252499,0.0,0.0,0.0,0.08802344708047335,17.865629518540427,-0.004996265599587617,496.4403642265995,0.54541748302708,-1.5,-0.08848166872611805,2.835454229609052,7.567337384169415,-0.2881691014003801,-1.4696382019590823,-1.4705662057637925,-1.047641873888651,0.6595931974304959,9.835853220141354,Health Information Services,Healthcare,OPRX
2020Q4,2020,Q4,2021-03-08,2020-12-31,1357166.0,16426301.0,1356468.0,0.08,8604021.0,0.523795405916402,60327754.0,49973914.0,32859092.0,10028307.0,10353840.0,0.0,-35631737.0,471370563.0,461302540.0,3.3035307727521372,3.276634032045489,0.0020425093233207387,0.0024656863979075163,0.026836367516905976,3.3035307727521372,0.027157488604954975,28.696087025313854,86.82993882104326,9.432332296405681,0.0,0.0,0.0,0.27228431212605725,2.8322309039801037,0.022496544459453937,-176.40612130792687,0.523795405916402,5.0,3.0937530798165502,4.201239934819927,2.5748578097597568,0.43058273824240606,5.7974364956485465,8.675716662328403,4.694327681328672,1.6453795756014327,4.184110367413096,Health Information Services,Healthcare,OPRX
2020Q3,2020,Q3,2020-11-09,2020-09-30,-282894.0,10519191.0,-176722.0,-0.02,6014347.0,0.5717499568170213,55146114.0,46679214.0,27232680.0,8110282.0,8466900.0,0.0,-36988903.0,310685245.35,299130908.35,3.132629007868011,3.3577969298724755,0.0022047428400847973,0.002604649684118503,-0.0037378541736438663,3.132629007868011,-0.006060384821389666,29.535089281105364,-274.55976916265456,6.655751430390409,0.0,0.0,0.0,0.19075126490327132,3.1275225694988165,-0.005129899089535121,-2449.15607982405,0.5717499568170213,0.7142857142857143,-2.6738729286866816,1.7265713595812282,1.6286693705556543,0.16914790092325085,0.7374455668288988,0.8326199810004233,0.7027177316634322,1.2189099809167496,4.0476747194143465,Health Information Services,Healthcare,OPRX
2020Q2,2020,Q2,2020-08-05,2020-06-30,-1077468.0,8783230.0,-1055813.0,-0.07,5144214.0,0.585685903705129,56057262.0,43503026.0,27620734.0,12166582.0,12554236.0,0.0,-36706009.0,191113824.48,177506696.48,2.966004318747334,2.2702131132638566,0.0,0.0,-0.023990192998930793,2.966004318747334,-0.024767656392454172,21.7589456817139,-44.34327155887692,4.393115653150197,0.0,0.0,0.0,0.15668317871108298,2.0481911024805486,-0.01922084599850774,1611.6596488505843,0.585685903705129,0.5333333333333333,-2.5704197547745244,1.6831810673077603,3.8195539326455736,0.18452790904751476,0.5111153661344208,0.5326714328459153,-1.003913758119638,1.060577914971965,3.520724711661006,Health Information Services,Healthcare,OPRX
2020Q1,2020,Q1,2020-05-06,2020-03-31,-2203931.0,7584602.0,-2259252.0,-0.15,4342839.0,0.5725862741380497,56235125.0,43624992.0,27306794.0,9471743.0,12610133.0,0.0,-35628541.0,132362060.94000001,117687860.94000001,2.986070364219882,2.8829745486126472,0.0,0.0,-0.05115960035290073,2.986070364219882,-0.05051991757385308,17.451418141650677,-15.014315436826289,3.034087913185176,0.0,0.0,0.0,0.13487303531378297,2.562526136952829,-0.039191359492843664,-35.25177512934905,0.5725862741380497,-0.07142857142857129,-9.354434067278657,1.663774236864365,3.9779631138680585,-0.0290664853653678,-0.11041576396376425,0.025538902281382104,-0.6930467697745588,1.389742072603312,3.190550132320665,Health Information Services,Healthcare,OPRX
2019Q4,2019,Q4,2020-03-26,2019-12-31,-1984780.0,7379782.0,-2318463.0,-0.14,4472849.0,0.6060950038903589,56638525.0,44862259.0,27141748.0,6107513.0,11776266.0,0.0,-33424610.0,149417305.7,131128809.69999999,3.0835477709326677,4.443993488020411,0.0,0.0,-0.035139723376717114,3.0835477709326677,-0.04424164195565809,20.246845462372736,-18.82038635264362,3.3305791779232514,0.0,0.0,0.0,0.1302961544284566,4.301375207879214,-0.03504293235037459,-73.742733653243,0.6060950038903589,-0.2727272727272728,-14.898691935309717,0.833828685159671,4.105217290905141,0.48027980979764523,-0.26343302298875454,-0.16663379140647408,-2.831117311189862,1.1918502362408963,2.9101106782994983,Health Information Services,Healthcare,OPRX
2019Q3,2019,Q3,2019-11-05,2019-09-30,-1570942.0,5002767.0,-1987310.0,-0.11,3021624.0,0.6039905516287286,48553731.0,41135389.0,37891534.0,5410141.0,7418342.0,0.0,-31439830.0,204841160.72,175672870.72,2.907816137276182,7.003797867745036,0.0,0.0,-0.04762640153036401,2.907816137276182,-0.03818955012191571,40.94557286397708,-32.59846014684183,4.9796821107003515,0.0,0.0,0.0,0.10303568638216494,6.8239177130503625,-0.03235471234949998,-208.4309672692788,0.6039905516287286,-4.666666666666667,-1.1931312081153955,0.6997470208839407,3.666037443328852,-0.3004120257050696,-4.8634439779940335,-5.139858304360234,-3.4913267089886664,0.9425497899318535,2.5480784550193736,Health Information Services,Healthcare,OPRX
2019Q2,2019,Q2,2019-08-07,2019-06-30,406617.0,7006291.0,480043.0,0.03,4319148.0,0.6164671150541706,49637104.0,41909763.0,38588492.0,5672437.0,7727341.0,0.0,-29868888.0,210393187.29000002,180477639.29000002,3.288748062817562,6.802806624383841,0.0,0.0,0.011286993481287077,3.288748062817562,0.009702202324551441,30.02918195804314,129.35587253484238,5.020147388807711,0.0,0.0,0.0,0.14115027742150307,6.69217110740939,0.008191795395637908,-188.5818146119786,0.6164671150541706,59.120240480961925,5.692380305341081,1.929014567998627,4.326881740947472,0.1911756188854023,61.27860315515393,2.6321492074301065,1.523619963397804,1.791313033234991,2.9172554013342284,Health Information Services,Healthcare,OPRX
2019Q1,2019,Q1,2019-05-08,2019-03-31,6529.0,5209434.0,132165.0,0.000499,3625954.0,0.6960360760881125,25256859.0,19441876.0,15482850.0,3856267.0,5814983.0,0.0,-30275505.0,157011777.0,147525618.0,1.6097161170273233,4.0149839209785005,0.0,0.0,0.00657875841284896,1.6097161170273233,0.0003358215019990869,30.139891780949714,6012.091323326696,8.075958153420997,0.0,0.0,0.0,0.20625818911211405,3.899322323895104,0.0002585040364678759,179.21243412724954,0.6960360760881125,1.0498999999999998,1.0046016211568254,0.8208625994088848,0.9449830161137404,-0.11419785885274708,1.0594009862255946,2.0535524962733267,1.014864761645157,1.3721636771672396,0.8226264805138673,Health Information Services,Healthcare,OPRX
2018Q4,2018,Q4,2019-03-12,2018-12-31,-109914.0,6579269.0,-125447.0,-0.01,4093413.0,0.622168359433244,25054578.0,18458445.0,15962619.0,4231133.0,6596133.0,0.0,-30278805.0,131791067.87,122877033.87,1.5364405564247896,3.772658292707887,0.0,0.0,-0.006796184619018558,1.5364405564247896,-0.005954672779857675,20.031263027853097,-299.7595116864094,7.139879218969962,0.0,0.0,0.0,0.2625974781934064,3.6330398973513716,-0.0043869826903490455,143.01332335355335,0.622168359433244,-1.5,-0.14952475555103784,0.6820894150286496,3.1898247765585865,0.3009764125277776,-1.448760452051215,-1.5620939339899094,0.7864836364840982,1.623194022507434,0.6626321654606515,Health Information Services,Healthcare,OPRX
2018Q3,2018,Q3,2018-11-05,2018-09-30,244928.0,5415384.0,223178.0,0.02,3146416.0,0.58101438420618,19760554.0,17204166.0,18889340.0,2556388.0,2556388.0,0.0,-30168891.0,206191470.0,192668468.0,1.4634992982008421,7.389073959039082,0.0,0.0,0.012972323098951731,1.4634992982008421,0.014236551774727121,38.07513373012883,210.46130903775804,11.98497329077155,0.0,0.0,0.0,0.27405021134528923,7.310322220257644,0.012394794194535234,193.04238775787252,0.58101438420618,0.0,8.19743423023616,0.5960091790848369,2.369046150311886,0.09909900468889236,-0.1268444149742076,-0.1842819913961045,0.8370063141960354,0.7792511240028885,0.22805980834240558,Health Information Services,Healthcare,OPRX
2018Q2,2018,Q2,2018-08-07,2018-06-30,280509.0,5099474.0,273597.0,0.02,2862723.0,0.5613761340875549,18644833.0,15800058.0,17729685.0,2844775.0,2844775.0,0.0,-30413819.0,114182494.4,102178630.4,1.4391050402556278,6.232368113471188,0.0,0.0,0.017316202256979055,1.4391050402556278,0.017753669005518842,22.39103374191142,101.76366391096185,7.22671362345632,0.0,0.0,0.0,0.2735060163853439,6.15675299452505,0.015044865244971622,-246.00396510603278,0.5613761340875549,2.0345775165319617,-0.6575981180588542,0.9966857169959286,2.8293621690233977,0.36051602907594293,2.4827702863425642,2.430976589468399,2.2417758135530184,1.0811462848464377,1.338447153436166,Health Information Services,Healthcare,OPRX
2018Q1,2018,Q1,2018-05-02,2018-03-31,-189179.0,4112237.0,-191196.0,-0.01933156257545843,2104145.0,0.5116789231749046,9272373.0,6833455.0,8335430.0,2438918.0,2438918.0,0.0,-30694328.0,45211398.54,40912779.54,0.6982876690281654,3.417675379000032,0.0,0.0,-0.027979404269143502,0.6982876690281654,-0.027684238792821492,10.994356244545244,-59.7468515797208,6.616184425009018,0.0,0.0,0.0,0.4434934832755326,3.339192625582328,-0.02040243635582822,-54.87126531335487,0.5116789231749046,0.35561458081805225,0.12512074531385983,1.9785713469251585,1.382165962644176,-0.16609696466737925,0.20197503575059372,0.20103633438498986,-0.3268769691847993,1.1561159461358423,0.16408852950765637,Health Information Services,Healthcare,OPRX
2017Q4,2017,Q4,2018-03-08,2017-12-31,-237059.0,4006920.0,-239305.0,-0.03,2523249.0,0.6297228295049564,9763741.0,6220539.0,8808891.0,3543202.0,3543202.0,0.0,-30363122.0,45977442.15,40854869.15,0.6372415976168,2.486138526677282,0.0,0.0,-0.03847013900242407,0.6372415976168,-0.038109077043002225,11.474509635830014,-48.487340862401346,7.391231234142251,0.0,0.0,0.0,0.4103877806672668,2.4140489308822923,-0.02427952564493466,420.09632372424505,0.6297228295049564,0.5,-1.968191594083626,1.5939376787166648,1.0215280884263334,0.8036979665187204,0.6193572109841904,0.6199444777958828,-3.474141646752825,0.4839950706531899,0.055036945853219235,Health Information Services,Healthcare,OPRX
2017Q3,2017,Q3,2017-11-02,2017-09-30,-622786.0,3102607.0,-629658.0,-0.06,1398931.0,0.4508888815115804,9814642.0,6052242.0,7964686.0,3762400.0,3762400.0,0.0,-30126063.0,36277856.64,31264728.64,0.620608335917389,2.1169163300021263,0.0,0.0,-0.10403714854759608,0.620608335917389,-0.10290170155125984,11.692701215461707,-14.562729669581525,5.994118648923821,0.0,0.0,0.0,0.31612024157376295,2.0513183074633212,-0.06345478520765199,-43.73597802944999,0.4508888815115804,-1.0,-1.8525637899975935,2.329627526202706,1.2061504023529972,0.11000810131644409,-0.7227780836014285,-0.6991882643753845,-0.2612270917510742,0.529152383765945,-0.004138640022442384,Health Information Services,Healthcare,OPRX
2017Q2,2017,Q2,2017-08-01,2017-06-30,-361501.0,2865823.0,-370564.0,-0.03,1260289.0,0.43976512157240694,10478449.0,6469870.0,8536549.0,4008579.0,4008579.0,0.0,-29503276.0,30471253.23,24628651.23,0.6560904518465058,2.1295698550533744,0.0,0.0,-0.057275339380853094,0.6560904518465058,-0.055874538437402914,10.632636150243751,-21.07273093988675,4.709716459527007,0.0,0.0,0.0,0.27349686962259395,2.061677217787151,-0.03449947601978117,-62.356374904586595,0.43976512157240694,0.6666666666666666,-1.2801536941300962,1.6674162909888541,1.2318956596293245,0.6360165641145469,0.5904516009162983,0.5838407615128735,-4.391007514120133,0.5482300297473979,0.06268895689046375,Health Information Services,Healthcare,OPRX
2017Q1,2017,Q1,2017-05-03,2017-03-31,-882682.0,2152073.0,-890438.0,-0.09,770340.0,0.3579525415727069,10925237.0,7058941.0,9590668.0,3866296.0,3866296.0,0.0,-29141775.0,24369446.34,17648181.34,0.7125723997880536,2.4805829662291763,0.0,0.0,-0.12614328409884712,0.7125723997880536,-0.12504453571718477,11.323708043360982,-6.9021024389304415,3.4522807797940227,0.0,0.0,0.0,0.19698181375836515,2.4645259959403005,-0.08079293840490599,-77.76275070042313,0.3579525415727069,-1.52747019135365,-0.4016779811277546,2.120009814874839,1.3933835159441093,-0.4575616680855379,-1.5022877391920624,-1.4201288288533145,0.24151537088855432,-0.08288888810387868,-0.13901513398610668,Health Information Services,Healthcare,OPRX
2016Q4,2016,Q4,2017-03-08,2016-12-31,-352750.0,2292518.0,-367930.0,-0.035608728564983885,1420143.0,0.619468636669374,11478759.0,7812179.0,10175863.0,3666580.0,3666580.0,0.0,-28259093.0,24072257.970000003,17037610.970000003,0.7886088207287519,2.775300961659094,0.0,0.0,-0.04709697512051375,0.7886088207287519,-0.04515385528160581,10.500357236017342,-17.060423791637138,3.081375627721792,0.0,0.0,0.0,0.19971827965026534,2.7532586224765314,-0.030730673934351267,-44.57899848330806,0.619468636669374,-0.1869576188327962,0.6703746207619027,2.3113056117787556,1.3141207944000326,0.3363020717183208,-0.4541354747221581,-0.47633798521776116,-3.4740530771003657,-0.2891908936802404,1.1505112985239752,Health Information Services,Healthcare,OPRX
2016Q3,2016,Q3,2016-11-07,2016-09-30,-242584.0,1786137.0,-249218.0,-0.03,1062741.0,0.5949941129935722,11261405.0,8040796.0,10001740.0,3220609.0,3220609.0,0.0,-27906343.0,32377197.599999998,24802559.599999998,0.8195467417476552,3.1055430820692607,0.0,0.0,-0.03099419510207696,0.8195467417476552,-0.03016915240729898,18.126939646846797,-33.36699617452099,4.026615971851543,0.0,0.0,0.0,0.15860694114100327,3.0736363836777456,-0.021541184248324255,4121.8583831954165,0.5949941129935722,0.5,0.8810572481243433,3.4310287281410243,1.0007803620293865,0.07296961938156446,0.5901833484532878,0.5863704638058803,-11.914559118049176,-0.36927988148334934,0.8866362277590043,Health Information Services,Healthcare,OPRX
2016Q2,2016,Q2,2016-06-30,2016-06-30,-591933.0,1913299.0,-602515.0,-0.06,990467.0,0.5176749687320173,10996243.0,8155236.0,9802939.0,2841007.0,2841007.0,0.0,-27663738.0,33512506.5,25945723.5,0.8395541586840125,3.4505156094300364,0.0,0.0,-0.0738807558726688,0.8395541586840125,-0.07258318459453533,17.515561603283125,-14.153842791329424,4.109323936180388,0.0,0.0,0.0,0.1739957001677755,3.405717409355204,-0.053830476463643084,1809.3351959831552,0.5176749687320173,-1.0,0.3489046078711794,3.549011959214375,1.9870253949576557,0.14275643651173658,-0.6820292342490821,-0.6651926738873888,-1.8166580854894496,-0.15326883511668557,1.233997411015774,Health Information Services,Healthcare,OPRX
2016Q1,2016,Q1,2016-05-09,2016-03-31,-351916.0,1759528.0,-361829.0,-0.03,866735.0,0.4925951732510082,11097757.0,8546549.0,9943581.0,2551208.0,2551208.0,0.0,-27071806.0,30482439.75,22934178.75,0.8831848621959467,3.897597138296838,0.0,0.0,-0.04233626929419114,0.8831848621959467,-0.04117638593074234,17.324214079003006,-21.654627631309744,3.5666372181333075,0.0,0.0,0.0,0.1585480741739074,3.8762131507897437,-0.03171055196108547,-100.97234331161454,0.4925951732510082,0.2998698902689015,0.23138069229136263,1.0972316753648816,1.3897260070426893,-0.1983872205867528,0.15129386229350053,0.1301121050898067,-0.6458149438459615,0.2888217273608931,2.012931504824999,Health Information Services,Healthcare,OPRX
2015Q4,2015,Q4,2016-03-15,2015-12-31,-414650.0,2020259.0,-415949.0,-0.042849178435594215,1081239.0,0.5351982097344944,12314280.0,8942496.0,11125638.0,3371784.0,3371784.0,0.0,-26719890.0,35417691.9,27210126.9,0.9241013065563428,3.299629513634325,0.0,0.0,-0.04651374739222696,0.9241013065563428,-0.04636848593502306,17.531263021226486,-21.353968346798506,3.9606047237818167,0.0,0.0,0.0,0.16405823158154598,3.2786842217650953,-0.03367228940709485,1068.2136536373507,0.5351982097344944,-4.954700363229739,0.48716471009346474,73.35292905671764,1.152520063988578,0.12278892703381329,-5.715307549723097,-5.749957176626432,-2.708327997858404,0.3192911385845583,1.9315360998741415,Health Information Services,Healthcare,OPRX
2015Q3,2015,Q3,2015-11-12,2015-09-30,87937.0,2007409.0,87569.0,0.010835,962994.0,0.47971987771301217,12319712.0,9239702.0,11001309.0,3080010.0,3080010.0,0.0,-26305240.0,28144373.73,19969964.73,1.1917166315997467,3.5718419745390437,0.0,0.0,0.009477470160834191,1.1917166315997467,0.009517298285161145,14.020248853123604,80.01288914222683,3.0460261304964162,0.0,0.0,0.0,0.16294285126145805,3.5436615465534205,0.007137910366735846,154.56722810775187,0.47971987771301217,1.5266129071712513,1.0991561481895535,27.078502479950618,2.6879267770022492,0.16991726701736057,1.5593067260295754,1.555891296205778,1.5066194808052689,1.7096828860408295,3.2363371133392382,Health Information Services,Healthcare,OPRX
2015Q2,2015,Q2,2015-08-11,2015-06-30,-157225.0,1705457.0,-157529.0,-0.020574884991332965,823130.0,0.4826448277499814,6981962.0,4702720.0,5640673.0,2279242.0,2279242.0,0.0,-26393176.0,24529529.58,20883651.58,0.6154105463281371,2.474802149135546,0.0,0.0,-0.033497422768100166,0.6154105463281371,-0.03343277932770822,14.382965727074913,-39.00386322149785,5.21603020804981,0.0,0.0,0.0,0.24426615326751994,2.4412927631203707,-0.02251874186654124,181.6262232423827,0.4826448277499814,-0.41223728405058446,0.8951250982285651,58.52705131347899,0.4988161064394181,0.1258587933739381,-0.4138811701333621,-0.41285415751096444,-0.27974626854011697,1.0484711845268944,1.0935103130585142,Health Information Services,Healthcare,OPRX
2015Q1,2015,Q1,2015-05-14,2015-03-31,-111201.0,1487553.0,-111497.0,-0.014569,731113.0,0.4914870260084851,6759196.0,4578474.0,5362663.0,2180722.0,2180722.0,0.0,-26235951.0,29996110.14,26485287.14,0.5998578727714993,2.4591227125695068,0.0,0.0,-0.024352437078380265,0.5998578727714993,-0.02428778671670954,20.16473372041198,-67.43669153155098,6.551551923195371,0.0,0.0,0.0,0.22007839393916082,2.441560180527367,-0.016451808765421214,469.7902919342208,0.4914870260084851,-2.484300229080182,0.7608117120854411,649.8225651578254,3.1498555174578424,-0.07149642498825262,-2.484322650399776,-2.4942973932855326,0.7708125463165784,1.7990430338865542,1.0147986997919571,Health Information Services,Healthcare,OPRX
2014Q4,2014,Q4,2014-12-31,2014-12-31,74917.0,2111187.0,74615.0,0.009815399684353873,787410.0,0.3729702769105721,7028806.0,4610084.0,5575447.0,2418722.0,2418722.0,0.0,-26124750.0,27019396.92,23572423.92,0.6039993197597987,2.305121051530519,0.0,0.0,0.016185171463253163,0.6039993197597987,0.016250680030992927,12.798201637277987,90.16443837847217,5.8609337530509205,0.0,0.0,0.0,0.30036210986617073,2.2935062400722366,0.01065856704538438,144.58230684025494,0.3729702769105721,1.1635899947392312,1.0177010821565178,76.01642871162703,1.978516610034902,0.03427350236498068,1.189993254107133,1.1890825511383218,1.0908598810941597,2.9577775427867348,0.7723963376011791,Health Information Services,Healthcare,OPRX
2014Q3,2014,Q3,2014-11-13,2014-09-30,-394314.0,1620215.0,-394616.0,-0.06,761317.0,0.4698864039649059,6375567.0,4853042.0,4922869.0,1522525.0,1522525.0,0.0,-25716530.0,28034823.6,24774729.6,0.6231874845825676,3.2333584013398795,0.0,0.0,-0.08131312277948553,0.6231874845825676,-0.08125089376931005,17.303150260922163,-17.774428247538765,5.776752725403983,0.0,0.0,0.0,0.2541287700372375,3.2018035828639926,-0.06184767566555257,-96.80399303877019,0.4698864039649059,-7.823529411764706,0.5924636414156249,125.58643597998159,1.33463511102629,-0.16720048656370945,-6.484937643552704,-6.459095720550431,0.7564164166909068,4.063985298562896,0.5214034996422577,Health Information Services,Healthcare,OPRX
2014Q2,2014,Q2,2014-08-14,2014-06-30,-52681.0,1454214.0,-52904.0,-0.0068,914166.0,0.6286323746023625,6265475.0,4783038.0,4856429.0,1482437.0,1482437.0,0.0,-25322216.0,36954272.79,33404574.79,0.6173870986354214,3.275976651958903,0.0,0.0,-0.011060752601171056,0.6173870986354214,-0.01101412951350167,25.411853269188715,-175.368125083047,7.726108968818562,0.0,0.0,0.0,0.23209956148576125,3.247665836726957,-0.008408141441790128,-76.82289907947911,0.6286323746023625,0.9433333333333334,0.9164666860713968,227.74469224844998,0.8291476072906224,0.1168291720472013,0.9193635535691053,0.9190353539295493,0.9273446474474982,3.3351496127153704,1.1965836546315336,Health Information Services,Healthcare,OPRX
2014Q1,2014,Q1,2014-05-15,2014-03-31,-653315.0,1317347.0,-653421.0,-0.12,818537.0,0.6213526124855486,6515322.0,4602663.0,5153914.0,1912659.0,1912659.0,0.0,-25269535.0,26861040.36,22830310.36,0.8276247677697917,2.694632969076035,0.0,0.0,-0.14196585759157254,0.8276247677697917,-0.14194282744576348,20.390254321754252,-10.278747755676818,5.835978076170251,0.0,0.0,0.0,0.20219215566015003,2.6884609331825486,-0.10027363190952036,228.69218304882722,0.6213526124855486,-14.077381049206995,0.6461287582013938,762.9184555281045,0.926620604143828,0.24507657977636788,-13.760178030816501,-13.73926283497248,-1.482895139685248,1.7322087918771125,1.2393912263108242,Health Information Services,Healthcare,OPRX
2013Q4,2013,Q4,2013-12-31,2013-12-31,-44262.0,1810610.0,-44332.0,-0.007958941914936313,657419.0,0.3630925489199772,4008020.0,2039368.0,2696978.0,1968652.0,1968652.0,0.0,-24616220.0,28362589.2,27244346.2,0.3667075924083828,1.3699617809546838,0.0,0.0,-0.02173810709984662,0.3667075924083828,-0.021703782740535305,15.664659534631975,-160.19717364782431,13.907538610000744,0.0,0.0,0.0,0.4517467477707197,1.3639825626875648,-0.011043358067075513,44.909420141841274,0.3630925489199772,-9.395508349088937,0.9907527703794518,81.35163385511561,-0.4122582777987134,-0.3400719535674635,-5.107461024498886,-5.145502150738732,0.9047443513898252,114.95231342334975,-0.14582368331727616,Health Information Services,Healthcare,OPRX
2013Q3,2013,Q3,2013-11-14,2013-09-30,10776.0,1373029.0,10694.0,0.000948,996198.0,0.7255476759777106,2824116.0,2066391.0,1661935.0,757725.0,757725.0,0.0,-24481381.0,16839539.28,16352847.280000001,0.43439574078418614,2.193322115543238,0.0,0.0,0.005175206434793802,0.43439574078418614,0.005214889147310456,12.26451828766909,390.67231069042316,8.149251172696745,0.0,0.0,0.0,0.4861801002508396,2.1585654426078063,0.003815707286811165,125.42484194845822,0.7255476759777106,-0.9683999999999999,1.0545599794183045,1008.9673227870552,0.0,0.09848084711766736,-0.9695729884035137,-0.9698012826124404,1.01980448739897,30.30226802731593,0.34429581812850546,Health Information Services,Healthcare,OPRX
2013Q2,2013,Q2,2013-08-12,2013-06-30,354159.0,1104087.0,354121.0,0.03,906887.0,0.8213908867688868,2495962.0,1783692.0,1347836.0,712270.0,712270.0,0.0,-24492157.0,22212613.799999997,21860181.799999997,0.375808026698776,1.8923105002316538,0.0,0.0,0.19853259419227087,0.375808026698776,0.19855389831876805,20.11853576756179,15.679831516352824,12.453166690213331,0.0,0.0,0.0,0.4423492825611928,1.8140831426284976,0.14189278522669815,241.34176970381796,0.8213908867688868,2.357695609867781,1.5419586413159452,53.218573809162756,0.0,0.44159233937436315,4.378541583195009,4.376375355161038,1.3803457963788333,61.04506830213515,-0.0847294920340768,Health Information Services,Healthcare,OPRX
2013Q1,2013,Q1,2013-05-15,2013-03-31,-104826.0,669290.0,-104882.0,-0.022096263537982233,629087.0,0.9399318680990303,2141841.0,1390633.0,953399.0,751208.0,751208.0,0.0,-24846316.0,19640408.4,19380014.4,0.2931314106482633,1.2691544818479037,0.0,0.0,-0.0754203301661905,0.2931314106482633,-0.0753800607349315,29.345139476161304,-46.84049854043844,14.123358499330879,0.0,0.0,0.0,0.31248351301520516,1.2261091468674454,-0.04894200830033602,-822.841694247769,0.9399318680990303,-1.880942576454077,0.8603356015921658,8.67994903482433,0.0,-0.16202067617843693,-1.880942576454077,-1.8818652675478424,0.6372374486734999,470.1147551628816,1.0279020365250306,Health Information Services,Healthcare,OPRX
2012Q4,2012,Q4,2013-03-12,2012-12-31,118993.0,750719.0,118932.0,0.02508252425137962,750719.0,1.0,2175404.0,1495459.0,969219.0,679945.0,679945.0,0.0,-24741490.0,15086110.8,14801847.8,0.31522767418624553,1.425437351550493,0.0,0.0,0.07952876006630741,0.31522767418624553,0.07956955021836105,20.095549466578042,31.695374517828782,10.087946777544554,0.0,0.0,0.0,0.3450940606894168,1.3251968909250014,0.05469926505605396,9238.279730557257,1.0,2.120382831095828,1.0291425498130844,39.026741687050844,-0.49476787514832277,0.6566531466124099,2.120735773353175,2.1204039528596055,1.0452337996153387,43.06119757815948,0.5544899353194522,Health Information Services,Healthcare,OPRX
2012Q3,2012,Q3,2012-11-14,2012-09-30,-106174.0,453154.0,-106151.0,-0.02238745860363356,453154.0,1.0,2224373.0,1334123.0,971171.0,890250.0,890250.0,0.0,-24860483.0,20630162.099999998,20347532.099999998,0.2813082622360975,1.0908969390620613,0.0,0.0,-0.07956612696130716,0.2813082622360975,-0.07958336675104169,45.525719953922945,-48.57630422702356,15.463463338837572,0.0,0.0,0.0,0.2037221275388615,1.0404706543105868,-0.04773210248461027,-84.24566258713415,1.0,-0.3924873272518957,0.4608018987764683,333.3389621866842,0.0,-0.12081145001290203,-0.39594262348965936,-0.3929663407912867,0.8198126548046002,57.13561691447874,0.05385965265027654,Health Information Services,Healthcare,OPRX
2012Q2,2012,Q2,2012-08-14,2012-06-30,-76059.0,515423.0,-76205.0,-0.016077315868874512,515423.0,1.0,2415266.0,1390679.0,1110244.0,1024587.0,1024587.0,0.0,-24754309.0,14760180.24,14232669.24,0.2939610769956289,1.0836014901614017,0.0,0.0,-0.05479697327708263,0.2939610769956289,-0.05469198858974645,28.63702287247562,-48.51556107758451,10.613650051521594,0.0,0.0,0.0,0.21340216771154813,1.0282757833156189,-0.03149094137043291,-54.668954043082756,1.0,0.7320447355187581,0.8832289407643035,24.393661934373014,0.0,0.5647185969769553,0.7470887894285315,0.7467590946400858,0.8025007155316956,131.76870313822977,-0.1290744464670943,Health Information Services,Healthcare,OPRX
2012Q1,2012,Q1,2012-03-31,2012-03-31,-300734.0,329403.0,-300919.0,-0.06,329403.0,1.0,2358016.0,1408490.0,1027961.0,949526.0,949526.0,0.0,-24678248.0,13057082.52,12259579.52,0.29772595785049843,1.0826043731293298,0.0,0.0,-0.21364652926183358,0.29772595785049843,-0.21351518292639635,39.63862660631506,-10.854345135568309,9.270269948668432,0.0,0.0,0.0,0.1396949808652698,0.9625444695563892,-0.12753687846053632,-80.76729072205761,1.0,0.4445877864413778,0.5981977743741698,3.7774856475274188,0.0,0.01071768279586389,0.4030307601911991,0.621255429399245,0.8085110123704233,223.54996801843473,-0.30692629423243833,Health Information Services,Healthcare,OPRX
2011Q4,2011,Q4,2011-12-31,2011-12-31,-503768.0,325910.0,-794517.0,-0.10802787287584047,325910.0,1.0,2892487.0,1589170.0,1550068.0,1303317.0,1303317.0,0.0,-24377514.0,12451051.049999999,11491885.049999999,0.3407811824849919,1.1893253905227967,0.0,0.0,-0.4999572103676762,0.3407811824849919,-0.31700069847782175,38.20395523303979,-6.178960875839672,7.834939654033238,0.0,0.0,0.0,0.11267466370635373,1.097995345721724,-0.17416430912221906,5187.9379375,1.0,0.485581557734093,0.8744860112589117,16.677707263354186,-0.4538119110867324,0.7010537963286759,0.48031884330071106,-1.7299049621704083,0.8744860112589117,16.677707263354186,-0.4538119110867324,Health Information Services,Healthcare,OPRX
2011Q3,2011,Q3,2011-09-30,2011-09-30,-969379.0,191593.0,-291042.0,-0.21,191593.0,1.0,2649597.0,1910157.0,1337516.0,739440.0,739440.0,0.0,-23873746.0,14689442.25,13670127.25,0.4096135474442537,1.8088228930001082,0.0,0.0,-0.15236548618778456,0.4096135474442537,-0.5074865573876912,76.67003622261774,-3.7883640583301266,7.6901753363728735,0.0,0.0,0.0,0.07231024189716398,1.5431407551660716,-0.36585903441164824,-32.610594405594405,1.0,-1.3333333333333333,-4.006594445226623,142.76045577872907,0.0,-0.04286770509656599,-1.2403907710725866,0.006614785992217899,-4.006594445226623,142.76045577872907,0.0,Health Information Services,Healthcare,OPRX
2011Q2,2011,Q2,2011-06-30,2011-06-30,-432683.0,200174.0,-292980.0,-0.09,200174.0,1.0,3161960.0,1299390.0,1724728.0,862570.0,1862570.0,0.0,-22654367.0,15949563.9,15979798.9,0.28106696384344404,1.9995223576057595,0.316259535224987,0.7695918854231601,-0.1274164017413314,0.28106696384344404,-0.3329893257605492,79.67849920569105,-9.215501822350312,12.274654953478171,0.0,0.0,0.0,0.06330693620412656,1.2866955725332436,-0.13684012447975308,-89.02512809921969,1.0,-0.5,0.3202303198853313,9.09198405529645,0.0,-0.4917416330872962,-1.0131157761524576,-2.8837190805694743,0.3202303198853313,9.09198405529645,0.0,Health Information Services,Healthcare,OPRX
2011Q1,2011,Q1,2011-03-31,2011-03-31,-214932.0,393843.0,-75438.0,-0.06,393843.0,1.0,3553459.0,1678866.0,2006417.0,874593.0,1874593.0,0.0,-22221684.0,10221039.0,10072116.0,0.36957578383176115,2.2941150912481576,0.28141593866708464,0.5956401523409254,,0.36957578383176115,-0.12802212922293976,25.95206465520525,-11.888689213332588,6.088061227042539,0.0,0.0,0.0,0.11083369753246063,1.701173002756711,-0.06048529052959384,-79.12796990036463,1.0,0.2818971444075155,0.7009419985712821,4.948664986502813,0.0,30.797432585176814,0.4168568134029709,0.6299210667032962,0.7009419985712821,4.948664986502813,0.0,Health Information Services,Healthcare,OPRX
2010Q4,2010,Q4,2010-12-31,2010-12-31,-368575.0,12386.0,-203843.0,-0.08355349032903629,12386.0,1.0,3748627.0,1893798.0,2084145.0,854829.0,1854829.0,0.0,-21756752.0,10851665.16,9573571.16,0.42931135556711186,2.4380841080496802,0.0,0.0,-0.1076371397583058,0.42931135556711186,-0.1946221297097156,876.123458743743,-7.360554269822966,5.730106991347546,0.0,0.0,0.0,0.0033041430902567793,1.759526174240696,-0.09832266587206462,-235.4910952453289,1.0,0.3037209139246975,0.9029219814733328,-0.2897801568266758,-0.31191990374558926,-0.6954961156455896,0.26953810907332465,0.5965206754378846,0.9029219814733328,-0.2897801568266758,-0.31191990374558926,Health Information Services,Healthcare,OPRX
2010Q3,2010,Q3,2010-09-30,2010-09-30,-504578.0,40676.0,-505213.0,-0.12,40676.0,1.0,2052864.0,1425450.0,720638.0,627414.0,627414.0,0.0,-21758745.0,19321257.48,18646882.48,0.3231399926460687,1.148584507199393,0.0,0.0,-0.3544235153811077,0.3231399926460687,-0.35397804202181765,475.00387157045924,-9.57297854841075,13.5544968115332,0.0,0.0,0.0,0.01981426923556553,1.1317088875925625,-0.24579222003990522,-42.116907093795575,1.0,0.42857142857142855,-1.7549301488682845,31.26498865531747,0.0,1.432775119617225,0.42327549454053764,0.42285314777983535,-1.7549301488682845,31.26498865531747,0.0,Health Information Services,Healthcare,OPRX
2010Q2,2010,Q2,2010-06-30,2010-06-30,-874903.0,16720.0,-875363.0,-0.21,16720.0,1.0,2451866.0,1831094.0,1152511.0,620772.0,620772.0,0.0,-21254167.0,16857216.18,15724288.18,0.4105977669202555,1.8565769718995058,0.0,0.0,-0.47805464929708685,0.4105977669202555,-0.4778034333573263,1008.2067093301436,-4.8168814657167704,9.206090009578972,0.0,0.0,0.0,0.006819295997415846,1.8261181238844535,-0.35683149079109544,-22.559487630380843,1.0,-2.5,-0.42491029604055797,-0.12614208843901073,0.0,12.031956352299298,-2.3525426586503273,-2.3434920610669527,-0.42491029604055797,-0.12614208843901073,0.0,Health Information Services,Healthcare,OPRX
2010Q1,2010,Q1,2010-03-31,2010-03-31,-260967.0,1283.0,-261811.0,-0.06,1283.0,1.0,633184.0,619305.0,385462.0,13879.0,13879.0,0.0,-19308695.0,24421034.400000002,24049622.400000002,0.14454909821510264,27.77303840334318,0.0,0.0,-0.4227496952228708,0.14454909821510264,-0.42138687722527673,19034.32143413874,-23.394753359620182,39.4329682466636,0.0,0.0,0.0,0.002026267246171729,26.81043302831616,-0.4121503386061556,-85.69325220540246,1.0,0.8917960588926351,0.6149977501891285,-0.9794530973000886,0.0,-0.9150049685326267,0.888026502887222,0.3335700612947238,0.6149977501891285,-0.9794530973000886,0.0,Health Information Services,Healthcare,OPRX
2009Q4,2009,Q4,2009-12-31,2009-12-31,-2330614.0,15095.0,-392856.0,-0.5545084530744152,15095.0,1.0,890142.0,852312.0,678951.0,37830.0,37830.0,0.0,-19047728.0,23578981.470000003,22922587.470000003,0.20278527832440763,17.94742268041237,0.0,0.0,,0.20278527832440763,-2.7344610893663353,1562.0391831732363,-2.529267123384653,27.664730134035423,0.0,0.0,0.0,0.016957968503901626,17.7335183716627,-2.618249672524159,-61.246016681039414,1.0,-3.620903775620127,0.35573509055378605,-0.09156482603433508,-0.6749852711347079,1.1851476548928779,-3.4630079642747034,0.25476470956470276,0.35573509055378605,-0.09156482603433508,-0.6749852711347079,Health Information Services,Healthcare,OPRX
2009Q3,2009,Q3,2009-09-30,2009-09-30,-522207.0,6908.0,-527157.0,-0.12,6908.0,1.0,1133701.0,1121920.0,1022080.0,11781.0,11781.0,0.0,-16717114.0,5043632.399999999,4037250.3999999994,0.2669314282301779,86.7566420507597,0.0,0.0,,0.2669314282301779,-0.46545832144894467,730.1147075854082,-2.4145752546404013,4.495536580148317,0.0,0.0,0.0,0.00609331737380491,85.83940242763772,-0.46062145133505217,-15.204303577673004,1.0,-0.3333333333333333,-1.9924304652960583,4.75101770535124,0.0,1.0028993911278632,-0.5262739481798653,-0.4975498063991955,-1.9924304652960583,4.75101770535124,0.0,Health Information Services,Healthcare,OPRX
2009Q2,2009,Q2,2009-06-30,2009-06-30,-342145.0,3449.0,-352013.0,-0.09,3449.0,1.0,1466979.0,1418636.0,1347230.0,48343.0,48343.0,0.0,-16194907.0,25218162.0,23880053.0,0.33752721550444476,27.86815050782947,0.0,0.0,,0.33752721550444476,-0.2411788506706442,7311.73151638156,-18.42651653538704,17.776344319473072,0.0,0.0,0.0,0.0023510902337388604,27.71522247274683,-0.23323101421356407,-52.46547886040503,1.0,0.7272727272727273,0.40875198839296806,-0.8087375915095378,0.0,1.7136113296616837,0.7485564659375935,0.7439966895339967,0.40875198839296806,-0.8087375915095378,0.0,Health Information Services,Healthcare,OPRX
2009Q1,2009,Q1,2009-03-31,2009-03-31,-1360723.0,1271.0,-1375033.0,-0.33,1271.0,1.0,1953854.0,1760781.0,1825976.0,193073.0,193073.0,0.0,-15852762.0,49186884.0,47368113.0,0.4295732984427312,9.457438378229996,0.0,0.0,,0.4295732984427312,-0.7727951403382931,38699.35798583792,-9.036902440834762,27.934697159953455,0.0,0.0,0.0,0.0006505091987425878,9.440838439346775,-0.6964302348077185,-72.34556868190055,1.0,0.6165839872440706,-1.098304610618608,-0.9787241757828475,0.0,-0.9173010605764851,0.5933156898229024,-0.4657887779772387,-1.098304610618608,-0.9787241757828475,0.0,Health Information Services,Healthcare,OPRX
2008Q4,2008,Q4,2008-12-31,2008-12-31,-3345895.0,15369.0,-938084.0,-0.8606839282168106,15369.0,1.0,2643301.0,2425504.0,2507294.0,217797.0,217797.0,0.0,-14492039.0,48282551.28,45783895.28,0.6239264264496008,11.512068577620445,0.0,0.0,,0.6239264264496008,-1.3794638145309182,3141.5545110286944,-3.6075961200216984,19.906193220048287,0.0,0.0,0.0,0.005814320805689553,11.496953585219265,-1.2658017380540467,-157.6773900349759,1.0,-27.689464273893687,0.0,0.0,0.0,12.833483348334834,-19.729424811657413,-4.811880452022205,0.0,0.0,0.0,Health Information Services,Healthcare,OPRX
2008Q3,2008,Q3,2008-09-30,2008-09-30,-161408.0,1111.0,-161408.0,-0.03,1111.0,1.0,,,,,,,,48982298.4,,,0.0,0.0,0.0,0.0,,0.0,44088.47740774077,-75.86720980372719,0.0,0.0,0.0,0.0,0.0,0.0,0.0,-235.70032336297493,1.0,0.8,0.0,0.0,0.0,-0.9333892919239762,0.6984369570172522,0.20193030338989756,0.0,0.0,0.0,Health Information Services,Healthcare,OPRX
2008Q2,2008,Q2,2008-06-30,2008-06-30,-535238.0,16679.0,-202248.0,-0.15,16679.0,1.0,,,,,,,,48749049.36,,,0.0,0.0,0.0,0.0,,0.0,2922.780104322801,-22.76980023839862,0.0,0.0,0.0,0.0,0.0,0.0,0.0,-224.0738072605926,1.0,0.0,0.0,0.0,0.0,-0.66989926178083,0.024153761445141718,0.06185117495894833,0.0,0.0,0.0,Health Information Services,Healthcare,OPRX
2008Q1,2008,Q1,2008-03-31,2008-03-31,-548486.0,50527.0,-215582.0,-0.15,50527.0,1.0,,,,,,,,41601948.0,,,0.0,0.0,0.0,0.0,,0.0,823.360737823342,-18.962174057314133,0.0,0.0,0.0,0.0,0.0,0.0,0.0,-209.64708372388353,1.0,0.0,0.0,0.0,0.0,0.0,0.0,0.0,0.0,0.0,0.0,Health Information Services,Healthcare,OPRX
