Quarters,Year,Quarter,FillingDate,Date,NetIncome,Revenue,OperatingIncome,EPSDiluted,GrossProfit,GrossProfitRatio,TotalAssets,CommonStockEquity,CurrentAssets,CurrentLiability,TotalLiability,Inventory,RetainedEarnings,MarketCap,EnterpriseValue,bookValuePerShare,currentRatio,debtToAssets,debtToEquity,roic,shareholdersEquityPerShare,roe,priceToSalesRatio,peRatio,pbRatio,payoutRatio,inventoryTurnover,dividendYield,assetTurnover,quickRatio,returnOnAssets,priceToFreeCashFlowsRatio,grossProfitMargin,epsdilutedGrowth,fiveYNetIncomeGrowthPerShare,fiveYRevenueGrowthPerShare,fiveYShareholdersEquityGrowthPerShare,grossProfitGrowth,netIncomeGrowth,operatingIncomeGrowth,threeYNetIncomeGrowthPerShare,threeYRevenueGrowthPerShare,threeYShareholdersEquityGrowthPerShare,Industry,Sector,Symbol
2023Q1,2023,Q1,2023-05-09,2023-03-31,10768000.0,44728000.0,19158000.0,0.88,42636000.0,0.9532284028,4441896000.0,311318000.0,234233000.0,1940000.0,4130578000.0,0.0,282534000.0,382406367.2,253458367.2,25.61166633210808,120.73865979381443,0.024996082753851057,0.3566449739494665,0.03310533141581238,25.61166633210808,0.03458842726729582,8.549596834197818,8.878305330609212,1.228346472738486,0.22511144130757801,0.0,0.00633880658878318,0.01006957389367063,549.0350515463917,0.002424190030563525,80.84701209302325,0.9532284027901985,-0.12871287128712872,0.5093603635937626,0.4356095279493839,0.28573428664259065,-0.03944848716966679,-0.12497968470664717,-0.05191270351858267,1.6113770135404932,0.2780206885810581,-0.004461766588779586,Banks—Regional,Financial Services,EBTC
2022Q4,2022,Q4,2023-03-08,2022-12-31,12306000.0,46375000.0,20207000.0,1.01,44387000.0,0.9571320755,4438333000.0,282267000.0,284706000.0,2005000.0,4156066000.0,0.0,274560000.0,428119070.7,247343070.7,23.273957601814445,141.99800498753117,0.019559821221165695,0.30755632078847334,0.0386581859988427,23.273957601814445,0.04359701984291469,9.23167807439353,8.697364511214042,1.5167166927058422,0.17398017227368764,0.0,0.005000945172798163,0.010448742805012602,141.99800498753117,0.0027726626190508912,16.364782336302127,0.9571320754716981,0.03061224489795921,3.328107474057533,0.4708196327922182,0.1648713670690666,0.049412487883301416,0.028757732820598562,0.11702598120508569,0.37229855982325405,0.33440545194679966,-0.07269550037628969,Banks—Regional,Financial Services,EBTC
2022Q3,2022,Q3,2022-11-04,2022-09-30,11962000.0,44304000.0,18090000.0,0.98,42297000.0,0.9546993499,4529820000.0,272193000.0,429434000.0,833000.0,4257627000.0,0.0,264738000.0,362489698.68,34857698.68000001,22.459376527516167,515.5270108043218,0.02430030332331086,0.40440422788242164,0.033779890159119495,22.459376527516167,0.04394675836630626,8.181872938786565,7.575858942484534,1.3317377694503532,0.1779802708577161,0.0,0.005873270351551277,0.009780521080307827,1513.1620648259304,0.0026407230309372118,86.6371172753346,0.9546993499458288,0.462686567164179,1.0774747750372624,0.4824473385092147,0.12245443036077677,0.11451608653263419,0.4657517461095454,0.483759842519685,0.2947444419642371,0.28591085684193385,-0.08761512222649843,Banks—Regional,Financial Services,EBTC
2022Q2,2022,Q2,2022-08-05,2022-06-30,8161000.0,39953000.0,12192000.0,0.67,37951000.0,0.9498911221,4417447000.0,285110000.0,320720000.0,1545000.0,4132337000.0,0.0,255259000.0,389750210.76,169439210.76,23.54762267377305,207.58576051779934,0.024970305246446646,0.3868857633895689,0.022181685295269267,23.54762267377305,0.028624039844270633,9.755217649738443,11.939413391741207,1.3670169785696746,0.2607523587795613,0.0,0.005459907246362922,0.009044364312690113,768.4789644012945,0.0018474471793323156,21.894849208471435,0.9498911220684304,-0.21176470588235288,0.39412741475079316,0.3899100072424472,0.19699027510092568,-0.042318562632482085,-0.20666861086808594,-0.17465475223395613,0.024451672829309053,0.18635583010222068,-0.009941900937069119,Banks—Regional,Financial Services,EBTC
2022Q1,2022,Q1,2022-05-09,2022-03-31,10287000.0,39628000.0,14772000.0,0.85,39628000.0,1.0,4454474000.0,310539000.0,443959000.0,746000.0,4143935000.0,0.0,249579000.0,483686358.91999996,140283358.91999996,25.75806501514475,595.1193029490616,0.01937018826465257,0.2778523792502713,0.027047657720194972,25.75806501514475,0.03312627399457073,12.205671719995962,11.754796318654613,1.557570414408496,0.20637698065519589,0.0,0.004389207925442315,0.008896224335353625,595.1193029490616,0.002309363574689178,-97.04782482343498,1.0,-0.0555555555555556,0.7624028036960533,0.40207632278869804,0.3485302235612074,-0.048136049192928514,-0.0517146017699115,-0.0497266001929881,0.15101809480932132,0.20795905583487778,0.13565880762300841,Banks—Regional,Financial Services,EBTC
2021Q4,2021,Q4,2022-03-10,2021-12-31,10848000.0,41632000.0,15545000.0,0.9,41632000.0,1.0,4447819000.0,346895000.0,449930000.0,1537000.0,4100924000.0,0.0,241761000.0,540453677.32,191962677.32000005,28.83230155315173,292.7325959661679,0.019804088250893304,0.2539240980700212,0.02610986006670576,28.83230155315173,0.031271710459937443,12.981689020945428,12.455145587205015,1.557974826157771,0.1762536873156342,0.0,0.003537768508637446,0.00936009311529988,292.7325959661679,0.0024389481676300225,20.87419092812174,1.0,0.11111111111111106,1.0857771858323688,0.4910052380108053,0.538078970659019,0.06863802043226039,0.10333604556550041,0.0,0.6234065806506696,0.3997155928306702,0.3217317146780343,Banks—Regional,Financial Services,EBTC
2021Q3,2021,Q3,2021-11-08,2021-09-30,9832000.0,38958000.0,0.0,0.81,38958000.0,1.0,4451432000.0,346540000.0,0.0,0.0,4104892000.0,0.0,233137000.0,432212829.50000006,-120867170.49999994,28.82402406798524,0.0,0.020509579838577787,0.26345299243954523,0.0,28.82402406798524,0.02837190511917816,11.094327981415885,10.989951929922702,1.2472234936803832,0.19467046379170058,0.0,0.00442837386898993,0.00875179043507797,0.0,0.0022087274387208432,47.381366969962734,1.0,-0.11956521739130432,0.9829184524784953,0.44353199761049206,0.5250067465112775,-0.026974374344372845,-0.11733548792530747,0.0,0.19850868360450255,0.21743244937217915,0.3934005048664669,Banks—Regional,Financial Services,EBTC
2021Q2,2021,Q2,2021-08-06,2021-06-30,11139000.0,40038000.0,0.0,0.92,40038000.0,1.0,4428001000.0,339317000.0,0.0,0.0,4088684000.0,0.0,225529000.0,393306474.5,-258672525.5,28.254382957024013,0.0,0.019707538458098812,0.2571783907083936,0.0,28.254382957024013,0.03282770978170855,9.82332969928568,8.827239305592961,1.159112200390785,0.17102073794775113,0.0,0.0048435510816896045,0.009042003378048018,0.0,0.002515582087718589,20.641674950141702,1.0,0.06976744186046518,1.053288624080233,0.4207386278001776,0.40431322360465227,0.02569488920199821,0.07602395672333849,0.0,0.4312349040306691,0.2588897740626548,0.3899245967262732,Banks—Regional,Financial Services,EBTC
2021Q1,2021,Q1,2021-05-10,2021-03-31,10352000.0,39035000.0,0.0,0.86,39035000.0,1.0,4257761000.0,328755000.0,0.0,0.0,3929006000.0,0.0,216610000.0,388921931.88000005,32522931.880000055,27.489096714912677,0.0,0.019944050405835367,0.2582987330991164,0.0,27.489096714912677,0.03148849447156697,9.96341570078135,9.392434599111285,1.18301449979468,0.1831530139103555,0.0,0.00487501435271334,0.009167964101319918,0.0,0.002431324820721501,97.74363706458911,1.0,0.04878048780487809,1.2450001822706112,0.5087260642799385,0.6524661628910476,0.0035736322501028384,0.05021811910317541,0.0,0.47481197953158527,0.27340202333225216,0.37998339104116846,Banks—Regional,Financial Services,EBTC
2020Q4,2020,Q4,2021-03-10,2020-12-31,9857000.0,38896000.0,0.0,0.82,38896000.0,1.0,4014324000.0,334426000.0,0.0,0.0,3679898000.0,0.0,214977000.0,304826267.90000004,147101267.90000004,28.03099732468955,0.0,0.02392856182012214,0.28722946182414044,0.0,28.03099732468955,0.029474382972615766,7.836956702488688,7.731213044029624,0.9114909364104465,0.18078522877143147,0.0,0.005845952884167434,0.009689302607363033,0.0,0.0024554570084527306,24.215623442961554,1.0,-0.05747126436781615,0.9504026515644972,0.4719238166667606,0.7324184462338575,0.027499669792629772,-0.04541932984698818,0.0,2.5241490369634776,0.25403258494326975,0.40296320602452534,Banks—Regional,Financial Services,EBTC
2020Q3,2020,Q3,2020-11-06,2020-09-30,10326000.0,37855000.0,0.0,0.87,37855000.0,1.0,4060547000.0,325780000.0,0.0,0.0,3734767000.0,0.0,207206000.0,250484535.72,35214535.72,27.338596294243118,0.0,0.022926467788699403,0.28575725950027625,0.0,27.338596294243118,0.031696236724169685,6.616947185840708,6.064413512492737,0.7688763451408926,0.1723803989928336,0.0,0.007106227116510472,0.00932263559564758,0.0,0.002543007136723205,23.331271956035767,1.0,0.42622950819672134,1.2463065990144244,0.533909381958356,0.7213717204024838,0.03610137946135319,0.4230981256890849,0.0,0.8238752539270536,0.2882217752299321,0.3663036679901805,Banks—Regional,Financial Services,EBTC
2020Q2,2020,Q2,2020-08-07,2020-06-30,7256000.0,36536000.0,0.0,0.61,36536000.0,1.0,4037229000.0,316676000.0,0.0,0.0,3720553000.0,0.0,198965000.0,283511118.6,65621118.600000024,26.60644265822455,0.0,0.009133244609111843,0.11643762078591367,0.0,26.60644265822455,0.02291300887973828,7.7597744306984895,9.768161473263506,0.8952718823024164,0.24490077177508268,0.0,0.006267831783017768,0.00904977151407562,0.0,0.0017972723370410745,-313.6184940265487,1.0,0.7941176470588234,0.9263849478682092,0.49717264652090687,0.715066012311927,0.07162550595412683,0.8063231267114762,0.0,0.260937054505621,0.2929904845287632,0.3524784883017765,Banks—Regional,Financial Services,EBTC
2020Q1,2020,Q1,2020-05-11,2020-03-31,4017000.0,34094000.0,0.0,0.34,34094000.0,1.0,3367153000.0,304637000.0,0.0,0.0,3062516000.0,0.0,193791000.0,319599170.08,361755170.08,25.726451754996372,0.0,0.034751316616738234,0.3841063298286157,0.0,25.726451754996372,0.013186185525724058,9.374059074323927,19.890413871048047,1.0491147499482991,0.43963156584515806,0.0,0.005525671420103959,0.010125468014075987,0.0,0.0011929959820655611,28.44421236027056,1.0,-0.5405405405405405,0.031944336181597296,0.4133626523590311,0.6520071593059034,0.0066729656312743595,-0.5403364229316856,0.0,-0.2993220935122429,0.22813925969016163,0.3468751521592862,Banks—Regional,Financial Services,EBTC
2019Q4,2019,Q4,2020-03-10,2019-12-31,8739000.0,33868000.0,0.0,0.74,33868000.0,1.0,3235049000.0,296641000.0,0.0,0.0,2938408000.0,0.0,191843000.0,400311900.9,465666900.9,25.0985060584293,0.0,0.039921806439407875,0.4353713748268109,0.0,25.0985060584293,0.02945985214451138,11.81976794909649,11.451879531410915,1.3494827110884873,0.08250371896097952,0.0,0.0018010955916599382,0.010469084084970583,0.0,0.0027013501186535353,28.760104957252675,1.0,-0.026315789473684233,1.022167409745437,0.3762246148292271,0.6445993410085,0.008876973488233542,-0.029215729837813818,0.0,0.7104697556819366,0.23474384274253757,0.3388970801468414,Banks—Regional,Financial Services,EBTC
2019Q3,2019,Q3,2019-11-07,2019-09-30,9002000.0,33570000.0,0.0,0.76,33570000.0,1.0,3138724000.0,290682000.0,0.0,0.0,2848042000.0,0.0,184994000.0,354021917.94,308908917.94,24.61612097552945,0.0,0.011882535705592464,0.1283051582141309,0.0,24.61612097552945,0.03096854982420652,10.545782482573726,9.83175733003777,1.2179010669391293,0.20973117085092202,0.0,0.005333003139991971,0.010695429097939163,0.0,0.00286804446647746,43.74961912259021,1.0,0.15151515151515146,1.1698706844737434,0.44258738858641966,0.6518340911554014,0.022914254372600404,0.15960324616771868,0.0,0.8484266873696302,0.2664304385750899,0.3023771584452526,Banks—Regional,Financial Services,EBTC
2019Q2,2019,Q2,2019-08-07,2019-06-30,7763000.0,32818000.0,0.0,0.66,32818000.0,1.0,3167518000.0,280627000.0,0.0,0.0,2886891000.0,0.0,177880000.0,370250799.96,217103799.95999998,23.784081657490987,0.0,0.010649347533305256,0.1202022613647297,0.0,23.784081657490987,0.027663054517206114,11.281942835029556,11.923573359525957,1.3193698395378919,0.24307613036197345,0.0,0.005096545369257438,0.010360793529823666,0.0,0.0024508148019995466,72.37114932759968,1.0,-0.10810810810810806,1.16092069469203,0.47048194906504964,0.6230244678151255,0.028132832080200502,-0.10729070837166513,0.0,0.4564987234816191,0.185306453589468,0.18212811207771093,Banks—Regional,Financial Services,EBTC
2019Q1,2019,Q1,2019-05-07,2019-03-31,8696000.0,31920000.0,0.0,0.74,31920000.0,1.0,3073781000.0,266061000.0,0.0,0.0,2807720000.0,0.0,172004000.0,349451058.78,247411058.77999997,22.681165189972585,0.0,0.010808187050411203,0.12486610213447293,0.0,22.681165189972585,0.03268423406662382,10.94771487406015,10.046316087281507,1.3134245860159888,0.2156163753449862,0.0,0.005365558217353758,0.010384604498498755,0.0,0.0028290889949544227,87.49400570355533,1.0,0.34545454545454535,1.2799967433186865,0.44862922496588475,0.5710865518060709,0.10327664869348818,0.33784615384615385,0.0,0.922683008697005,0.2578102575089383,0.36344451038434417,Banks—Regional,Financial Services,EBTC
2018Q4,2018,Q4,2019-03-13,2018-12-31,6500000.0,28932000.0,0.0,0.55,28932000.0,1.0,2964358000.0,255297000.0,0.0,0.0,2709061000.0,0.0,165183000.0,376379317.91999996,428611317.91999996,21.81403474923434,0.0,0.038912978796758015,0.451834529978809,0.0,21.81403474923434,0.0254605420353549,13.00910126918291,14.47612761230769,1.474280222329287,0.2610769230769231,0.0,0.004508749336648461,0.009759954769295746,0.0,0.002192717613729516,27.371050681404984,1.0,-0.19117647058823528,0.7094427599147608,0.293261415279621,0.5457119090025101,-0.07078622816032888,-0.18566775244299674,0.0,0.3111266724339221,0.11611930772569917,0.3481873566115963,Banks—Regional,Financial Services,EBTC
2018Q3,2018,Q3,2018-11-06,2018-09-30,7982000.0,31136000.0,0.0,0.68,31136000.0,1.0,2890604000.0,241985000.0,0.0,0.0,2648619000.0,0.0,160380000.0,397145436.45000005,347374436.45000005,20.686101352279557,0.0,0.005311692642783307,0.06345021385623076,0.0,20.686101352279557,0.03298551563113416,12.755184880845325,12.43878214889752,1.6411985720189268,0.2124780756702581,0.0,0.004270475861840915,0.01077145122611053,0.0,0.0027613606014521533,78.1474688016529,1.0,0.06250000000000006,1.0622168701740746,0.4450768712467199,0.4900405180830696,0.005977189751542761,0.05386849749141801,0.0,0.7688338671395891,0.2852206091261126,0.3024981052407557,Banks—Regional,Financial Services,EBTC
2018Q2,2018,Q2,2018-08-07,2018-06-30,7574000.0,30951000.0,0.0,0.64,30951000.0,1.0,2933963000.0,237577000.0,0.0,0.0,2696386000.0,0.0,154094000.0,472512768.26,349533768.26,20.32799694571369,0.0,0.005233194828973644,0.06462746814716913,0.0,20.32799694571369,0.03188019042247356,15.266478248198766,15.596539749801954,1.9888826286214574,0.22339582783205703,0.0,0.0035808556163057534,0.01054921278830033,0.0,0.0025814913139668087,36.87185082013266,1.0,0.10344827586206906,1.2232580706323815,0.4311694478080997,0.4912047540770172,0.03841508421123264,0.10974358974358975,0.0,1.0478098803191802,0.2916477796958601,0.3103539284759338,Banks—Regional,Financial Services,EBTC
2018Q1,2018,Q1,2018-05-08,2018-03-31,6825000.0,29806000.0,0.0,0.58,29806000.0,1.0,2834928000.0,231640000.0,0.0,0.0,2603288000.0,0.0,148212000.0,410372835.23,368344835.23,19.919875045867567,0.0,0.005238228272464063,0.0641080987739596,0.0,19.919875045867567,0.02946382317389052,13.76812840468362,15.031971986446885,1.7715974582541876,0.24703296703296704,0.0,0.004108459077353534,0.010513847265256825,0.0,0.0024074685494658065,84.50840923187809,1.0,1.5217391304347825,0.7856207639469314,0.38480073638170037,0.45783157614223857,-0.011835692736133673,1.5091911764705883,0.0,0.7853892176826887,0.25821588323028016,0.279141659395807,Banks—Regional,Financial Services,EBTC
2017Q4,2017,Q4,2018-03-13,2017-12-31,2720000.0,30163000.0,0.0,0.23,30163000.0,1.0,2817564000.0,231810000.0,0.0,0.0,2585754000.0,0.0,143073000.0,395054501.4,444095501.4,19.979852076177355,0.0,0.03685701549281578,0.4479832621543505,0.0,19.979852076177355,0.011733747465596824,13.097321267778403,36.31015637867647,1.7042168215348776,0.5753676470588235,0.0,0.003961478718642441,0.010705346888304932,0.0,0.0009653729249805861,51.62761387872451,1.0,-0.5106382978723404,-0.24834227294221417,0.43784088021747974,0.4845563131097218,0.05546224368395269,-0.5059934616781693,0.0,-0.35883814328814534,0.24858384276880124,0.30919551472239865,Banks—Regional,Financial Services,EBTC
2017Q3,2017,Q3,2017-11-07,2017-09-30,5506000.0,28578000.0,0.0,0.47,28578000.0,1.0,2725472000.0,231887000.0,0.0,0.0,2493585000.0,0.0,141992000.0,420798006.09000003,534206006.09000003,20.009165557213155,0.0,0.060209387584976105,0.7076679589627707,0.0,20.009165557213155,0.0237443237438925,14.72454356812933,19.10633881629132,1.8146683776580836,0.28387213948419904,0.0,0.0037143712122668813,0.010485523241478906,0.0,0.0020202005377417194,38.64786977314475,1.0,-0.020833333333333353,0.6030788050703731,0.3677751523072721,0.5146004072366975,0.04018344616728543,-0.01590705987488829,0.0,0.35232833739371067,0.251335367360842,0.3426900946673733,Banks—Regional,Financial Services,EBTC
2017Q2,2017,Q2,2017-08-07,2017-06-30,5595000.0,27474000.0,0.0,0.48,27474000.0,1.0,2656547000.0,227657000.0,0.0,0.0,2428890000.0,0.0,138049000.0,411284162.2,394617162.2,19.67235921928238,0.0,0.02224541858284457,0.2595834962245835,0.0,19.67235921928238,0.024576446144858273,14.969941115236223,18.377308409294013,1.8065957216338615,0.27899910634495084,0.0,0.003795429397645792,0.0103419965842878,0.0,0.0021061174524674322,86.49509194532071,1.0,0.0,0.7155886117920571,0.33271553525294045,0.5213174047136054,0.01827211741595938,0.004127781765972721,0.0,0.5879171423685421,0.2551279034205098,0.34244074723345724,Banks—Regional,Financial Services,EBTC
2017Q1,2017,Q1,2017-05-08,2017-03-31,5572000.0,26981000.0,0.0,0.48,26981000.0,1.0,2572359000.0,219828000.0,0.0,0.0,2352531000.0,0.0,134015000.0,400046270.35999995,407264270.35999995,19.100843692715085,0.0,0.023911125935376826,0.27980057135578723,0.0,19.100843692715085,0.02534708954273341,14.826962320151216,17.948953264536968,1.819814902378223,0.2785355348169419,0.0,0.0038795512294199407,0.01048881590788844,0.0,0.0021661051198530222,62.264010950972754,1.0,0.11627906976744183,0.5583002925925267,0.3322812453021128,0.49270514436148033,0.01466661652438795,0.12497476277003836,0.0,0.4890565891988479,0.24806671534408323,0.3230836424154077,Banks—Regional,Financial Services,EBTC
2016Q4,2016,Q4,2017-03-14,2016-12-31,4953000.0,26591000.0,0.0,0.43,26591000.0,1.0,2526269000.0,214786000.0,0.0,0.0,2311483000.0,0.0,130008000.0,430358986.92,405388986.92,18.745657474790118,0.0,0.010095916151447054,0.11874610077006881,0.0,18.745657474790118,0.023060162207965137,16.18438520251213,21.722137437916416,2.003664051288259,0.3004239854633555,0.0,0.003457578545412382,0.010525799113237743,0.0,0.001960598811923829,58.5761517517354,1.0,0.04878048780487809,0.544690178588199,0.2945097537255611,0.50213244690218,0.0363629277418349,0.050700042426813745,0.0,0.33049716170128735,0.21407901355744785,0.32829099861418454,Banks—Regional,Financial Services,EBTC
2016Q3,2016,Q3,2016-11-07,2016-09-30,4714000.0,25658000.0,0.0,0.41,25658000.0,1.0,2470849000.0,216040000.0,0.0,0.0,2254809000.0,0.0,126543000.0,320043752.0,273385752.0,18.900915772291032,0.0,0.006273956846411901,0.07175523051286799,0.0,18.900915772291032,0.021820033327161637,12.473448904825005,16.973045820958845,1.4814097019070542,0.3148069579974544,0.0,0.004636866024492801,0.010384284915832574,0.0,0.0019078462504183785,54.235511269276394,1.0,-0.08888888888888896,0.4234862197608013,0.26568287484683084,0.5383973856216179,0.035264686894770816,-0.011947180884510585,0.0,0.2464379577939965,0.2187353503802875,0.3614518197497608,Banks—Regional,Financial Services,EBTC
2016Q2,2016,Q2,2016-08-05,2016-06-30,4771000.0,24784000.0,0.0,0.45,24784000.0,1.0,2433053000.0,212498000.0,0.0,0.0,2220555000.0,0.0,123313000.0,253374703.2,127011703.19999999,20.11971580278895,0.0,0.006370185935119375,0.07293715705559582,0.0,20.11971580278895,0.022451976018597823,10.223317591994835,13.276813204778872,1.1923627667083925,0.28547474324041083,0.0,0.005375437969136612,0.010186379006129336,0.0,0.00196091083918024,42.55537507557944,1.0,0.17995337873094702,0.7005365422650087,0.3697605860841254,0.6612731741200257,0.024132231404958678,0.10619058659865523,0.0,0.5497112846384762,0.2681323274684091,0.47592583449908715,Banks—Regional,Financial Services,EBTC
2016Q1,2016,Q1,2016-05-06,2016-03-31,4313000.0,24200000.0,0.0,0.381371,24200000.0,1.0,2304632000.0,186085000.0,0.0,0.0,2118547000.0,0.0,119904000.0,293526491.52,250092491.51999998,16.63519491789141,0.0,0.00672385005501963,0.08327377273826476,0.0,16.63519491789141,0.02317758013810893,12.12919386446281,17.01405584975655,1.5773785717279736,0.3130071875724554,0.0,0.004599244153429385,0.010500591851540723,0.0,0.0018714484568469066,-3623.7838459259256,1.0,-0.08888687147167657,0.5673980362333364,0.2907171496566519,0.3990135376862358,-0.019647559246505974,-0.08642236814234272,0.0,0.1730310377550963,0.16880598895337712,0.21744299955405566,Banks—Regional,Financial Services,EBTC
2015Q4,2015,Q4,2016-03-15,2015-12-31,4721000.0,24685000.0,0.0,0.418577,24685000.0,1.0,2285531000.0,180327000.0,0.0,0.0,2105204000.0,0.0,116941000.0,254660279.50000003,271658279.5,16.18026948721699,0.0,0.029968090566262283,0.37982664825566886,0.0,16.18026948721699,0.026180217050136696,10.316397792181489,13.485505163101038,1.412213808802897,0.2743062910400339,0.0,0.0050852060735290285,0.010800553569389346,0.0,0.002065603135551432,-243.69404736842108,1.0,0.0975585453534746,0.7518982190572234,0.3053753836349989,0.38911884213626213,0.07130457425570697,0.0999534016775396,0.0,0.35815743113967713,0.2249949999718287,0.20223718991919126,Banks—Regional,Financial Services,EBTC
2015Q3,2015,Q3,2015-11-06,2015-09-30,4292000.0,23042000.0,0.0,0.381371,23042000.0,1.0,2195314000.0,176704000.0,0.0,0.0,2018610000.0,0.0,113515000.0,233315323.55999997,216519323.55999997,15.881866752087065,0.0,0.017760557259690415,0.22065148496921405,0.0,15.881866752087065,0.024289206809127127,10.12565417758875,13.590128352749302,1.3203737524900399,0.30149114631873253,0.0,0.005546142363286445,0.010495992828360771,0.0,0.001955073397245223,47.39291561243144,1.0,0.20588570091507577,0.4051742770080476,0.24340479240043802,0.3555561295709705,0.011812233785623325,0.22105263157894736,0.0,0.3016102806026746,0.14869741038489917,0.2021831585934628,Banks—Regional,Financial Services,EBTC
2015Q2,2015,Q2,2015-08-07,2015-06-30,3515000.0,22773000.0,0.0,0.316258,22773000.0,1.0,2170477000.0,172308000.0,0.0,0.0,1998169000.0,0.0,110517000.0,260349697.36,160819697.36,15.513363606546426,0.0,0.007432006881436661,0.09361724354063654,0.0,15.513363606546426,0.020399517143719386,11.432384725771747,18.517048176386915,1.5109553669011306,0.3669985775248933,0.0,0.004954874206042364,0.010492163704107438,0.0,0.0016194596855898496,39.651187535790434,1.0,-0.028572306180120507,0.2049812732760913,0.21538286547114657,0.36485954425797296,0.015156243034814781,-0.029005524861878452,0.0,0.12295792867898762,0.15096178765355667,0.19969088593892742,Banks—Regional,Financial Services,EBTC
2015Q1,2015,Q1,2015-05-08,2015-03-31,3620000.0,22433000.0,0.0,0.32556,22433000.0,1.0,2068730000.0,171488000.0,0.0,0.0,1897242000.0,0.0,108292000.0,234004766.25,158554766.25,15.57284519626745,0.0,0.007594031120542555,0.09160990856503079,0.0,15.57284519626745,0.021109348759096848,10.431273848794188,16.16055015538674,1.3645547574757417,0.3533149171270718,0.0,0.005465700637198025,0.010843851058378812,0.0,0.001749865859730366,20.63352140463804,1.0,-0.1025644559731177,0.11738176863196507,0.22787935216658506,0.38312453260773793,-0.015146193695671262,-0.095,0.0,0.058067328256403865,0.15768369821673978,0.21699682541662324,Banks—Regional,Financial Services,EBTC
2014Q4,2014,Q4,2015-03-13,2014-12-31,4000000.0,22778000.0,0.0,0.362767,22778000.0,1.0,2022228000.0,166950000.0,0.0,0.0,1855278000.0,0.0,105951000.0,276223132.5,305802132.5,15.261167527306933,0.0,0.0344792970921182,0.41764001197963463,0.0,15.261167527306933,0.02395926924228811,12.126750921942225,17.26394578125,1.6545261006289307,0.30525,0.0,0.004420339415273267,0.011263813971520521,0.0,0.0019780163265467592,-37.59672417313189,1.0,0.054052719052544655,0.2879269602432268,0.25056442228418413,0.39050436019725654,0.05998417795151007,0.04411380840511616,0.0,0.3065910466367636,0.16142955921561972,0.22291229055087175,Banks—Regional,Financial Services,EBTC
2014Q3,2014,Q3,2014-11-07,2014-09-30,3831000.0,21489000.0,0.0,0.344164,21489000.0,1.0,1962695000.0,162502000.0,0.0,0.0,1800193000.0,0.0,103172000.0,205440666.96,162502666.96,14.9022962459331,0.0,0.0060269170706604945,0.07279295024061243,0.0,14.9022962459331,0.02357509446037587,9.560271160128439,13.406464823805795,1.2642346984037118,0.3176716262072566,0.0,0.00592385148475474,0.010948721018803228,0.0,0.0019519079632851768,18.686616969255958,1.0,0.156251364835128,0.3697789657991254,0.1722484467272074,0.3527391292774486,0.04376335729551195,0.156004828002414,0.0,0.21261139501818757,0.11112805433570397,0.21293877295149963,Banks—Regional,Financial Services,EBTC
2014Q2,2014,Q2,2014-08-08,2014-06-30,3314000.0,20588000.0,0.0,0.297655,20588000.0,1.0,1933248000.0,159502000.0,0.0,0.0,1773746000.0,0.0,100558000.0,224545337.04,167103337.04,14.654173198946603,0.0,0.005849740954083491,0.07090193226417224,0.0,14.654173198946603,0.020777168938320524,10.906612446085097,16.939147332528666,1.4077901031961981,0.36632468316234157,0.0,0.005406480562024501,0.01064943556129374,0.0,0.0017142135928758235,30.596176187491483,1.0,-0.08571384690993983,0.9491368308946012,0.18950464236804587,0.37400693343450986,0.01644038509010121,-0.05476326297775243,0.0,0.14619167150686396,0.10411832228903029,0.20998651586043,Banks—Regional,Financial Services,EBTC
2014Q1,2014,Q1,2014-05-09,2014-03-31,3506000.0,20255000.0,0.0,0.32556,20255000.0,1.0,1865245000.0,155671000.0,0.0,0.0,1709574000.0,0.0,98458000.0,219327664.14,190335664.14,14.436610869018669,0.0,0.009815868692852682,0.11761342831998253,0.0,14.436610869018669,0.02252185699327428,10.828322100222167,15.639451236451796,1.4089179368026157,0.3425556189389618,0.0,0.005475825426351071,0.010859163273457375,0.0,0.001879645837410099,-87.27722409072821,1.0,0.0,0.8558108650270506,0.1362969171561826,0.3571289799018397,-0.011854815103912578,0.006314580941446613,0.0,0.3217604722296138,0.12069896313121055,0.21411345907003276,Banks—Regional,Financial Services,EBTC
2013Q4,2013,Q4,2014-03-14,2013-12-31,3484000.0,20498000.0,0.0,0.32556,20498000.0,1.0,1849925000.0,151334000.0,0.0,0.0,1698591000.0,0.0,96153000.0,227012578.55,222856578.55,14.112613496852418,0.0,0.025600497317458816,0.3129435553147343,0.0,14.112613496852418,0.023021925013546198,11.074864794126256,16.289651158869116,1.5000765099052429,0.32893226176808266,0.0,0.0050481784195389465,0.0110804492074003,0.0,0.001883319594037596,476.9171818277311,1.0,0.0,96.0704677514884,0.21852683213588908,0.34216540288095754,0.04225352112676056,-0.013869232946504387,0.0,0.3436896140997121,0.12657398751036747,0.21160511793404788,Banks—Regional,Financial Services,EBTC
2013Q3,2013,Q3,2013-11-08,2013-09-30,3533000.0,19667000.0,0.0,0.32556,19667000.0,1.0,1832549000.0,148237000.0,0.0,0.0,1684312000.0,0.0,93815000.0,201914531.69,131715531.69,13.882911975368383,0.0,0.00693296604892966,0.08570734701862558,0.0,13.882911975368383,0.02383345588483307,10.26666658310876,14.287753445372205,1.3621061657346007,0.3240871780356637,0.0,0.005670716170928807,0.010732045909822876,0.0,0.0019279157064831555,11.615632036472416,1.0,0.12903281741476588,0.6522780852453631,0.1677095589387598,0.3438967523971465,0.006190524915583751,0.14745047093212083,0.0,0.20526598649899255,0.10585775502760879,0.18494045556904035,Banks—Regional,Financial Services,EBTC
2013Q2,2013,Q2,2013-08-09,2013-06-30,3079000.0,19546000.0,0.0,0.288353,19546000.0,1.0,1753336000.0,143993000.0,0.0,0.0,1609343000.0,0.0,91427000.0,201434922.54,166466922.54,13.63192874092983,0.0,0.007246186697814908,0.08823345579298994,0.0,13.63192874092983,0.021382983895050455,10.30568518059961,16.35554746183826,1.3989216318848834,0.36602793114647614,0.0,0.005594859053182328,0.011147891790278646,0.0,0.0017560809793445182,44.85302216432866,1.0,-0.11428615309006017,0.39954117974576653,0.2629431682966704,0.3195023282318934,0.011069728946823919,-0.10311680745703466,0.0,0.10989029551233875,0.09689777270643198,0.19933165499010896,Banks—Regional,Financial Services,EBTC
2013Q1,2013,Q1,2013-05-10,2013-03-31,3433000.0,19332000.0,0.0,0.32556,19332000.0,1.0,1693985000.0,142714000.0,0.0,0.0,1551271000.0,0.0,89475000.0,175363020.67999998,191012020.67999998,13.664044167969108,0.0,0.03257112666286892,0.3866123856103816,0.0,13.664044167969108,0.024055103213419846,9.071126664597557,12.770391835129622,1.2287723746794288,0.32537139528109527,0.0,0.006369643928740747,0.011412143554990156,0.0,0.002026582289689696,25.585500536912747,1.0,0.060604579794564184,0.39068165582919073,0.2828406931713145,0.3163937775897566,0.031149989332195434,0.061533704390847245,0.0,0.11723687472196835,0.1156387074310916,0.21359163756945013,Banks—Regional,Financial Services,EBTC
2012Q4,2012,Q4,2013-03-15,2012-12-31,3234000.0,18748000.0,0.0,0.306957,18748000.0,1.0,1665726000.0,139549000.0,0.0,0.0,1526177000.0,0.0,87159000.0,171293616.76,158433616.76,13.458466950522926,0.0,0.02243166042914621,0.26775541207747816,0.0,13.458466950522926,0.023174655497352186,9.13663413484105,13.24162158008658,1.2274800733792433,0.3277674706246135,0.0,0.006188204908330993,0.011255152408019086,0.0,0.0019414957802183553,80.57084513640639,1.0,0.03125094488585771,-0.026807639833775758,0.16217357289939796,0.31996854964064725,0.0061718456501905225,0.05582761998041136,0.0,0.09859795411285505,0.08595780902359566,0.22625329567921895,Banks—Regional,Financial Services,EBTC
2012Q3,2012,Q3,2012-11-09,2012-09-30,3063000.0,18633000.0,0.0,0.297655,18633000.0,1.0,1637547000.0,136535000.0,0.0,0.0,1501012000.0,0.0,84985000.0,177453014.54000002,114881014.54000002,13.210854468023511,0.0,0.008438841755381678,0.10121214340645256,0.0,13.210854468023511,0.022433808181052478,9.523587964364301,14.483595701926216,1.2996888309957155,0.34508651648710414,0.0,0.005956506305288714,0.011378604705696996,0.0,0.001870480664066436,-28.71872706586827,1.0,0.06666499433797278,-0.046870735861403424,0.18603154313411424,0.31994382017881284,0.014703479823558243,0.054388984509466436,0.0,0.15552080506403435,0.07245400550603902,0.19920041013560205,Banks—Regional,Financial Services,EBTC
2012Q2,2012,Q2,2012-08-09,2012-06-30,2905000.0,18363000.0,0.0,0.279052,18363000.0,1.0,1615082000.0,133297000.0,0.0,0.0,1481785000.0,0.0,82979000.0,168951758.58,103100758.58000001,12.931134001576606,0.0,0.008478826462061988,0.10273299474106694,0.0,12.931134001576606,0.021793438712049033,9.200662123835976,14.53973825989673,1.2674835786251755,0.36282271944922545,0.0,0.0062384671746457294,0.011369701352624821,0.0,0.0017986702842332464,14.851596218354432,1.0,-0.09090849858449215,0.019145599267797814,0.18770407647630827,0.3329889020994382,0.021812920816871625,-0.08446265364008824,0.0,0.8040850617249131,0.1202544191855699,0.2124510563730874,Banks—Regional,Financial Services,EBTC
2012Q1,2012,Q1,2012-05-10,2012-03-31,3173000.0,17971000.0,0.0,0.306957,17971000.0,1.0,1560070000.0,130683000.0,0.0,0.0,1429387000.0,0.0,81128000.0,167896788.0,102997788.0,12.796126391649613,0.0,0.008777811252059203,0.10478792191792352,0.0,12.796126391649613,0.024280128249274963,9.342651382783373,13.22855247399937,1.2847638024838732,0.329026158209896,0.0,0.006218105852030951,0.011519354900741633,0.0,0.0020338830949893274,72.90351194094659,1.0,0.09687185230930709,0.1646916044429847,0.20995606903277236,0.33946951380062323,-0.018460866240646676,0.11021693491952414,0.0,0.7733471590882485,0.06447070845700788,0.20291348947157054,Banks—Regional,Financial Services,EBTC
2011Q4,2011,Q4,2012-03-15,2011-12-31,2858000.0,18309000.0,0.0,0.2798476406826794,18309000.0,1.0,1489163000.0,127448000.0,0.0,0.0,1361715000.0,0.0,78999000.0,146041610.0,124344610.0,12.479363929225377,0.0,0.010286986716699247,0.1201980415542025,0.0,12.479363929225377,0.022424832088381145,7.9764929815937515,12.774808432470259,1.1458917362375243,0.3470958712386284,0.0,0.00679258466131673,0.012294826019717117,0.0,0.001919198905694004,59.60882040816327,1.0,-0.029496344124460658,-0.08407615565064669,0.21565333071527576,0.3492262015801287,0.018354747205072585,-0.02689819543752128,0.0,82.61028225505565,0.1428170781218042,0.18683690441196688,Banks—Regional,Financial Services,EBTC
2011Q3,2011,Q3,2011-11-09,2011-09-30,2937000.0,17979000.0,0.0,0.288353,17979000.0,1.0,1496800000.0,124547000.0,0.0,0.0,1372253000.0,0.0,77133000.0,124991947.26,106547947.26,12.286107574639285,0.0,0.010234500267236771,0.12299774382361679,0.0,12.286107574639285,0.02358145920817041,6.952107862506257,10.639423498467824,1.003572524910275,0.33707865168539325,0.0,0.007920510254477972,0.01201162479957242,0.0,0.001962185996793159,43.672937547169816,1.0,0.10714230863742479,-0.02257337388148156,0.18814196026916166,0.3716885126605366,0.038288288288288286,0.09385474860335195,0.0,0.44677348729590904,0.12439612381408195,0.18932253539132526,Banks—Regional,Financial Services,EBTC
2011Q2,2011,Q2,2011-08-09,2011-06-30,2685000.0,17316000.0,0.0,0.260448,17316000.0,1.0,1470508000.0,122415000.0,0.0,0.0,1348093000.0,0.0,75186000.0,152323566.45,64631566.44999999,12.111021905501085,0.0,0.010611298952470847,0.12746803904750234,0.0,12.111021905501085,0.02193358657027325,8.796694759182259,14.182827416201118,1.2443210917779683,0.36722532588454376,0.0,0.006473062724169166,0.0117755224725061,0.0,0.0018258996210833262,111.59235637362636,1.0,0.0769211685170254,0.9992822986087342,1.3474379200217126,1.808864264293954,0.03138960033355173,0.08969155844155845,0.0,0.2754120277118191,0.1692401400240177,0.1722861749999228,Banks—Regional,Financial Services,EBTC
2011Q1,2011,Q1,2011-05-10,2011-03-31,2464000.0,16789000.0,0.0,0.241845,16789000.0,1.0,1429426000.0,119105000.0,0.0,0.0,1310321000.0,0.0,73487000.0,149248606.5,83992606.5,11.890660433067428,0.0,0.015327131310050328,0.18394693757608832,0.0,11.890660433067428,0.020687628563032617,8.889666239799869,15.142918678977273,1.2530843079635616,0.3965097402597403,0.0,0.006546124770685883,0.011745273977106894,0.0,0.0017237688414790272,17.889081445523193,1.0,0.00020032362716767576,-0.021963789603816484,0.16468143887133432,0.3978204320303001,-0.012179336314426924,0.017341040462427744,0.0,0.040777586939275676,0.1616734816381672,0.1455460193999917,Banks—Regional,Financial Services,EBTC
2010Q4,2010,Q4,2011-03-15,2010-12-31,2422000.0,16996000.0,0.0,0.24179656243557623,16996000.0,1.0,1397321000.0,116673000.0,0.0,0.0,1280648000.0,0.0,72000000.0,136226916.0,132051916.0,11.647865536352596,0.0,0.018868964253739837,0.2259820181190164,0.0,11.647865536352596,0.020758873089746558,8.015233937397035,14.061407514450867,1.1675958962227764,0.3827415359207267,0.0,0.006804822624040025,0.012163275296084436,0.0,0.0017333168255540424,-167.35493366093365,1.0,-0.1335071512278134,-0.15132386216431712,0.16468576695695572,0.40373745791701166,0.02651446518089026,-0.11249541956760718,0.0,-0.2455335466923348,0.09061104855278343,0.1423898602233615,Banks—Regional,Financial Services,EBTC
2010Q3,2010,Q3,2010-11-09,2010-09-30,2729000.0,16557000.0,0.0,0.279052,16557000.0,1.0,1420542000.0,116467000.0,0.0,0.0,1304075000.0,0.0,70505000.0,108204987.55499999,28449987.554999992,11.71612624931557,0.0,0.028770004688351346,0.3509062652940318,0.0,11.71612624931557,0.023431529961276586,6.535301537416198,9.912512601227554,0.9290613440287806,0.33821912788567243,0.0,0.008530105874563723,0.011655410399692511,0.0,0.001921097721855461,28.392807020467068,1.0,0.07143076545030105,-0.015463925707512156,0.16215051541280878,0.4351752873197018,-0.009748803827751196,0.04840568574721475,0.0,-0.11711816160796804,0.09569415411598742,0.17060016645028855,Banks—Regional,Financial Services,EBTC
2010Q2,2010,Q2,2010-08-09,2010-06-30,2603000.0,16720000.0,0.0,0.260448,16720000.0,1.0,1374026000.0,112654000.0,0.0,0.0,1261372000.0,0.0,68699000.0,104068167.0,109761167.0,11.36627110958916,0.0,0.02634375186495743,0.32131127168143164,0.0,11.36627110958916,0.023106148028476575,6.2241726674641145,9.995021801767193,0.9237858131979335,0.35382251248559354,0.0,0.008849968501895494,0.012168619807776563,0.0,0.0018944328564379422,73.59842079207921,1.0,-0.12500041994927008,0.0567444428901164,0.2396723453432126,0.40960790134294817,0.027342549923195084,-0.09805959805959806,0.0,-0.05022786946345516,0.12475010624299544,0.17167707375768787,Banks—Regional,Financial Services,EBTC
2010Q1,2010,Q1,2010-05-10,2010-03-31,2886000.0,16275000.0,0.0,0.297655,16275000.0,1.0,1366036000.0,110449000.0,0.0,0.0,1255587000.0,0.0,67017000.0,119776266.06,152191266.06,11.259177918640821,0.0,0.041086764916883595,0.5081621381814231,0.0,11.259177918640821,0.02612970692355748,7.359524796313364,10.375629423076923,1.084448623889759,0.31566181566181567,0.0,0.007605847385020744,0.011914034476397401,0.0,0.002112682242634894,53.56720306797853,1.0,0.04843881017235188,0.2613095530790356,0.29065457958393115,0.44469086591581686,-0.003551092879446519,0.0362657091561939,0.0,0.10286579640941529,0.14078505694068472,0.17858523047397973,Banks—Regional,Financial Services,EBTC
2009Q4,2009,Q4,2010-03-12,2009-12-31,2785000.0,16333000.0,0.0,0.2839030729423959,16333000.0,1.0,1304001000.0,107664000.0,0.0,0.0,1196337000.0,0.0,65042000.0,107416061.69999999,110507061.69999999,10.975274845698426,0.0,0.027378046489228154,0.33159644820924356,0.0,10.975274845698426,0.0258675137464705,6.576627790363068,9.642375377019748,0.997697110454748,0.28114901256732494,0.0,0.007289412659596698,0.012525297143177037,0.0,0.002135734558485768,-20.26335817770232,1.0,0.09005664448333603,0.12424058534988013,0.2751290829238743,0.4119839480457552,0.09823830016137708,0.22741295724988983,0.0,-0.0708029792295177,0.12900678037264432,0.1866092274687589,Banks—Regional,Financial Services,EBTC
2009Q3,2009,Q3,2009-11-06,2009-09-30,2269000.0,14872000.0,0.0,0.260448,14872000.0,1.0,1287427000.0,97458000.0,0.0,0.0,1189969000.0,0.0,63040000.0,113236992.0,124494992.0,11.01638588209761,0.0,0.032619325212225624,0.43090356871678054,0.0,11.01638588209761,0.023281823965195264,7.614106508875739,12.476530630233583,1.16190555931786,0.34420449537241077,0.0,0.006897039440962897,0.011551722932640065,0.0,0.001762430025158708,8.543608872793119,1.0,0.6470603115178116,-0.007966354807246173,0.3458760649569938,0.45555204385516834,0.06327303925073283,0.6513828238719068,0.0,-0.13472268576263904,0.1261928887807688,0.22992981086222167,Banks—Regional,Financial Services,EBTC
2009Q2,2009,Q2,2009-08-10,2009-06-30,1374000.0,13987000.0,0.0,0.158129,13987000.0,1.0,1248270000.0,93811000.0,0.0,0.0,1154459000.0,0.0,61552000.0,103791879.60000001,129535879.60000001,10.665283298328475,0.0,0.04451841348426222,0.5923718966858897,0.0,10.665283298328475,0.014646470030167037,7.420596239365126,18.88498537117904,1.106393489036467,0.5655021834061136,0.0,0.007486134782359217,0.011205107869291098,0.0,0.0011007234011872432,24.031460893725402,1.0,-0.1052661359225499,-0.3016983311734813,0.34753351454280146,0.49103246219311086,-0.023458772603504853,-0.09486166007905138,0.0,0.17567975902680247,1.1789315700123828,1.4735594864739487,Banks—Regional,Financial Services,EBTC
2009Q1,2009,Q1,2009-05-11,2009-03-31,1518000.0,14323000.0,0.0,0.176733,14323000.0,1.0,1215062000.0,92168000.0,0.0,0.0,1122894000.0,0.0,60955000.0,74946636.15,159384636.15,10.637611518739257,0.0,0.09470216334639714,1.2484701848797848,0.0,10.637611518739257,0.016469924485721727,5.232607425120436,12.342990143280634,0.8131524623513584,0.502635046113307,0.0,0.010180576997117167,0.011787875845018609,0.0,0.0012493189647935661,23.914051100829614,1.0,51.80264638906897,-0.20807320531544773,0.32658247535151896,0.4411768934724063,0.053781636256621544,51.3448275862069,0.0,-0.30341521990600134,0.148693850360825,0.25051680792626385,Banks—Regional,Financial Services,EBTC
2008Q4,2008,Q4,2009-03-16,2008-12-31,29000.0,13592000.0,0.0,0.003347048151673449,13592000.0,1.0,1180477000.0,91104000.0,0.0,0.0,1089373000.0,0.0,60200000.0,97907166.30000001,208503166.3,10.514809476208892,0.0,0.111882738926722,1.4497168071654374,0.0,10.514809476208892,0.0003183175272216368,7.20329357710418,844.0272956896553,1.0746747266859853,24.79310344827586,0.0,0.0073436912452035695,0.011513989683831197,0.0,2.4566340555555085e-05,-68.41870461215933,1.0,-0.9828651751255608,-0.9861987780907002,-0.5872251083554506,0.48878063873451094,0.0038404726735598227,-0.983129726585224,0.0,-0.9882522734405328,0.07679589326510898,0.26718769877190063,Banks—Regional,Financial Services,EBTC
2008Q3,2008,Q3,2008-11-10,2008-09-30,1719000.0,13540000.0,0.0,0.195336,13540000.0,1.0,1136546000.0,88676000.0,0.0,0.0,1047870000.0,0.0,60890000.0,103995571.91,249914571.91,10.330341189235737,0.0,0.1564186579337748,2.004792728584961,0.0,10.330341189235737,0.01938517750011277,7.680618309453471,15.124428724549157,1.1727589416527584,0.41652123327516,0.0,0.0068849085287943,0.011913288155516802,0.0,0.0015124772776464832,75.85380883296864,1.0,-0.04545587818489224,-0.1699602033555794,4.523901986772208,0.5214945951337243,0.07948656621222992,-0.0358945597307908,0.0,-0.281823166800783,0.10059316560410868,0.2654225525470112,Banks—Regional,Financial Services,EBTC
2008Q2,2008,Q2,2008-08-11,2008-06-30,1783000.0,12543000.0,0.0,0.204638,12543000.0,1.0,1115813000.0,88442000.0,0.0,0.0,1027371000.0,0.0,59887000.0,100589574.5742,159357574.5742,10.331113821675737,0.0,0.08504830110421728,1.0729969923791864,0.0,10.331113821675737,0.020160104927523122,8.019578615498684,14.103978487689288,1.1373507448293798,0.4015703869882221,0.0,0.0071180338820485,0.011241130906343625,0.0,0.0015979380057411054,684.2828202326531,1.0,-0.11999931195520834,-0.41173405737560853,4.029360375537541,0.5245913444866225,0.018679444489563875,-0.11601388200297472,0.0,-0.16196077759327476,0.07668648014200087,0.28123106798161196,Banks—Regional,Financial Services,EBTC
2008Q1,2008,Q1,2008-05-12,2008-03-31,2017000.0,12313000.0,0.0,0.232543,12313000.0,1.0,1087467000.0,88581000.0,0.0,0.0,998886000.0,0.0,58820000.0,110940596.0,158968596.0,10.379906378004314,0.0,0.07670485633127258,0.9416692067147583,0.0,10.379906378004314,0.02277012000316095,9.010037846178836,13.750693604362915,1.2524197739921654,0.35399107585523054,0.0,0.006435876728118533,0.011322642434207199,0.0,0.0018547689263214424,20.318790476190475,1.0,-0.2744070027948812,2.5628581180630143,2.4298906559398104,0.6170699238751464,-0.07260676357610905,-0.26252285191956126,0.0,0.013302747780018088,0.12243415302600372,0.33186952384303486,Banks—Regional,Financial Services,EBTC
2007Q4,2007,Q4,2008-03-14,2007-12-31,2735000.0,13277000.0,0.0,0.32048683062780736,13277000.0,1.0,1057666000.0,87012000.0,0.0,0.0,970654000.0,0.0,58527000.0,107953733.8,175277733.8,10.196051227271214,0.0,0.08722413313843878,1.0602445639681883,0.0,10.196051227271214,0.03143244609938859,8.130883015741508,9.86780016453382,1.2406763871649888,0.229981718464351,0.0,0.005826570122764943,0.012553112230136923,0.0,0.002585882499768358,-49.45200815391663,1.0,0.04407728322796803,0.43547946688523886,5.620079648169488,0.5420487109407228,0.035405131404507524,0.04269919939001144,0.0,0.26911025769361774,0.19150565578567433,0.3117357759839341,Banks—Regional,Financial Services,EBTC
2007Q3,2007,Q3,2007-11-09,2007-09-30,2623000.0,12823000.0,0.0,0.306957,12823000.0,1.0,1033173000.0,84429000.0,0.0,0.0,948744000.0,0.0,56421000.0,118520236.2,130247236.2,10.008649054649792,0.0,0.03990328821988186,0.48830378187589574,0.0,10.008649054649792,0.031067524191924576,9.24278532324729,11.296248208158598,1.4037858579398073,0.23903926801372474,0.0,0.00529023582894277,0.012411280589020425,0.0,0.0025387810173126864,69.63586145710929,1.0,0.13793141797961073,0.4710288106282125,4.759583357125685,0.5586478885945266,0.019883878151594685,0.13157894736842105,0.0,0.2026863086401377,0.2169913904343926,0.32240371240070576,Banks—Regional,Financial Services,EBTC
2007Q2,2007,Q2,2007-08-08,2007-06-30,2318000.0,12573000.0,0.0,0.26975,12573000.0,1.0,1044431000.0,81320000.0,0.0,0.0,963111000.0,0.0,54425000.0,133285963.5,105442963.5,9.700856459652632,0.0,0.01554722140572235,0.19968027545499262,0.0,9.700856459652632,0.02850467289719626,10.600967430207588,14.375103915012943,1.6390305398425973,0.26876617773943057,0.0,0.004674160606566797,0.012038133682359103,0.0,0.0022193902708747635,45.273764775815216,1.0,0.03571538272515042,0.45687452002718737,4.466294708067781,0.5728553710826501,0.03789004457652303,0.043204320432043204,0.0,0.2361291754707043,0.2710071511633379,0.35620325197406955,Banks—Regional,Financial Services,EBTC
2007Q1,2007,Q1,2007-05-10,2007-03-31,2222000.0,12114000.0,0.0,0.260448,12114000.0,1.0,994954000.0,79574000.0,0.0,0.0,915380000.0,0.0,52730000.0,133274848.9626,128467848.9626,9.553129996472832,0.0,0.026124825871346815,0.3266519214818911,0.0,9.553129996472832,0.027923693668786286,11.00172106344725,14.99492000029253,1.6748542107045012,0.2785778577857786,0.0,0.0046445372462864745,0.012175437256395773,0.0,0.0022332690757562662,-569.5506365923077,1.0,-0.14756996760392926,0.4379631237281844,4.131005578178683,0.6530194604977166,-0.013839140345164442,-0.1269155206286837,0.0,0.20577938932714376,0.16707393227335002,0.29425202142430684,Banks—Regional,Financial Services,EBTC
