Year,Date,FillingDate,NetIncome,Revenue,OperatingIncome,EPSDiluted,GrossProfit,GrossProfitRatio,TotalAssets,CommonStockEquity,CurrentAssets,CurrentLiability,TotalLiability,Inventory,RetainedEarnings,EnterpriseValue,bookValuePerShare,currentRatio,debtToAssets,debtToEquity,roic,shareholdersEquityPerShare,roe,priceToSalesRatio,peRatio,pbRatio,payoutRatio,inventoryTurnover,dividendYield,assetTurnover,quickRatio,returnOnAssets,priceToFreeCashFlowsRatio,grossProfitMargin,epsdilutedGrowth,fiveYNetIncomeGrowthPerShare,fiveYRevenueGrowthPerShare,fiveYShareholdersEquityGrowthPerShare,grossProfitGrowth,netIncomeGrowth,operatingIncomeGrowth,threeYNetIncomeGrowthPerShare,threeYRevenueGrowthPerShare,threeYShareholdersEquityGrowthPerShare,Industry,Sector,Price,MarketCap,AvgVolume,Symbol
2022,2022-12-31,2023-03-08,25342000.0,414633000.0,73252000.0,0.73,414633000.0,1.0,1580381000.0,503120000.0,721990000.0,80534000.0,1077261000.0,0.0,21199000.0,318647471.40000004,14.837728126530974,8.965033402041374,0.10191719591668084,0.3201383367785021,0.11395742427509305,14.837728126530974,0.05036969311496263,0.6664965678081581,10.90488009628285,0.5492754639052314,0.0,0.0,0.0,0.26236268342886937,9.129423597486776,0.01603537374848217,-8.690571131167648,1.0,0.4313725490196078,1.6151994597301664,23.77944293181252,-0.33957220777072233,-0.2742848441569352,0.4416884742291501,0.8666734621069263,7.7648622085287835,-0.10346239769689416,0.1218685705173823,Insurance—Reinsurance,Financial Services,10.29,362853162,93242,GLRE
2021,2021-12-31,2022-03-08,17578000.0,571344000.0,39242000.0,0.51,571344000.0,1.0,1427494000.0,475663000.0,492772000.0,91224000.0,951831000.0,0.0,-9505000.0,291968669.28,13.800667177943257,5.401780233271946,0.06869170728563483,0.20614805019520122,0.05638348686408284,13.800667177943257,0.03695473475969331,0.47295266823489873,15.372549168278528,0.5680884770940771,0.0,0.0,0.0,0.400242663016447,5.401780233271946,0.012313887133676218,-4.7999621514850075,1.0,3.6363636363636367,-0.5765191558524275,26.170790704316012,-0.4117058379520177,0.19114124350322415,3.546818416968443,2.7125827814569536,1.0523786213346384,54.111156240042206,0.03953570986410341,Insurance—Reinsurance,Financial Services,10.29,362853162,93242,GLRE
2020,2020-12-31,2021-03-10,3866000.0,479661000.0,10570000.0,0.11,479661000.0,1.0,1357650000.0,464857000.0,362119000.0,92247000.0,892793000.0,0.0,-27083000.0,351277898.96,12.851217077770409,3.925536873827875,0.07055868596471845,0.20607197482236472,0.016989748252155705,12.851217077770409,0.008316536053022757,0.5512620349788705,68.39599041903776,0.5688177202021266,0.0,0.0,0.0,0.35330239752513537,3.925536873827875,0.0028475674879387177,-2.895425018450992,1.0,2.0,1.01200659192543,26.26592720006604,-0.4290462109363936,-0.025271440386753018,1.9698946312092322,2.829710144927536,1.0879763552020247,25.702601977614524,-0.42799188327523213,Insurance—Reinsurance,Financial Services,10.29,362853162,93242,GLRE
2019,2019-12-31,2020-03-09,-3986000.0,492097000.0,2760000.0,-0.11,492097000.0,1.0,1355193000.0,477183000.0,303930000.0,122665000.0,878010000.0,0.0,-30063000.0,432463926.09,13.22590588279706,2.4777238821179637,0.0690041934986382,0.19597093777439684,0.005503014403473519,13.22590588279706,-0.008353189447235128,0.741241921999118,-91.51102009282488,0.7644088873451066,0.0,0.0,0.0,0.36311949663258297,2.4777238821179637,-0.002941278474726478,223.6437315082771,1.0,0.9887063655030801,-1.03754394573301,11.338532724638455,-0.5772494096606624,42.85500401033776,0.9886131853942535,1.0074662396121883,-1.0917363290448667,21.710455839461503,-0.43620673418738637,Insurance—Reinsurance,Financial Services,10.29,362853162,93242,GLRE
2018,2018-12-31,2019-02-27,-350054000.0,-11221000.0,-369664000.0,-9.74,11221000.0,1.0,1124656000.0,477287000.0,18215000.0,866973000.0,957673000.0,0.0,-26077000.0,382873300.58,13.275799038926131,0.02100988150726724,0.08107812522229019,0.1910485724522143,-0.6508863998036029,13.275799038926131,-0.7334245433041335,-27.61815351394706,-0.8853014122963885,0.6493017839999832,0.0,0.0,0.0,-0.009977273050603919,0.44872447008153654,-0.3112542857549331,-5.225320371282121,-1.0,-7.049586776859505,-2.589220016766894,-1.015027897393055,-0.5349392263197925,-0.43508030005537934,-6.7872842142730025,-8.540947218996,-0.09382822311798775,0.4053128231239348,-0.4101828863171838,Insurance—Reinsurance,Financial Services,10.29,362853162,93242,GLRE
2017,2017-12-31,2018-02-20,-44952000.0,-19863000.0,-38745000.0,-1.21,19863000.0,1.0,1965912000.0,831324000.0,27285000.0,0.0,2513136000.0,0.0,324272000.0,723640426.0,22.46684391710128,0.0,0.0,0.0,-0.046137454237018254,22.46684391710128,-0.05407278028783002,-37.44376106328349,-16.54532447944474,0.8946516953678711,0.0,0.0,0.0,-0.010103707592201482,0.0,-0.022865723389449782,7.877073745750326,-1.0,-2.0083333333333337,-4.054348967394884,-1.0361240046259452,0.0034963529641582544,-0.1906857352401907,-2.001581961186248,-1.8207121523438328,-1.4128410967065748,0.593103160247385,-0.28187364909573365,Insurance—Reinsurance,Financial Services,10.29,362853162,93242,GLRE
2016,2016-12-31,2017-02-22,44881000.0,-24543000.0,47209000.0,1.2,24543000.0,1.0,1608422000.0,874242000.0,39858000.0,0.0,1773006000.0,0.0,370168000.0,832305906.0,23.458786553142186,0.0,0.0,0.0,0.053417703564916805,23.458786553142186,0.05133704397638183,-34.620498961007215,18.93208498028119,0.9719172791972932,0.0,0.0,0.0,-0.015259055148462281,0.0,0.027903746653552365,-23.743004610612793,-1.0,1.1348314606741572,5.502510187857557,-1.0597046728174868,0.06758742370377695,0.27522602099137483,1.1374925327410583,1.1414764690369448,-0.8034358469195512,-1.0317093338774224,-0.17822186129704817,Insurance—Reinsurance,Financial Services,10.29,362853162,93242,GLRE
2015,2015-12-31,2016-02-22,-326425000.0,-19246000.0,-333688000.0,-8.9,19246000.0,1.0,1623212000.0,825391000.0,112162000.0,0.0,1863749000.0,0.0,325287000.0,573942418.86,22.50833136399194,0.0,0.0,0.0,-0.4021524344219891,22.50833136399194,-0.3954792334784363,-35.64919561779071,-2.1018746078272192,0.8312477587712975,0.0,0.0,0.0,-0.011856738368124434,0.0,-0.20109819296555226,-11.445565415964634,-1.0,-4.079584775086506,0.0,-1.338875027071465,0.03323230661698667,-0.6082877088718377,-3.9785477042119863,-3.962139705817081,-23.38024672907728,-1.035318589381113,0.00534941705282989,Insurance—Reinsurance,Financial Services,10.29,362853162,93242,GLRE
2014,2014-12-31,2015-02-17,109592000.0,-49133000.0,112651000.0,2.89,49133000.0,1.0,1562748000.0,1165151000.0,12030000.0,1830141000.0,1801251000.0,0.0,660860000.0,1203943730.55,31.285363486259733,0.006573264027197904,0.0,0.0,0.09721915871848369,31.285363486259733,0.09405819503223187,-24.748615605601124,11.095460713829477,1.0436190077938394,0.0,0.0,0.0,-0.03144012982259456,0.12210807801147562,0.07012774932362735,-9.092616057114228,-1.0,-0.519134775374376,-0.49665028653415744,-1.1140540511825698,0.6224132180537598,-0.8848254554660616,-0.5144329394458992,-0.5165317631305631,14.888484882568463,-1.1196021739960493,0.4237676159536265,Insurance—Reinsurance,Financial Services,10.29,362853162,93242,GLRE
2013,2013-12-31,2014-02-18,225699000.0,765089000.0,233006000.0,6.01,426596000.0,0.5575769616345287,1685548000.0,1051595000.0,3722000.0,0.0,2008972000.0,0.0,551268000.0,1238091294.88,28.546374560618283,0.0,0.0,0.0,0.22106229109115202,28.546374560618283,0.2146254023649789,1.62309652194712,5.502077080004785,1.1808855071391553,0.0,0.0,0.0,0.4539111315726399,0.0,0.133902445970094,-13.247845513297845,0.5575769616345287,14.41025641025641,2.822794183428893,67.83983599529812,1.115502360324145,-0.21782337970942214,14.460953555281545,11.571135689236579,0.0,12.410035209320808,0.31040528752856605,Insurance—Reinsurance,Financial Services,10.29,362853162,93242,GLRE
2012,2012-12-31,2013-02-19,14598000.0,545396000.0,18535000.0,0.39,545396000.0,1.0,1525495000.0,821708000.0,21890000.0,0.0,1862343000.0,0.0,325569000.0,825195114.2399999,22.38856558943939,0.0,0.0,0.0,0.02245201458425621,22.38856558943939,0.017765434923354768,1.5531560815260836,58.02747734210165,1.0308833724875504,0.0,0.0,0.0,0.35752067361741596,0.0,0.00956935289856735,-16.743459721695128,1.0,1.1666666666666667,0.0,0.0,0.12063125699725058,0.35284983603954895,1.1565962475993499,1.1031430840803358,-0.9319647329259112,0.2846923664116465,0.16103828429300526,Insurance—Reinsurance,Financial Services,10.29,362853162,93242,GLRE
2011,2011-12-31,2012-02-21,6769000.0,403146000.0,8813000.0,0.18,403146000.0,1.0,1295905000.0,803103000.0,42284000.0,0.0,1497790000.0,0.0,310971000.0,822818190.22,21.97364452997836,0.0,0.0,0.0,0.010666128753098917,21.97364452997836,0.008428557731698176,2.1458781439478503,127.80354413059537,1.0771995500203586,0.0,0.0,0.0,0.311092248274372,0.0,0.005223376713570825,-32.17428556307647,1.0,-0.9262295081967212,-0.9305752708921615,1.735735284647464,0.5039769268941042,6.147091673019306,0.0,-0.9070142860157421,1.0551011816290163,36.498840808759894,0.6284133303646435,Insurance—Reinsurance,Financial Services,10.29,362853162,93242,GLRE
2010,2010-12-31,2011-02-22,0.0,56407000.0,94778000.0,2.44,56407000.0,1.0,2338002000.0,793403000.0,45540000.0,0.0,1498841000.0,0.0,304202000.0,946509476.39,21.78438596997495,0.0,0.0,0.0,,21.78438596997495,0.0,17.31060819384119,0.0,1.230697988777456,0.0,0.0,0.0,0.024126155580705234,0.0,0.0,25.388441923816952,1.0,-0.5726795096322241,-1.0,0.12367473142131784,0.9946954363507786,0.0,-1.0,-0.5525287052424838,0.0,0.0,0.09038981237643365,Insurance—Reinsurance,Financial Services,10.29,362853162,93242,GLRE
2009,2009-12-31,2009-12-31,211808000.0,419079000.0,211808000.0,5.71,0.0,0.0,1624216000.0,698641000.0,0.0,0.0,894978000.0,0.0,213560000.0,822960518.59,19.28322768708056,0.0,0.0,0.0,0.3032423530318167,19.28322768708056,0.3031714428440358,2.0394186265358085,4.035152206668304,1.2233429165909244,0.0,0.0,0.0,0.25801925359681227,0.0,0.13040630063981637,17.61313794106131,0.0,2.6994047619047623,17.3149787547393,23.183416144353576,0.0,0.0,2.751869251637663,9.495086832711667,1.1914262179890054,1.8688142519179625,0.3198324692041103,Insurance—Reinsurance,Financial Services,10.29,362853162,93242,GLRE
2008,2008-12-31,2008-12-31,-120904000.0,-11177000.0,-24933000.0,-3.36,0.0,0.0,958005000.0,485382000.0,0.0,0.0,466565000.0,0.0,4207000.0,373112522.21,13.493898705102037,0.0,0.0,0.0,,13.493898705102037,-0.24909040714323977,-41.80518226805046,-3.864690351105009,0.9626572930392969,0.0,0.0,0.0,-0.0116669537215359,0.0,-0.12620393421746234,10.074308924128415,0.0,-3.9217391304347826,-11.530108536238279,-1.6496435331370998,0.0,0.0,0.0,-1.7058174097664545,-3.7164577976761386,-1.2254421706427283,0.2355738740006206,Insurance—Reinsurance,Financial Services,10.29,362853162,93242,GLRE
TTM,,,,,,,,,,,,,,,,385210162.0,14.97513813087424,5.690349568417102,0.03793274130504051,0.12230585384312241,0.032435497548655,14.97513813087424,0.0752512464327639,0.7771822105324032,9.483413076361076,0.6871389038332213,0.0,0.0,0.0,0.2839029842214974,5.845289201731823,0.022472265396019254,-16.924121361940298,0.9932788300280798,,,,,,,,,,,Insurance—Reinsurance,Financial Services,10.29,362853162,93242,GLRE
