Quarters,Year,Quarter,FillingDate,Date,NetIncome,Revenue,OperatingIncome,EPSDiluted,GrossProfit,GrossProfitRatio,TotalAssets,CommonStockEquity,CurrentAssets,CurrentLiability,TotalLiability,Inventory,RetainedEarnings,MarketCap,EnterpriseValue,bookValuePerShare,currentRatio,debtToAssets,debtToEquity,roic,shareholdersEquityPerShare,roe,priceToSalesRatio,peRatio,pbRatio,payoutRatio,inventoryTurnover,dividendYield,assetTurnover,quickRatio,returnOnAssets,priceToFreeCashFlowsRatio,grossProfitMargin,epsdilutedGrowth,fiveYNetIncomeGrowthPerShare,fiveYRevenueGrowthPerShare,fiveYShareholdersEquityGrowthPerShare,grossProfitGrowth,netIncomeGrowth,operatingIncomeGrowth,threeYNetIncomeGrowthPerShare,threeYRevenueGrowthPerShare,threeYShareholdersEquityGrowthPerShare,Industry,Sector,Symbol
2023Q1,2023,Q1,2023-05-09,2023-03-31,5887000.0,158124000.0,6768000.0,0.17,154986000.0,0.9801548152,1644516000.0,510041000.0,621665000.0,109249000.0,1134475000.0,0.0,27086000.0,319815747.15000004,342172747.15000004,14.97513813087424,5.690349568417102,0.03793274130504051,0.12230585384312241,0.011715977170087715,14.97513813087424,0.011542209351797209,2.0225629705168098,13.581439916341091,0.6270392912530562,0.0,0.0,0.0,0.0961523025619696,5.845289201731823,0.003579776663772198,-254.02362760127087,0.9801548152083175,-0.8131868131868132,1.0449056788389628,1220.1474617418087,-0.19491265623715895,0.9130531383077208,-0.8305899280575539,-0.07490431930016403,1.1551119338887246,0.5083184501329677,0.238673493604644,Insurance—Reinsurance,Financial Services,GLRE
2022Q4,2022,Q4,2023-03-08,2022-12-31,34750000.0,81015000.0,7316000.0,0.91,81015000.0,1.0,1580381000.0,503120000.0,721990000.0,80534000.0,1077261000.0,0.0,21199000.0,277659310.05,319955310.05,14.767839044408804,8.965033402041374,0.10191719591668084,0.3201383367785021,0.011012735204772294,14.767839044408804,0.0690690093814597,3.4272580392519907,1.9975489931654675,0.5518749205954843,0.0,0.0,0.0,0.05126295494567449,9.129423597486776,0.021988368627565126,-63.46498515428571,1.0,2.625,2.0002731288988227,-0.29344230551951156,-0.342682973233822,-0.3146055058290046,2.8815312144674863,1.6073385356134817,2.155529330527218,115.78713766061493,0.06393289469189312,Insurance—Reinsurance,Financial Services,GLRE
2022Q3,2022,Q3,2022-11-02,2022-09-30,-18469000.0,118202000.0,-12046000.0,-0.56,118202000.0,1.0,1524543000.0,466952000.0,516446000.0,108772000.0,1057591000.0,0.0,-13551000.0,246467736.96,307635736.96000004,14.095649689694785,4.747968227117273,0.06129443380737703,0.20011907005430965,-0.02058590765461781,14.095649689694785,-0.03955224519864997,2.085140158034551,-3.336235542801451,0.5278224249173363,0.0,0.0,0.0,0.07753274259892964,4.747968227117273,-0.012114450035190873,-18.379398729306487,1.0,-2.5135135135135136,-2.0475940436999496,-0.43571891773175175,-0.39318399101262114,0.07905643497471289,-2.248918041655396,-1.7456976600222855,-4.996058841148313,-0.04872495089027174,0.025197489271004094,Insurance—Reinsurance,Financial Services,GLRE
2022Q2,2022,Q2,2022-08-02,2022-06-30,14788000.0,109542000.0,16154000.0,0.37,109542000.0,1.0,1493123000.0,484293000.0,663541000.0,100912000.0,1008830000.0,189256000.0,4918000.0,261825605.07000002,334737605.07000005,14.298009123283185,6.575441969240527,0.13516903831767377,0.41673945318226774,0.02352976916472346,14.298009123283185,0.030535233835715155,2.3901846330174727,4.426318722443874,0.5406347088849106,0.0,0.0,0.0,0.07336435109498682,6.668850087204693,0.009904073542501187,-109.27612899415693,1.0,3.176470588235294,1.455754734385135,-0.014279646701690874,-0.3747836231439354,-0.1505211241392146,3.58215470577964,4.5464324917672885,0.029208535346943072,-0.1681329479888199,0.030813793893393303,Insurance—Reinsurance,Financial Services,GLRE
2022Q1,2022,Q1,2022-05-03,2022-03-31,-5727000.0,128952000.0,-4555000.0,-0.17,128952000.0,1.0,1468548000.0,468407000.0,484341000.0,95692000.0,1000141000.0,0.0,-9870000.0,232788424.89000002,301207424.89,14.225954282584519,5.061457593111232,0.06792151158831716,0.21294728729502335,-0.00799487069224966,14.225954282584519,-0.01222654657167805,1.8052331479155035,-10.161883398376114,0.4969789625048302,0.0,0.0,0.0,0.08780918294805481,5.061457593111232,-0.003899770385441947,-20.036875958856946,1.0,-1.23943661971831,-1.7756077392369567,-0.1056166556256758,-0.39871351332305255,4.087064578484358,-1.235640223831468,-1.1873175144960315,-2.059410775205853,-0.11257011287767882,0.05663770007686782,Insurance—Reinsurance,Financial Services,GLRE
2021Q4,2021,Q4,2022-03-08,2021-12-31,24304000.0,25349000.0,24317000.0,0.71,25349000.0,1.0,1427494000.0,475663000.0,665263000.0,98057000.0,951831000.0,0.0,-9505000.0,264643559.04,384450559.03999996,14.09139876114024,6.784451900425263,0.13738341457126965,0.41229610039040243,0.03617867238681884,14.09139876114024,0.05109499792920618,10.439999962128683,2.722222258064516,0.5563677625545816,0.0,0.0,0.0,0.01775769285194894,6.8976513660422,0.017025640738244783,0.0,1.0,2.6904761904761902,-0.4545828106612242,-0.8517177240545625,-0.3993125463152838,0.0,2.754421424962102,0.0,1.3202933129483578,16.152984332476496,0.06145931511212181,Insurance—Reinsurance,Financial Services,GLRE
2021Q3,2021,Q3,2021-11-03,2021-09-30,-13853000.0,145827000.0,0.0,-0.42,0.0,0.0,1413537000.0,450514000.0,598036000.0,96478000.0,963023000.0,0.0,-33809000.0,243346026.82999998,398922026.83,13.681334778175058,6.198677418686126,0.1365058006971165,0.4283018951686296,0.0,13.681334778175058,-0.03074932188566837,1.668730940292264,-4.391576316140908,0.540151974921978,0.0,0.0,0.0,0.10316461472179363,6.334273098530235,-0.009800238692018674,230.44131328598482,0.0,-22.0,-1.5231988509049923,0.13564884908476796,-0.38044985811378823,0.0,-23.058917197452228,0.0,0.8302765082106174,3.8921819492406615,-0.11688584433766147,Insurance—Reinsurance,Financial Services,GLRE
2021Q2,2021,Q2,2021-08-03,2021-06-30,628000.0,136525000.0,0.0,0.02,0.0,0.0,1422534000.0,466826000.0,0.0,0.0,955708000.0,0.0,-19956000.0,316510750.82000005,378206750.82000005,13.465960852697458,0.0,0.0681178797835412,0.2075719861361621,0.0,13.465960852697458,0.001345254977229203,2.3183354757004215,125.99950271496817,0.6780058326228617,0.0,0.0,0.0,0.0959731015216508,0.0,0.0004414657224361597,-289.84500990842497,0.0,-0.8947368421052632,1.0107208197533244,0.6720245082615526,-0.3668291559070982,0.0,-0.9033697491921834,0.0,1.0179137123993713,0.652117627303829,-0.23557324054161335,Insurance—Reinsurance,Financial Services,GLRE
2021Q1,2021,Q1,2021-05-05,2021-03-31,6499000.0,150046000.0,0.0,0.19,0.0,0.0,1422112000.0,472119000.0,0.0,0.0,949993000.0,0.0,-20584000.0,300350047.79999995,362151047.79999995,13.675494077947006,0.0,0.06703972682882924,0.20193637621023514,0.0,13.675494077947006,0.013765597232901028,2.001719791264012,11.553702408062778,0.6361744555927636,0.0,0.0,0.0,0.10550927071848068,0.0,0.004569963547174906,-16.02465175265432,0.0,-0.8416666666666667,-0.7563413463059717,-0.030064842098682786,-0.40635795595020174,0.0,-0.8453208301599391,0.0,1.048907961979937,1142.1955891914317,-0.26478359627551146,Insurance—Reinsurance,Financial Services,GLRE
2020Q4,2020,Q4,2021-03-10,2020-12-31,42016000.0,130347000.0,0.0,1.2,0.0,0.0,1357650000.0,464857000.0,0.0,0.0,892793000.0,0.0,-27083000.0,255989160.47,342848160.47,13.274408431048519,0.0,0.07055868596471845,0.20607197482236472,0.0,13.274408431048519,0.09038478499839736,1.9639052718512893,1.5231647495596914,0.5506836736243619,0.0,0.0,0.0,0.0960092807424594,0.0,0.03094759326777888,-5.485677927140255,0.0,19.0,2.020702749832731,0.8508150524822242,-0.4102446682349601,0.0,18.246907924874026,0.0,2.176600232775183,0.10594534848494806,-0.40915562150034235,Insurance—Reinsurance,Financial Services,GLRE
2020Q3,2020,Q3,2020-11-04,2020-09-30,2183000.0,115905000.0,0.0,0.06,0.0,0.0,1296060000.0,426867000.0,0.0,0.0,869193000.0,0.0,-69099000.0,240109938.42000002,326166938.42,11.964581428424157,0.0,0.07269416539357745,0.2207151173550544,0.0,11.964581428424157,0.0051140050648094135,2.0716098392649154,27.49770252175905,0.5624935598675934,0.0,0.0,0.0,0.08942873015138188,0.0,0.0016843356017468326,-124.15198470527405,0.0,35.07155025553663,1.0079280863247626,1.4189645380711473,-0.49360598442959286,0.0,35.65079365079365,0.0,-0.8850271109008463,-0.4862345363618574,-0.48492622110857325,Insurance—Reinsurance,Financial Services,GLRE
2020Q2,2020,Q2,2020-08-05,2020-06-30,-63000.0,112446000.0,0.0,-0.001761,0.0,0.0,1279456000.0,429904000.0,0.0,0.0,849552000.0,0.0,-71282000.0,233264318.72,320583318.72,12.01630020133754,0.0,0.07396659205162194,0.22013519297331496,0.0,12.01630020133754,-0.00014654434478395177,2.074456349892393,-925.6520584126984,0.5425962975920205,0.0,0.0,0.0,0.08788578896030813,0.0,-4.923967686266663e-05,-21.29489855030126,0.0,0.9984135135135136,0.9983410421070675,0.7338637776789931,-0.5922519377999138,-1.0,0.9984355599702012,1.0,0.9981617939040166,-0.042036471932174455,-0.4745570792187374,Insurance—Reinsurance,Financial Services,GLRE
2020Q1,2020,Q1,2020-05-05,2020-03-31,-40270000.0,111234000.0,-44607000.0,-1.11,111234000.0,1.0,1061227000.0,436899000.0,8094000.0,758074000.0,851150000.0,0.0,-71219000.0,215022557.75,300004557.75,12.089657369913786,0.010677057912552072,0.08770602331075256,0.21303779592079633,-0.08506375139835326,12.089657369913786,-0.09217233273594126,1.9330650498049158,-1.3348805422771293,0.4921562140220051,0.0,0.0,0.0,0.10481640591503985,0.3880135712344705,-0.037946641010829917,-6.768100653131885,1.0,-0.257491135253934,-0.7225878256064986,0.5991029504720781,-0.6065244116990873,157.90571428571428,-0.32702827390759903,-0.47217821782178215,-5.969028532929291,-0.29707646305311614,-0.48900808615822033,Insurance—Reinsurance,Financial Services,GLRE
2019Q4,2019,Q4,2020-03-09,2019-12-31,-30346000.0,700000.0,-30300000.0,-0.88271,700000.0,1.0,1078551000.0,477183000.0,25813000.0,784496000.0,878010000.0,0.0,-30063000.0,347562894.29999995,415263894.29999995,13.880423397084135,0.032903928127103264,0.08670336405047142,0.19597093777439684,-0.05431545483399732,13.880423397084135,-0.06359405091966813,496.51842042857135,-2.863333670829763,0.728363949050993,0.0,0.0,0.0,0.0006490189151926983,0.38742071342619977,-0.02813589714348232,33.70797151585685,1.0,-7.305071428571428,-1.5416981915332437,-0.994877446272836,-0.5563285239380293,-0.9949344371436015,-6.903891050583658,-10.389525875426092,-1.6686756896187103,-0.9959794129621935,-0.4083059937631377,Insurance—Reinsurance,Financial Services,GLRE
2019Q3,2019,Q3,2019-11-06,2019-09-30,5140000.0,138188000.0,3227000.0,0.14,138188000.0,1.0,1150256000.0,506543000.0,11781000.0,823701000.0,915637000.0,0.0,283000.0,386837041.5,466992041.5,13.749204262798086,0.01430251996780385,0.07992655547982362,0.1814969311588552,0.005586553231396102,13.749204262798086,0.010147213563310518,2.7993533555735666,18.81503120136187,0.763680559202279,0.0,0.0,0.0,0.1201367347790405,0.43032969487714595,0.004468570474746491,-133.16249277108435,1.0,-0.6666666666666666,1.0996745976461944,4.4525774367561946,-0.539202815442538,-0.015397330939301313,-0.6643594096904794,-0.7438075579549063,-0.8264889517443245,-0.038127469257494266,-0.3773764336629066,Insurance—Reinsurance,Financial Services,GLRE
2019Q2,2019,Q2,2019-08-05,2019-06-30,15314000.0,140349000.0,12596000.0,0.42,140349000.0,1.0,1174468000.0,500738000.0,14934000.0,862708000.0,955065000.0,0.0,-4857000.0,303245586.0,380668586.0,13.870603214649924,0.017310607992507315,0.07863730642299321,0.18444176395640036,0.021368910470197768,13.870603214649924,0.030582859699084152,2.160653698993224,4.950463399503723,0.6055973103698941,0.0,0.0,0.0,0.11950006300725094,0.4291857731700645,0.013039095147760518,226.64094618834082,1.0,1.625,-0.8557753294924614,-0.28232128097862363,-0.5523492809780237,-0.11593408670017763,1.5929563156112427,1.1148421759570182,1.251049568943518,0.6506016046215403,-0.34780283103687065,Insurance—Reinsurance,Financial Services,GLRE
2019Q1,2019,Q1,2019-05-06,2019-03-31,5906000.0,158754000.0,5956000.0,0.16,158754000.0,1.0,1192228000.0,484315000.0,9500000.0,904145000.0,994941000.0,0.0,-20171000.0,396418768.3,477714768.3,13.463417291991016,0.010507164226976867,0.07615657407811258,0.18747302891713039,0.010229817924174635,13.463417291991016,0.0121945428078833,2.497063181400154,16.78034068320352,0.818514331168764,0.0,0.0,0.0,0.13315741619891497,0.45543358642695586,0.004953750457127328,-55.73158558976522,1.0,1.0711762769468938,1.6804649089507233,0.5928828278772418,-0.5251746599417446,99.8602287166455,1.0730768754871998,1.072087337513011,-0.7874972349510162,-0.01513025623488243,-0.4155640362565394,Insurance—Reinsurance,Financial Services,GLRE
2018Q4,2018,Q4,2019-02-27,2018-12-31,-80819000.0,1574000.0,-82622000.0,-2.24794,1574000.0,1.0,1124656000.0,477287000.0,18215000.0,866973000.0,957673000.0,0.0,-26077000.0,309910377.59999996,382880377.59999996,13.275495876779571,0.02100988150726724,0.08107812522229019,0.1910485724522143,-0.14860665263773584,13.275495876779571,-0.16932998384619735,196.8935054637865,-0.9586556923495712,0.6493166115984722,0.0,0.0,0.0,0.001399539059054502,0.44872447008153654,-0.07186108463387916,-8.32152885451909,1.0,0.09357258064516136,-1.9866541537518276,-0.9927998924969791,-0.5349498463074872,-0.40288315629742033,0.0930931941872861,0.12227510304678536,-0.9123765013698013,-0.9782308206923658,-0.41019635520306685,Insurance—Reinsurance,Financial Services,GLRE
2018Q3,2018,Q3,2018-11-05,2018-09-30,-89115000.0,32545000.0,-94132000.0,-2.48,2636000.0,1.0,1196849000.0,556981000.0,43912000.0,1057725000.0,1145574000.0,0.0,54742000.0,438260633.68,483954633.68,15.492147521872766,0.0415155167931173,0.07486825823474808,0.1608780191783921,-0.14501262553853775,15.492147521872766,-0.15999648102897585,13.46629693286219,-1.2294805410985805,0.786850240277496,0.0,0.0,0.0,0.027192235612011208,0.4440804556950058,-0.07445801433597722,66.72664946406822,0.0809955446305116,-1.4554455445544554,-2.616729779742348,-0.8435319299974177,-0.408997769329216,-0.19363719791985318,-1.3847944765574824,-1.4569847567341825,0.6788323740519503,-0.3259720254598649,-0.3443037819298325,Insurance—Reinsurance,Financial Services,GLRE
2018Q2,2018,Q2,2018-07-31,2018-06-30,-37368000.0,88084000.0,-38312000.0,-1.01,3269000.0,0.037112301893646976,1846581000.0,650946000.0,65441000.0,0.0,2117103000.0,0.0,143873000.0,524725102.4,473115102.4,17.61576329724301,0.0,0.0,0.0,-0.057672986699357554,17.61576329724301,-0.05740568342074458,5.957098932836837,-3.510524395204453,0.8060962082876306,0.0,0.0,0.0,0.04770112981775508,0.0,-0.02023631782196394,977.1417176908752,0.037112301893646976,0.7376623376623376,-2.306813941335807,-0.43995093173271815,-0.28625874582499444,1.0341648986758358,0.738231338264963,0.7373155614063956,0.04730938369784739,0.3149983584749418,-0.40224584703478705,Insurance—Reinsurance,Financial Services,GLRE
2018Q1,2018,Q1,2018-04-30,2018-03-31,-142752000.0,141000.0,-145848000.0,-3.85,-95683000.0,-678.6028368794326,1800909000.0,689845000.0,37454000.0,0.0,2175733000.0,0.0,181520000.0,595249062.45,577145062.45,18.600637864809794,0.0,0.0,0.0,-0.21253759902586813,18.600637864809794,-0.2069334415702078,4221.624556382979,-1.0424531047726127,0.8628736345845807,0.0,0.0,0.0,7.829379496687506e-05,0.0,-0.0792666370149741,-20.405507608583868,-678.6028368794326,-2.775546228376417,-3.4919964642552968,-0.9991833677786998,-0.2231655122193315,-51.97655833777304,-2.7833138980175978,-2.8104295119657228,-4.9501144583781125,-0.9980248442064329,-0.394615024835856,Insurance—Reinsurance,Financial Services,GLRE
2017Q4,2017,Q4,2018-02-20,2017-12-31,-37732000.0,124535000.0,-38276000.0,-1.01972,1877000.0,0.015072068093307103,1965912000.0,831324000.0,27285000.0,0.0,2513136000.0,0.0,324272000.0,743745426.0,723640426.0,22.46684391710128,0.0,0.0,0.0,-0.04563082504534935,22.46684391710128,-0.045387839157777235,5.972179917292327,-4.927816084490619,0.8946516953678711,0.0,0.0,0.0,0.06334718949780051,0.0,-0.01919312766797293,38.86426430474996,0.015072068093307103,-2.924,0.38244065562208857,0.86222146429035,0.0034963529641582544,-0.9720813315286103,-2.8984654088050315,-2.821105718907603,-1.625777230764267,-0.15329152596933973,-0.28187364909573365,Insurance—Reinsurance,Financial Services,GLRE
2017Q3,2017,Q3,2017-10-30,2017-09-30,19875000.0,236149000.0,21018000.0,0.53,67231000.0,0.284697373268572,1804289000.0,867505000.0,31887000.0,0.0,2284978000.0,0.0,362004000.0,808540575.25,778390575.25,23.228869180984248,0.0,0.0,0.0,0.0241531749096547,23.228869180984248,0.02291053077503876,3.423857713773931,10.17032170125786,0.9320298733148512,0.0,0.0,0.0,0.130882026105574,0.0,0.011015419370178503,29.374771126248866,0.284697373268572,1.5520833333333335,-0.5769153729630027,0.08785348456540329,-0.033024970693840944,3.348143836502393,1.5603484733147255,1.578785041581759,1.3802098337207214,8.192051677640848,-0.22149694524410096,Insurance—Reinsurance,Financial Services,GLRE
2017Q2,2017,Q2,2017-07-31,2017-06-30,-35469000.0,121478000.0,-36314000.0,-0.96,15462000.0,0.12728230626121603,1780516000.0,846737000.0,41661000.0,0.0,2148360000.0,0.0,342318000.0,773837192.6999999,738447192.6999999,22.868897317088077,0.0,0.0,0.0,-0.0430298900366938,22.868897317088077,-0.041889039926210854,6.370183841518628,-5.45432062293834,0.9139050173784776,0.0,0.0,0.0,0.06822628945766283,0.0,-0.01992062975002752,23.94668707101965,0.12728230626121603,-5.363636363636363,0.02634039381875699,0.29496605763912914,0.00535050405439458,-0.7365973322430623,-5.235610222116073,-5.151594832514005,-1.325695490786767,-0.39433808149967464,-0.2619442594665413,Insurance—Reinsurance,Financial Services,GLRE
2017Q1,2017,Q1,2017-05-02,2017-03-31,8374000.0,163513000.0,8747000.0,0.22,58701000.0,0.3589989786744785,1771646000.0,883466000.0,37961000.0,0.0,2107673000.0,0.0,378542000.0,825243569.8000001,795356569.8000001,23.659195072227995,0.0,0.0,0.0,0.009763816604147754,23.659195072227995,0.009478576425125585,5.04695999584131,24.63707815261524,0.9340977126454216,0.0,0.0,0.0,0.09229439741347877,0.0,0.0047266779029219155,53.441495259681396,0.3589989786744785,-0.8330188641352956,-0.8741536268004835,-0.07475298745068579,-0.004960288785876185,-0.3579748662926141,-0.8297829091796081,-0.8261379447425959,1.9294541818278912,0.5804988286438454,-0.16559183288792376,Insurance—Reinsurance,Financial Services,GLRE
2016Q4,2016,Q4,2017-02-22,2016-12-31,49196000.0,188735000.0,50310000.0,1.3175140943959909,91431000.0,0.48444114764087215,1608422000.0,874242000.0,39858000.0,0.0,1773006000.0,0.0,370168000.0,849690906.0,832305906.0,23.458786553142186,0.0,0.0,0.0,0.057251882201953236,23.458786553142186,0.056272748277936775,4.50203145150608,4.317886139117002,0.9719172791972932,0.0,0.0,0.0,0.11734171753432868,0.0,0.03058650030899851,23.12021185818073,0.48444114764087215,0.6468926179949885,-0.3127266170258799,0.1924094630702986,0.06758742370377695,0.4268703767283623,0.6392656026123754,0.60750231651596,-0.42059265124638007,-0.16710658503171869,-0.17822186129704817,Insurance—Reinsurance,Financial Services,GLRE
2016Q3,2016,Q3,2016-11-07,2016-09-30,30011000.0,145545000.0,31297000.0,0.8,64078000.0,0.4402624617815796,1474831000.0,824205000.0,39163000.0,0.0,1755202000.0,0.0,320972000.0,762893873.0,797788873.0,22.082691703568052,0.0,0.0,0.0,0.03760229554540436,22.082691703568052,0.0364120576798248,5.241635734652513,6.355118731465129,0.9256117992489733,0.0,0.0,0.0,0.09868588333171732,0.0,0.020348772164403922,-11.185143139899715,0.4402624617815796,1.473372781065089,7.487472858577717,0.5390841491278492,0.09053501554317148,3.719086819994908,1.476402889118184,1.488679657735307,-0.4755397053660989,-0.32596218600841415,-0.15757837720058873,Insurance—Reinsurance,Financial Services,GLRE
2016Q2,2016,Q2,2016-08-01,2016-06-30,-62995000.0,87810000.0,-64044000.0,-1.69,-23566000.0,-0.26837490035303496,1499532000.0,792882000.0,45556000.0,0.0,1888538000.0,0.0,290961000.0,751592862.72,799929862.72,21.267499883051578,0.0,0.0,0.0,-0.08109907905589987,21.267499883051578,-0.07945066226752531,8.559308310215238,-2.9827480860385744,0.9479252432518331,0.0,0.0,0.0,0.05855827018029625,0.0,-0.04200977371606608,192.12496490797545,-0.26837490035303496,-3.1948051948051948,-2.827428881054122,-0.02787782653633472,0.04402550120353801,-1.3116865940112157,-3.1973211482786286,-3.1602914389799635,-3.1835913337988533,-0.4466187946003937,-0.13830063542737805,Insurance—Reinsurance,Financial Services,GLRE
2016Q1,2016,Q1,2016-05-02,2016-03-31,28669000.0,166276000.0,29646000.0,0.77,75608000.0,0.4547138492626717,1695664000.0,854820000.0,196134000.0,0.0,2050853000.0,0.0,353956000.0,808562379.81,686307379.81,23.03659960580525,0.0,0.0,0.0,0.03444233873797992,23.03659960580525,0.03353805479516155,4.862772617876302,7.050842197233945,0.9458861278514774,0.0,0.0,0.0,0.09805952122590325,0.0,0.016907241057190575,-98.0788912918486,0.4547138492626717,1.6550571260857359,1.6491186270108527,1.3551869693332603,0.10729658679414035,13.460118655240606,1.6650968565131656,1.6685006877579092,-0.49979831834340116,-0.03749199544226526,-0.03790261468180744,Insurance—Reinsurance,Financial Services,GLRE
2015Q4,2015,Q4,2016-02-22,2015-12-31,-43105000.0,73748000.0,-44347000.0,-1.17547,-6068000.0,-0.08228019742908282,1623212000.0,825391000.0,112162000.0,0.0,1863749000.0,0.0,325287000.0,686104418.86,573942418.86,22.50833136399194,0.0,0.0,0.0,-0.05329110688146588,22.50833136399194,-0.05222373396366086,9.303363058794815,-3.979262375942466,0.8312477587712975,0.0,0.0,0.0,0.045433375307723206,0.0,-0.026555372927257806,-16.59742655329237,-0.08228019742908282,0.803433110367893,0.0,0.29809920715598065,0.03289584606670284,0.8738959662503377,0.84785754623747,0.8027435403591333,0.28811745783322723,0.11276119324760114,0.00534941705282989,Insurance—Reinsurance,Financial Services,GLRE
2015Q3,2015,Q3,2015-10-23,2015-09-30,-283320000.0,49302000.0,-224819000.0,-5.98,-48119000.0,-0.9760050302218977,1383296000.0,867353000.0,99351000.0,0.0,1622763000.0,0.0,368392000.0,817903612.48,747209612.48,23.62701979198379,0.0,0.0,0.0,-0.2580967086703472,23.62701979198379,-0.3266490114174967,16.589663958460104,-0.7217136210645207,0.94298816338907,0.0,0.0,0.0,0.03564096187656149,0.0,-0.20481516609604886,-215.80570250131927,-0.9760050302218977,-4.641509433962264,-10.696315025030353,-0.5660279813522558,0.17016127082811594,-4.327023137385144,-6.155268208909991,-4.6393668790448,-7.1355615858961805,-0.7689500854304484,-0.016450694273414886,Insurance—Reinsurance,Financial Services,GLRE
2015Q2,2015,Q2,2015-08-03,2015-06-30,-39596000.0,67620000.0,-39866000.0,-1.06,-9033000.0,-0.13358473824312334,1976398000.0,1099324000.0,90955000.0,0.0,2297332000.0,0.0,594937000.0,1088136240.05,1040663240.05,29.46991369254139,0.0,0.0,0.0,-0.03631322521840695,29.46991369254139,-0.036018498640983006,16.09192901582372,-6.870240933743308,0.9898230549410366,0.0,0.0,0.0,0.03421375654093963,0.0,-0.020034426264345543,-48.33797876815779,-0.13358473824312334,-0.6307692307692307,-3.1352834769865128,-0.07827995124444559,0.5213984647531251,-2.0824445775913722,-0.6466087245810288,-0.6168883841661259,-0.07886223702245791,-0.2845284218552176,0.29554093380347146,Insurance—Reinsurance,Financial Services,GLRE
2015Q1,2015,Q1,2015-05-04,2015-03-31,-24047000.0,71552000.0,-24656000.0,-0.65,8345000.0,0.11662846601073346,1770451000.0,1142152000.0,11466000.0,0.0,2082580000.0,0.0,636813000.0,1182101654.4,1217973654.4,30.72530476952524,0.0,0.0,0.0,-0.021775560520841362,30.72530476952524,-0.021054115389195133,16.52087508944544,-12.28949197820934,1.0349775287352296,0.0,0.0,0.0,0.04041456103557794,0.0,-0.013582414876209509,153.63941440083184,0.11662846601073346,-1.4056543558858423,-0.8094666705140448,0.8052278691365539,0.6073693804758792,-0.9073662944297671,-1.3962397838122858,-1.3909555069292487,-1.363020224512439,-0.5932857841212156,0.29222056335812935,Insurance—Reinsurance,Financial Services,GLRE
2014Q4,2014,Q4,2015-02-17,2014-12-31,60688000.0,148037000.0,63066000.0,1.6023493660768688,90086000.0,0.6085370549254578,1562748000.0,1165151000.0,12030000.0,0.0,1801251000.0,0.0,660860000.0,1215973730.55,1203943730.55,31.285363486259733,0.0,0.0,0.0,0.053951805388314476,31.285363486259733,0.05208595280783349,8.213985223626526,5.009119309212695,1.0436190077938394,0.0,0.0,0.0,0.09472864466951805,0.0,0.03883415624272116,-25.595674964742038,0.6085370549254578,2.144535261483478,-0.006954699784194019,0.2401448003783748,0.6249214977925036,4.265641992314943,2.1723072168134756,2.1812103163454513,-0.15162536907121918,-0.06410234302558598,0.4237676159536265,Insurance—Reinsurance,Financial Services,GLRE
2014Q3,2014,Q3,2014-11-03,2014-09-30,-51768000.0,25442000.0,-53391000.0,-1.4,-27586000.0,-1.084270104551529,1640765000.0,1103543000.0,8802000.0,0.0,1896134000.0,0.0,600172000.0,1198672506.4999998,1213518506.4999998,29.837865168387424,0.0,0.0,0.0,-0.04861160824725453,29.837865168387424,-0.046910723007621814,47.11392604748053,-5.7886749850293615,1.086203715215447,0.0,0.0,0.0,0.015506181567744314,0.0,-0.0315511362078055,-25.423073797959656,-1.084270104551529,-1.4844290657439445,-2.574518196747052,-0.7199714230242596,0.6902428667191243,-1.1900844099913868,-1.4725384060682958,-1.4741062390111355,-10.293230600415079,-0.7284948663786441,0.4735176848900556,Insurance—Reinsurance,Financial Services,GLRE
2014Q2,2014,Q2,2014-08-04,2014-06-30,109553000.0,201769000.0,112614000.0,2.89,145125000.0,0.7192631177237335,1626117000.0,1154108000.0,5693000.0,0.0,1945641000.0,0.0,651940000.0,1226913610.6799998,1225820610.6799998,30.98532544514685,0.0,0.0,0.0,0.09756452602356105,30.98532544514685,0.09492439182468192,6.080783523137845,2.799817464332332,1.063083880087479,0.0,0.0,0.0,0.12408024760825943,0.0,0.0673709210345873,-42.62040541494424,0.7192631177237335,13.041666666666666,0.15655118692198497,0.4272125986563729,0.8501306585404624,3.192304359129907,13.33566039860376,12.684374351525213,7.662344017630356,1.2358004729404717,0.5210753546825693,Insurance—Reinsurance,Financial Services,GLRE
2014Q1,2014,Q1,2014-05-05,2014-03-31,-8881000.0,101980000.0,-9638000.0,-0.24,34617000.0,0.33944891155128454,1582418000.0,1043682000.0,4283000.0,0.0,1868091000.0,0.0,542387000.0,1207315060.8,1207362060.8,28.354462485804184,0.0,0.0,0.0,-0.00977117551131475,28.354462485804184,-0.008509296893114953,11.838743486958226,-33.985898569980854,1.1567844044450322,0.0,0.0,0.0,0.06444567743794623,0.0,-0.0056122971300882575,-117.3403694042181,0.33944891155128454,-1.1074757545573692,-1.3130110479230988,0.3146373126835686,0.9896249842249831,1.3023318777292576,-1.1058143691171214,-1.112804307116105,0.797286382780107,0.45619774814029956,0.362909460083746,Insurance—Reinsurance,Financial Services,GLRE
2013Q4,2013,Q4,2014-02-18,2013-12-31,83930000.0,223993000.0,85440000.0,2.2330617820588636,-114500000.0,-0.5111766885572318,1685548000.0,1051595000.0,3722000.0,0.0,2008972000.0,0.0,551268000.0,1241813294.88,1238091294.88,28.546374560618283,0.0,0.0,0.0,0.08124980061292443,28.546374560618283,0.07981209496051236,5.543982601599158,3.6989553642320985,1.1808855071391553,0.0,0.0,0.0,0.13289031223079972,0.0,0.04979389492319412,-34.20784791140984,-0.5111766885572318,0.4887078547059091,3.6235516305523205,364.99970485737845,1.116958373515811,-1.536704493786884,0.48454082354605915,0.463865949354076,0.0,2.924740621972661,0.3099785686955281,Insurance—Reinsurance,Financial Services,GLRE
2013Q3,2013,Q3,2013-10-30,2013-09-30,56536000.0,213339000.0,58366000.0,1.5,213339000.0,1.0,1887901000.0,966636000.0,83683000.0,0.0,1933297000.0,0.0,467338000.0,1048745363.0400001,977561363.0400001,26.213348643860908,0.0,0.0,0.0,0.06027821558765313,26.213348643860908,0.058487372702858156,4.915863311630785,4.6375113336635065,1.0849434151428252,0.0,0.0,0.0,0.11300327718455576,0.0,0.02994648554134989,-184.57327755015842,1.0,0.9736842105263158,1.4659688784642728,3.33427244324597,0.8206257311229586,0.3609448959542735,0.983719298245614,0.9761638733705773,0.9261985002402136,0.8694503021057598,0.29825283221575893,Insurance—Reinsurance,Financial Services,GLRE
2013Q2,2013,Q2,2013-07-29,2013-06-30,28500000.0,156758000.0,29535000.0,0.76,156758000.0,1.0,1724902000.0,908998000.0,177838000.0,0.0,1814054000.0,0.0,410802000.0,923697553.68,754365553.68,24.68088147378366,0.0,0.0,0.0,0.03233559940943998,24.68088147378366,0.031353204297479204,5.892506626009517,8.10261012,1.0161711617407299,0.0,0.0,0.0,0.09087936590020766,0.0,0.016522677810101676,-27.73616652193496,1.0,-0.5,-0.16979885759742436,1.7491318539077785,0.3968489748054417,-0.08328118877888174,-0.4976468721907884,-0.5049861727981229,0.5566596493382119,1.1642038524177045,0.27416237369136887,Insurance—Reinsurance,Financial Services,GLRE
2013Q1,2013,Q1,2013-05-06,2013-03-31,56733000.0,170999000.0,59665000.0,1.52,170999000.0,1.0,1738222000.0,879476000.0,10973000.0,0.0,2109409000.0,0.0,382302000.0,895852382.85,891979382.85,23.944145319744738,0.0,0.0,0.0,0.0674913243795169,23.944145319744738,0.06450772960262702,5.238933460721992,3.9476688296494102,1.018620613694973,0.0,0.0,0.0,0.09837581160519197,0.0,0.03263852373287186,-48.55568470731708,1.0,1.9370696790587927,12.700232233645353,6.708789496729638,0.43252695035877964,1.5779261894711452,1.9361417751596455,1.964033542841447,5.320445053840144,3.3662326705121908,0.2526185278655322,Insurance—Reinsurance,Financial Services,GLRE
2012Q4,2012,Q4,2013-02-19,2012-12-31,-60603000.0,66332000.0,-61891000.0,-1.622077881686143,66332000.0,1.0,1525495000.0,821708000.0,21890000.0,0.0,1862343000.0,0.0,325569000.0,847085114.2399999,825195114.2399999,22.38856558943939,0.0,0.0,0.0,-0.07456420042156095,22.38856558943939,-0.07375247654884703,12.770384041488269,-3.49440256356946,1.0308833724875504,0.0,0.0,0.0,0.04348227952238454,0.0,-0.03972677721002035,-53.289199436336176,1.0,-2.3187625054358887,0.0,0.0,0.049733849191505995,-0.6888728371146207,-2.3135444437219586,-2.286260573186192,-2.00625979292484,-0.4361352118204812,0.16283327016466348,Insurance—Reinsurance,Financial Services,GLRE
2012Q3,2012,Q3,2012-10-31,2012-09-30,46137000.0,213199000.0,48117000.0,1.23,213199000.0,1.0,1617121000.0,881102000.0,22301000.0,0.0,1963455000.0,0.0,386172000.0,931270999.6700001,915330999.6700001,24.02220168772283,0.0,0.0,0.0,0.05387798461472111,24.02220168772283,0.052362836538788926,4.368083338430293,5.0462264542016175,1.0569389238362867,0.0,0.0,0.0,0.13183861937356575,0.0,0.028530332609619194,-26.900574819318873,1.0,2.2551020408163267,22.61405694545658,7.082610261457452,0.500113389425158,1.2953747765982644,2.2791316643100723,2.310411503581252,0.41495876597543463,1.3661616084316355,0.3607996019963252,Insurance—Reinsurance,Financial Services,GLRE
2012Q2,2012,Q2,2012-07-30,2012-06-30,-36069000.0,92882000.0,-36719000.0,-0.98,92882000.0,1.0,1251997000.0,833918000.0,11262000.0,0.0,1631713000.0,0.0,340035000.0,931903987.1400001,929729987.1400001,22.74718839336331,0.0,0.0,0.0,-0.04427174547967518,22.74718839336331,-0.04325245407821872,10.033203280937105,-6.459175380104799,1.1175007460445752,0.0,0.0,0.0,0.07418707872303208,0.0,-0.028809174462878107,-332.22958543315514,1.0,-1.56,-2.2679974158988183,0.5503660901970788,0.08211130745204254,-0.4630570634108554,-1.5537745843120998,-1.5319512654468541,-1.3868739177975673,-0.3324857315673828,0.3582323257072303,Insurance—Reinsurance,Financial Services,GLRE
2012Q1,2012,Q1,2012-04-30,2012-03-31,65133000.0,172983000.0,69027000.0,1.75,172983000.0,1.0,1404951000.0,869077000.0,5363000.0,0.0,1722107000.0,0.0,376104000.0,900249972.39,901641972.39,23.777136535947502,0.0,0.0,0.0,0.07912417426764257,23.777136535947502,0.07494502788590654,5.204268467941937,3.455429553337018,1.0358690569305136,0.0,0.0,0.0,0.12312386695336705,0.0,0.04635962392994489,330.00365556818184,1.0,-0.07050762097406023,3.9237074352444345,14.601051544401594,0.7102481767532116,0.1143801376040405,-0.07219270380763806,-0.06147006036873878,1.311782374444877,1.245651922790867,0.6684352570229332,Insurance—Reinsurance,Financial Services,GLRE
2011Q4,2011,Q4,2012-02-21,2011-12-31,70201000.0,155228000.0,73548000.0,1.8827480886222112,155228000.0,1.0,1295905000.0,803103000.0,42284000.0,0.0,1497790000.0,0.0,310971000.0,865102190.22,822818190.22,21.97364452997836,0.0,0.0,0.0,0.09150756503213162,21.97364452997836,0.08741219992952336,5.573106593011571,3.080804369667099,1.0771995500203586,0.0,0.0,0.0,0.11978347178226799,0.0,0.05417140916965364,-45.19865152664577,1.0,16.689567405185095,1.3503809532293647,1.8448092716407614,0.5011592587328619,0.6945918211392764,16.666369114037046,18.612068965517242,3.2117910168416888,254.64938345182625,0.6295341002276147,Insurance—Reinsurance,Financial Services,GLRE
2011Q3,2011,Q3,2011-10-31,2011-09-30,-4481000.0,91602000.0,-4176000.0,-0.12,91602000.0,1.0,1245958000.0,732092000.0,32669000.0,0.0,1513272000.0,0.0,240770000.0,749828629.8199999,720085629.8199999,20.2494109669364,0.0,0.0,0.0,-0.00590636149554974,20.2494109669364,-0.006120815416641624,8.185723344686796,-41.83377760656103,1.0242273236423836,0.0,0.0,0.0,0.0735193321123184,0.0,-0.003596429414153607,-77.36572738547255,1.0,0.7272727272727273,-1.0854305167614238,0.545139597871249,0.0,1.0074283674888862,0.7192531796253367,0.7458926615553122,0.9623301429359385,2.0222884147029268,0.40640553587272754,Insurance—Reinsurance,Financial Services,GLRE
2011Q2,2011,Q2,2011-08-09,2011-06-30,-15961000.0,87596000.0,-16434000.0,-0.44,-12331377000.0,-140.77557194392438,1227897000.0,736476000.0,9611000.0,0.0,1514560000.0,0.0,245251000.0,950481903.47,944234903.47,20.370670887382254,0.0,0.0,0.0,-0.02226006006984613,20.370670887382254,-0.0216721250930105,10.850745507443262,-14.887568189179875,1.2905809605065204,0.0,0.0,0.0,0.07133823113827951,0.0,-0.012998647280675821,-159.6911800184812,-140.77557194392438,0.6302521008403361,-2.090830769636629,1.671829006007048,0.0,-180.44378637951107,0.6287276110723424,0.627558073654391,-1.4736391128868993,0.5649451690804402,0.15290658380106675,Insurance—Reinsurance,Financial Services,GLRE
2011Q1,2011,Q1,2011-05-02,2011-03-31,-42990000.0,68720000.0,-44125000.0,-1.19,68720000.0,1.0,2336528000.0,751432000.0,37029000.0,0.0,1550874000.0,0.0,261212000.0,1018915946.23,984798946.23,20.80436251727382,0.0,0.0,0.0,-0.05871988416782889,20.80436251727382,-0.05721076557825592,14.827065573777649,-5.925307898522912,1.3559656046455302,0.0,0.0,0.0,0.02941116049112187,0.0,-0.01839909472516486,129.0420397960993,1.0,0.0,-2.633183638301237,1.3098054575263476,0.0,0.2182885102912759,0.0,-1.7512940134849826,-8.016034351059071,2.1503959951652427,0.24468046752342748,Insurance—Reinsurance,Financial Services,GLRE
2010Q4,2010,Q4,2011-02-22,2010-12-31,0.0,56407000.0,58732000.0,0.0,56407000.0,1.0,2338002000.0,793403000.0,45540000.0,0.0,1498841000.0,0.0,304202000.0,976121509.79,946191509.79,21.79148212252408,0.0,0.0,0.0,,21.79148212252408,0.0,17.30497118779584,0.0,1.2302972257352192,0.0,0.0,0.0,0.024126155580705234,0.0,0.0,46.78945018646343,1.0,-1.0,-1.0,3.765731324174924,0.9951926347097929,-0.4999734061414084,-1.0,0.9350289931470743,0.0,0.0,0.021738365358041096,Insurance—Reinsurance,Financial Services,GLRE
2010Q3,2010,Q3,2010-11-02,2010-09-30,29014000.0,112808000.0,30352000.0,0.78,112808000.0,1.0,1861461000.0,736016000.0,9726000.0,0.0,1094661000.0,0.0,247835000.0,912034644.48,902308644.48,20.191250882250696,0.0,0.0,0.0,0.04127355927045064,20.191250882250696,0.03942033868828938,8.084840121977164,7.858573830564556,1.2391505680311297,0.0,0.0,0.0,0.06060186058155395,0.0,0.015586681644149407,49.6318374227253,1.0,0.6595744680851066,1.4516249832852184,7.8144604802072095,0.0,0.574233522655912,0.6018329376690774,0.6356973485665014,14.676781041826848,3.3032415228700893,0.2608821702295035,Insurance—Reinsurance,Financial Services,GLRE
2010Q2,2010,Q2,2010-08-02,2010-06-30,18113000.0,71659000.0,18556000.0,0.47,71659000.0,1.0,1651602000.0,705793000.0,16033000.0,0.0,916338000.0,0.0,218821000.0,917845586.57,957106586.57,19.37027963106524,0.0,0.0,0.0,0.026360423864784193,19.37027963106524,0.02566333188342758,12.80851793312773,12.668326430878375,1.3004458624129172,0.0,0.0,0.0,0.04338757158201552,0.0,0.010966927867609751,-338.8134317349576,1.0,2.3823529411764706,0.5311558313122892,4.601562068339206,0.0,0.8694790117659336,2.4093526299408654,2.442811600964155,-0.3593382127482571,0.20344878551040146,-0.07853233310367395,Insurance—Reinsurance,Financial Services,GLRE
2010Q1,2010,Q1,2010-05-03,2010-03-31,-12852000.0,38331000.0,-12861000.0,-0.34,38331000.0,1.0,1762152000.0,687177000.0,52105000.0,0.0,1045458000.0,0.0,201169000.0,959122174.76,997738174.76,19.115273155463917,0.0,0.0,0.0,-0.01870260500569722,19.115273155463917,-0.01870260500569722,25.022101556442564,-18.657060666822286,1.3957425448756289,0.0,0.0,0.0,0.021752380044400256,0.0,-0.007293354943273906,496.6971386639047,1.0,-1.2071982863092838,-2.101166706725448,2.0369798367982654,0.0,0.0,-1.2158403869407497,-1.2225086505190312,0.41343770136998287,2.5148856021155415,0.374928432313392,Insurance—Reinsurance,Financial Services,GLRE
2009Q4,2009,Q4,2009-12-31,2009-12-31,59544000.0,116306000.0,57800000.0,1.640940212664132,0.0,0.0,1624216000.0,698641000.0,0.0,0.0,894978000.0,0.0,213560000.0,855998865.26,824281865.26,19.253461492608523,0.0,0.0,0.0,0.08284340920671818,19.253461492608523,0.08522832184197607,7.3598856917098,3.5939761573794167,1.2252342265340854,0.0,0.0,0.0,0.0716074709275121,0.0,0.03666014865017953,-106.12433241507563,0.0,0.8647047871183318,5.229539982856073,8.859627168126828,0.7628155967884047,0.0,0.8458676917353835,0.7703451866825937,1.0079683910740695,1.146886662795627,0.31532627383930734,Insurance—Reinsurance,Financial Services,GLRE
2009Q3,2009,Q3,2009-09-30,2009-09-30,32258000.0,89140000.0,32649000.0,0.88,0.0,0.0,1466389000.0,640566000.0,0.0,0.0,817712000.0,0.0,156382000.0,682186463.2,658872463.2,17.653004639685147,0.0,0.0,0.0,0.05095161226776434,17.653004639685147,0.050358589122744574,7.65297804801436,5.2869556637113275,1.0649745119160243,0.0,0.0,0.0,0.06078878114879476,0.0,0.021998255578840265,26.16347561555573,0.0,-0.649402390438247,1.7381841456885712,5.996925461687794,0.0,0.0,-0.6501149724499978,-0.6494819904450051,-0.38724968178035035,0.49810900556776044,0.0,Insurance—Reinsurance,Financial Services,GLRE
2009Q2,2009,Q2,2009-06-30,2009-06-30,92196000.0,137600000.0,93145000.0,2.51,0.0,0.0,1312716000.0,607151000.0,0.0,0.0,698170000.0,0.0,124212000.0,627538131.75,494066131.75,16.74764174201116,0.0,0.0,0.0,0.1535081426899249,16.74764174201116,0.15185019871498193,4.560596887718023,1.701641426282051,1.033578354890299,0.0,0.0,0.0,0.10482084472193529,0.0,0.07023301308127576,32.14023722151089,0.0,2.2597402597402594,6.833204932252762,9.810735629645944,0.0,0.0,2.315210355987055,2.3012581959950382,5.283759797676763,3.1855548086321916,0.0,Insurance—Reinsurance,Financial Services,GLRE
2009Q1,2009,Q1,2009-03-31,2009-03-31,27810000.0,76034000.0,28215000.0,0.77,0.0,0.0,1128804000.0,514157000.0,0.0,0.0,608259000.0,0.0,32017000.0,576169780.26,519859780.26,14.251159243885889,0.0,0.0,0.0,0.05472863819034945,14.251159243885889,0.05408853715888338,7.577791254701844,5.179519779395901,1.1206105922121063,0.0,0.0,0.0,0.06735801786669784,0.0,0.02463669512156229,52.41719252729258,0.0,1.8866672548705972,1.3742469619592406,5.002637876040368,0.0,0.0,1.8896637768322724,1.8936999144784772,0.057689704887755176,1.558525818064651,0.0,Insurance—Reinsurance,Financial Services,GLRE
2008Q4,2008,Q4,2008-12-31,2008-12-31,-31259000.0,598000.0,-31571000.0,-0.86842047653195,0.0,0.0,958005000.0,485382000.0,0.0,0.0,466565000.0,0.0,4207000.0,467578115.64,373434115.64,13.484617797755236,0.0,0.0,0.0,,13.484617797755236,-0.06440082244500209,781.9032034113712,-3.7395479353146293,0.9633198504270863,0.0,0.0,0.0,0.0006242138610967583,0.0,-0.032629266026795264,72.78613257160647,0.0,0.7360424083489514,-4.296805111323089,-0.9488954251242211,0.23462965761970533,0.0,0.7360617395489433,0.736127711145472,-4.296805111323089,-0.9488954251242211,0.23462965761970533,Insurance—Reinsurance,Financial Services,GLRE
2008Q3,2008,Q3,2008-09-30,2008-09-30,-118433000.0,-89212000.0,-119645000.0,-3.29,0.0,0.0,1116700000.0,518259000.0,0.0,0.0,592122000.0,0.0,35466000.0,827530475.64,611393475.64,14.397988667166954,0.0,0.0,0.0,,14.397988667166954,-0.22852087469778623,-9.27599959243151,-1.7468325459120346,1.596750805369516,0.0,0.0,0.0,-0.07988895853855109,0.0,-0.10605623712724993,51.492158275154004,0.0,-4.576086956521739,-11.134402927335197,-8.059242744051142,0.0,0.0,-4.531307770290417,-4.526022633502299,-11.134402927335197,-8.059242744051142,0.0,Insurance—Reinsurance,Financial Services,GLRE
2008Q2,2008,Q2,2008-06-30,2008-06-30,33538000.0,55707000.0,33932000.0,0.92,0.0,0.0,1260021000.0,635754000.0,0.0,0.0,616997000.0,0.0,153899000.0,822534483.96,725011483.96,17.668969172004658,0.0,0.0,0.0,,17.668969172004658,0.052753108906904246,14.765370311810006,6.1313620666110085,1.2937936433903678,0.0,0.0,0.0,0.04421116790910628,0.0,0.02661701670051531,43.3072439298689,0.0,8.076923076923077,1.8709771376066846,3.409727452913674,0.0,0.0,8.060631578947369,8.094292285176667,1.8709771376066846,3.409727452913674,0.0,Insurance—Reinsurance,Financial Services,GLRE
2008Q1,2008,Q1,2008-03-31,2008-03-31,-4750000.0,21730000.0,-4783000.0,-0.13,0.0,0.0,1058741000.0,601414000.0,0.0,0.0,450615000.0,0.0,120361000.0,669252403.2,609595403.2,16.7146211900222,0.0,0.0,0.0,,16.7146211900222,-0.007898053587046526,30.79854593649333,-35.22381069473685,1.1127981776280564,0.0,0.0,0.0,0.020524377538982622,0.0,-0.004486460805806142,136.77751955855305,0.0,0.0,-1.4066184462428517,0.7201352545352071,0.0,0.0,0.0,-1.163571697274375,-1.4066184462428517,0.7201352545352071,0.0,Insurance—Reinsurance,Financial Services,GLRE
2007Q4,2007,Q4,2008-03-18,2007-12-31,0.0,0.0,29241000.0,0.0,0.0,0.0,1094145000.0,605582000.0,64192000.0,0.0,488563000.0,0.0,125111000.0,590310324.4499999,526118324.4499999,21.327849536987713,0.0,0.0,0.0,,21.327849536987713,0.0,0.0,0.0,0.9747818205461853,0.0,0.0,0.0,0.0,0.0,0.0,-10.676620084102007,0.0,1.0,-1.0,-1.0,0.9527431897995047,-1.0,1.0,14.970855231724798,-1.0,-1.0,0.9527431897995047,Insurance—Reinsurance,Financial Services,GLRE
2007Q3,2007,Q3,2007-11-13,2007-09-30,-2094000.0,25876000.0,-2093000.0,-0.06,25876000.0,1.0,1106581000.0,576190000.0,403873000.0,1500000.0,530391000.0,0.0,96123000.0,740135587.84,620153587.84,16.01359061059252,269.2486666666667,0.0,0.0,-0.0036324823408944965,16.01359061059252,-0.0036342178795189086,28.603168489720204,-88.3638476408787,1.2845338999982645,0.0,0.0,0.0,0.023383737837537423,115.82666666666667,-0.0018923151581312168,21.298865837122303,1.0,-1.0789473684210527,-1.1792545318805328,1.048330411705155,0.0,0.0,-1.0982314584603838,-1.0981845475442136,-1.1792545318805328,1.048330411705155,0.0,Insurance—Reinsurance,Financial Services,GLRE
2007Q2,2007,Q2,2007-08-13,2007-06-30,21317000.0,44896000.0,21317000.0,0.76,0.0,0.0,1002812000.0,577513000.0,0.0,0.0,425299000.0,0.0,98217000.0,619241262.22,534059262.22,21.02111699296833,0.0,0.0,0.0,,21.02111699296833,0.0369117231993046,13.79279361680328,7.2622937352817,1.0722551045950481,0.0,0.0,0.0,0.0447701064606327,0.0,0.021257224684188062,-2.758276113103166,0.0,2.2459016393442623,1.3899596663639218,3.654591151515846,0.0,0.0,2.622298325722983,0.0,1.3899596663639218,3.654591151515846,0.0,Insurance—Reinsurance,Financial Services,GLRE
2007Q1,2007,Q1,2007-03-31,2007-03-31,-13140000.0,6540000.0,0.0,-0.61,0.0,0.0,563577000.0,299728000.0,0.0,0.0,263849000.0,0.0,76899000.0,518060727.45000005,518060727.45000005,13.902740467226668,0.0,0.0,0.0,,13.902740467226668,-0.04383974803822132,79.21417850917432,-9.856558741438358,1.7284362069943415,0.0,0.0,0.0,0.011604448016863712,0.0,-0.023315358859570208,-18.066633912816044,0.0,-1.7464383583887997,-2.877322680467783,-0.1359662360076907,0.0,0.0,-1.7539591462015147,0.0,-2.877322680467783,-0.1359662360076907,0.0,Insurance—Reinsurance,Financial Services,GLRE
