Quarters,Year,Quarter,FillingDate,Date,NetIncome,Revenue,OperatingIncome,EPSDiluted,GrossProfit,GrossProfitRatio,TotalAssets,CommonStockEquity,CurrentAssets,CurrentLiability,TotalLiability,Inventory,RetainedEarnings,MarketCap,EnterpriseValue,bookValuePerShare,currentRatio,debtToAssets,debtToEquity,roic,shareholdersEquityPerShare,roe,priceToSalesRatio,peRatio,pbRatio,payoutRatio,inventoryTurnover,dividendYield,assetTurnover,quickRatio,returnOnAssets,priceToFreeCashFlowsRatio,grossProfitMargin,epsdilutedGrowth,fiveYNetIncomeGrowthPerShare,fiveYRevenueGrowthPerShare,fiveYShareholdersEquityGrowthPerShare,grossProfitGrowth,netIncomeGrowth,operatingIncomeGrowth,threeYNetIncomeGrowthPerShare,threeYRevenueGrowthPerShare,threeYShareholdersEquityGrowthPerShare,Industry,Sector,Symbol
2023Q3,2023,Q3,2023-05-04,2023-03-31,24555000.0,464935000.0,29408000.0,0.89,94237000.0,0.2026885479,1157757000.0,873184000.0,391560000.0,196451000.0,284573000.0,154753000.0,1518219000.0,5572099200.0,5506703200.0,31.792608774804297,1.99316878000112,0.01508520354443981,0.020001511708872356,0.026492729757062104,31.792608774804297,0.02812122072781911,11.984684310710099,56.73080024434942,6.381357422948657,0.9536550600692323,2.395417213236577,0.004202545424891215,0.4015825427961135,1.0861079862153922,0.021209113829586002,260.9882529274005,0.20268854786152904,-0.38620689655172413,-0.11294460077955797,0.5663741707888019,0.3767220448556983,-0.07703081232492998,-0.38571035448928026,-0.4270461940109494,0.0944691080408865,0.4463381715419232,0.1288603658291153,Packaged Foods,Consumer Defensive,LANC
2023Q2,2023,Q2,2023-02-02,2022-12-31,39973000.0,477394000.0,51327000.0,1.45,102102000.0,0.2138736557,1137171000.0,879550000.0,373636000.0,180171000.0,257621000.0,139413000.0,1517081000.0,5420028300.0,5342169300.0,32.01740016744931,2.0737854593691547,0.015501626404472151,0.02004206696606219,0.04329242788367145,32.01740016744931,0.045447103632539364,11.353364935462112,33.898058064193336,6.162274231140925,0.5869461886773573,2.6919440798203897,0.004328759685627471,0.41980845448925447,1.234416193505059,0.035151265728725054,93.97534980494149,0.2138736557225269,0.06617647058823518,-0.1318844154564262,0.4893424113158789,0.4124572993103825,0.03076068850638534,0.06333794424345605,0.04115785630248692,-0.08041043540200651,0.3429585544509607,0.13703580266436757,Packaged Foods,Consumer Defensive,LANC
2023Q1,2023,Q1,2022-11-03,2022-09-30,37592000.0,425537000.0,49298000.0,1.36,99055000.0,0.2327764683,1131233000.0,862071000.0,377801000.0,190915000.0,269162000.0,165939000.0,1500570000.0,4125186000.0,4080405000.0,31.40513661202186,1.978896367493387,0.01718302065091807,0.022548026786656784,0.041954766810871756,31.40513661202186,0.04360661708838367,9.694071255848492,27.43393541178974,4.785204466917458,0.5870131942966589,1.9674820265278206,0.005349334551217812,0.37617095682321855,1.0499960715501664,0.0332309966205017,156.9765211766049,0.23277646832120355,0.28301886792452835,0.27673206712686865,0.4208000844143067,0.45691465630611483,0.006472393261395273,0.29431207822613964,0.462371332799383,-0.07765261440998371,0.26215081835783954,0.14960650278071394,Packaged Foods,Consumer Defensive,LANC
2022Q4,2022,Q4,2022-08-25,2022-06-30,29044000.0,452413000.0,33711000.0,1.06,98418000.0,0.2175401679,1090374000.0,844687000.0,351781000.0,165585000.0,245687000.0,144702000.0,1485045000.0,3534624660.0,3510571660.0,30.77520311873793,2.124473835190386,0.033227131241207145,0.04289162731283896,0.03145595454064499,30.77520311873793,0.03438433407877711,7.812827350230873,30.424740566037737,4.184537775531055,0.7583321856493596,2.446372544954458,0.0062312132457085275,0.41491543268639935,1.1823474348521907,0.026636731983704674,219.84230998880457,0.21754016794389197,7.625,0.01765832035194216,0.5578229140369234,0.4638040488438677,0.44029151788327575,7.4786973009145665,-0.04308950012773567,-0.12024157996353016,0.39760728690324376,0.1619563175281566,Packaged Foods,Consumer Defensive,LANC
2022Q3,2022,Q3,2022-05-05,2022-03-31,-4483000.0,403494000.0,35229000.0,-0.16,68332000.0,0.1693507214,1103624000.0,838622000.0,361579000.0,179477000.0,265002000.0,166022000.0,1478026000.0,4092974300.0,4049000300.0,30.55979884848043,2.0146258294934727,0.020941008894333576,0.027558303979623715,0.02380438183889103,30.55979884848043,-0.005345674213173515,10.143829400189347,-228.24973789872854,4.880594952195388,-4.913227749275039,2.018780643529171,0.0053814166387509445,0.3656082143918581,0.9874022855296222,-0.00406207186505549,-190.17629867112723,0.16935072144815042,-1.128,-1.3090807924880217,0.37005138353781286,0.4962923077945307,-0.29264404463675703,-1.1304335176025604,-0.22432128938503204,-1.146516147443863,0.2695975900519991,0.173141221906735,Packaged Foods,Consumer Defensive,LANC
2022Q2,2022,Q2,2022-02-03,2021-12-31,34370000.0,428427000.0,45417000.0,1.25,96602000.0,0.2254806536,1120197000.0,865009000.0,389407000.0,172832000.0,255188000.0,155165000.0,1504535000.0,4544560800.0,4446797800.0,31.520205516889554,2.253095491575634,0.0145045916030841,0.018783619592397306,0.03829505128105136,31.520205516889554,0.039733690632120594,10.60754994433124,33.05615944137329,5.253772850918314,0.6411114343904568,2.138529951986595,0.004848653361618575,0.382456835717289,1.2658535456396964,0.030682103237198458,679.9163375224416,0.2254806536469457,0.12612612612612603,-0.120198066672387,0.307405791791484,0.5417482643354661,0.045849708229129454,0.12118740825313978,0.12110291032065365,-0.28277745032578444,0.2251870319710987,0.22700400322355052,Packaged Foods,Consumer Defensive,LANC
2022Q1,2022,Q1,2021-11-03,2021-09-30,30655000.0,392056000.0,40511000.0,1.11,92367000.0,0.23559644540575836,1115136000.0,850055000.0,409856000.0,179787000.0,265081000.0,158369000.0,1492200000.0,4635353790.0,4523617790.0,30.957245347609163,2.2796753936602756,0.01645808224288338,0.02159036768209116,0.03455257200852489,30.957245347609163,0.036062372434724814,11.823193089762688,37.80259166530745,5.453004558528566,0.6744413635622247,1.8923463556630402,0.004460285220214011,0.35157684802571165,1.3263139159116064,0.027489920511937556,-147.62743367623173,0.23559644540575836,-0.034782608695652015,-0.08539441928990252,0.34089780235868755,0.5847992150618414,-0.04455179262262863,-0.033757801172539875,-0.009946722713720123,-0.21553945141679692,0.23654296042749726,0.25956611966848664,Packaged Foods,Consumer Defensive,LANC
2021Q4,2021,Q4,2021-08-26,2021-06-30,31726000.0,385566000.0,40918000.0,1.15,96674000.0,0.2507326890856559,1101285000.0,843147000.0,423481000.0,173923000.0,258138000.0,121875000.0,1482220000.0,5317267780.0,5162485780.0,30.684438459858796,2.434876353328772,0.030212887672128468,0.039462869464043634,0.034909628381940096,30.684438459858796,0.037628076717345846,13.790810859878723,41.899922618672385,6.3064540109850356,0.6511063481056547,2.3703958974358974,0.0038848899199129673,0.3501055585066536,1.6441298735647385,0.02880816500724154,1648.2541165530067,0.2507326890856559,0.09523809523809511,0.031759777718300575,0.34932036739799943,0.6344187145322939,0.06763114301490888,0.09789943592760494,0.09441532042366535,-0.022619723255397867,0.24832406772116838,0.289694587334142,Packaged Foods,Consumer Defensive,LANC
2021Q3,2021,Q3,2021-05-04,2021-03-31,28897000.0,357249000.0,37388000.0,1.05,90550000.0,0.2534646702999868,1068350000.0,831113000.0,428260000.0,151983000.0,237237000.0,103046000.0,1471151000.0,4819418880.0,4625512880.0,30.24098533638977,2.8178151503786606,0.016113633172649414,0.020713188218689876,0.0334253150342945,30.24098533638977,0.034769038626516494,13.49036352795949,41.694802920718416,5.798752853101805,0.7146416583036301,2.58815480465035,0.004284956446865228,0.3343932231946459,2.03310896613437,0.027048251977348246,221.1148320792806,0.2534646702999868,-0.35185185185185186,-0.009184800529227093,0.23491098041688102,0.6584613506085838,-0.1525106462632786,-0.3525207259690791,-0.36195774599815694,0.04322750447099447,0.20278986387577322,0.30953176776610686,Packaged Foods,Consumer Defensive,LANC
2021Q2,2021,Q2,2021-02-04,2020-12-31,44630000.0,375015000.0,58598000.0,1.62,106845000.0,0.28490860365585374,1054310000.0,826360000.0,426264000.0,140628000.0,227950000.0,109047000.0,1462905000.0,5048716670.0,4851075670.0,30.072418938098185,3.031146002218619,0.017774658307328963,0.02267776755893315,0.051688476444713326,30.072418938098185,0.05400793842877196,13.462705945095529,28.280958267981177,6.109585011375187,0.4628052879229218,2.459214833970673,0.00409113866950272,0.35569709098841895,2.1610987854481327,0.042331003215373086,96.96018187055887,0.28490860365585374,0.2,0.2861045303841567,0.1483677723735259,0.7028778439148027,0.15316122347659034,0.20364626877747513,0.19714799378932746,-0.031027970298002663,0.16960653043912272,0.32665386367691596,Packaged Foods,Consumer Defensive,LANC
2021Q1,2021,Q1,2020-11-04,2020-09-30,37079000.0,349237000.0,48948000.0,1.35,92654000.0,0.2653040771739535,1024368000.0,801106000.0,408407000.0,139819000.0,223262000.0,110562000.0,1438930000.0,4910026800.0,4744345800.0,29.172499180656203,2.920969253105801,0.01992155162988301,0.025473532840847527,0.04403740281127087,29.172499180656203,0.046284761317478586,14.059297268044336,33.10517273928639,6.129060074447078,0.5197011785646862,2.3207159783650804,0.003924622162958459,0.3409292363681802,2.02462469335355,0.03619695265763866,531.8486568457539,0.2653040771739535,0.22727272727272727,0.335140640402897,0.18139689559581387,0.33556916808220044,0.040156269295104234,0.22030607207503702,0.21833930704898447,0.2588046777205228,0.16557948854923898,0.3533404468970366,Packaged Foods,Consumer Defensive,LANC
2020Q4,2020,Q4,2020-08-27,2020-06-30,30385000.0,320854000.0,40176000.0,1.1,89077000.0,0.27762471404439404,993353000.0,783300000.0,385612000.0,126259000.0,210053000.0,85048000.0,1421121000.0,4254320510.0000005,4080706510.0000005,28.53655870887828,3.0541347547501565,0.0248240051623139,0.031480914081450276,0.0364045255050501,28.53655870887828,0.03879101238350568,13.259365661640498,35.003459848609516,5.431278577811822,0.6337995721573144,2.725249270999906,0.004526692324833796,0.32300098756434015,2.2562906406672,0.03058832056680757,103.77657055738506,0.27762471404439404,0.3580246913580247,0.18264135066096635,0.14973336146683133,0.3418496890984944,0.157415347833996,0.3547193365731865,0.33964654884961654,0.06456738209991526,0.10473680945678938,0.35732427230328545,Packaged Foods,Consumer Defensive,LANC
2020Q3,2020,Q3,2020-05-05,2020-03-31,22429000.0,321363000.0,29990000.0,0.81,76962000.0,0.23948618851579057,993052000.0,773284000.0,381975000.0,137146000.0,219768000.0,96259000.0,1409994000.0,3971380479.9999995,3812874479.9999995,28.163455585096695,2.785170548174938,0.0,0.0,0.027629095124873618,28.163455585096695,0.02900486755189555,12.357926954876572,44.26613402291675,5.135733417476632,0.8592447278077489,2.5389937564279705,0.004852720633808424,0.32361145237107425,1.9355066863051056,0.0225859270209415,-7260.293382084094,0.23948618851579057,-0.4873417721518987,0.09313340665325637,0.2132139287084056,0.3505198330085218,-0.2295247724974722,-0.48348839351510686,-0.4454306742113244,0.5455243984986625,0.09058199589723154,0.37896071115626884,Packaged Foods,Consumer Defensive,LANC
2020Q2,2020,Q2,2020-02-04,2019-12-31,43424000.0,355117000.0,54078000.0,1.58,99889000.0,0.2812847596707564,983703000.0,772758000.0,380273000.0,133286000.0,210945000.0,90483000.0,1406837000.0,4393624300.0,4211102300.0,28.15865612360165,2.853060336419429,0.0,0.0,0.05392185063285695,28.15865612360165,0.05619353018668199,12.372328838101245,25.294907769896827,5.685640653348137,0.4431880987472365,2.820728755677862,0.004380210661161902,0.36100022059503734,2.095396365709827,0.04414340507246598,86.53466015401887,0.2812847596707564,0.06756756756756763,0.3105611516161375,0.1640610100925316,0.3693346664556857,0.08447691840013896,0.06575039882194134,0.045915209654958995,0.11156587584574543,0.08368992281909497,0.37732475066889026,Packaged Foods,Consumer Defensive,LANC
2020Q1,2020,Q1,2019-11-04,2019-09-30,40745000.0,337054000.0,51704000.0,1.48,92108000.0,0.273273718751298,962341000.0,749665000.0,368651000.0,136573000.0,212676000.0,94425000.0,1382658000.0,3804833300.0,3651010300.0,27.318161941549448,2.6992963470085596,0.0,0.0,0.0515410247460269,27.318161941549448,0.05435094342139489,11.28849768879764,23.34540004908578,5.075378068870763,0.4385568781445576,2.5940799576383373,0.004696394977409391,0.3502438324876525,1.9404640741581425,0.04233946179161025,-1229.7457336780867,0.273273718751298,0.23333333333333336,0.7799471117985317,0.2890565429977474,0.3800418171464297,0.17770106124536506,0.23432293244471372,0.19350892177004225,0.21639830353141107,0.1534957983682079,0.3985030359054032,Packaged Foods,Consumer Defensive,LANC
2019Q4,2019,Q4,2019-08-27,2019-06-30,33010000.0,323670000.0,43321000.0,1.2,78210000.0,0.24163499860969506,905399000.0,726873000.0,368569000.0,119706000.0,178526000.0,86072000.0,1359782000.0,4040580119.9999995,3844292119.9999995,26.485679930039353,3.0789517651579703,0.0,0.0,0.044453247012481864,26.485679930039353,0.04541371051063941,12.48364111595143,30.601182368979096,5.5588529495523975,0.5412299303241442,2.8517984942838552,0.004421642306154791,0.3574887977565692,2.2720582092794013,0.03645906390442225,148.21833828546272,0.24163499860969506,0.08108108108108095,0.5386666804442591,0.24323590760598063,0.3669814998029381,0.037309176757695926,0.07861717422559143,0.16054972138876983,0.0748466475766393,0.13411345347652465,0.4107701857212968,Packaged Foods,Consumer Defensive,LANC
2019Q3,2019,Q3,2019-04-30,2019-03-31,30604000.0,317882000.0,37328000.0,1.11,75397000.0,0.23718549650499243,886285000.0,715008000.0,367305000.0,108797000.0,171277000.0,93120000.0,1344638000.0,4208876320.0,4021487320.0,26.049548236665697,3.376058163368475,0.0,0.0,0.041330805218805354,26.049548236665697,0.04280231829573935,13.24037322025154,34.38175009802641,5.886474445041174,0.5840413017906156,2.6040055841924397,0.004246739186672038,0.3586679228464884,2.4683125453826853,0.03453065323231241,296.81779407616364,0.23718549650499243,-0.35838150289017334,3.929404254307914,0.3054273834993419,0.3695745579724624,-0.17501531862745098,-0.3611789508840044,-0.3896165481154444,0.050682571574248964,0.10023131062198899,0.4285966039386204,Packaged Foods,Consumer Defensive,LANC
2019Q2,2019,Q2,2019-02-06,2018-12-31,47907000.0,349581000.0,61155000.0,1.73,91392000.0,0.26143297261578863,875458000.0,704771000.0,365513000.0,109856000.0,170687000.0,92327000.0,1331908000.0,4852154100.0,4657623100.0,25.68875523965737,3.3272010632100204,0.0,0.0,0.0668396906852762,25.68875523965737,0.06797527140021369,13.879913668076926,25.32069478364331,6.8847243998405165,0.3731187509132277,2.7964625732450963,0.0036839308133268063,0.3993121314786089,2.4268132828429945,0.05472221397257207,89.59421866056095,0.26143297261578863,0.21830985915492962,0.2125573680765222,0.034561908958786663,0.29435302687454085,0.1255311025997857,0.22750333094188788,0.24501221498371337,0.3827520671177196,0.07220082428575501,0.4546489334764937,Packaged Foods,Consumer Defensive,LANC
2019Q1,2019,Q1,2018-11-01,2018-09-30,39028000.0,316654000.0,49120000.0,1.42,81199000.0,0.2564281518629166,840183000.0,674019000.0,410470000.0,107501000.0,166164000.0,102822000.0,1301876000.0,4049976320.0,3832041320.0,24.577705659276546,3.818290062418024,0.0,0.0,0.056394805253704806,24.577705659276546,0.05790341221834993,12.789910501683226,25.94276109459875,6.00869755897089,0.42264528031157117,2.289928225477038,0.004072863319852695,0.3768869401070957,2.80307159933396,0.04645178490876392,130.14062724935732,0.2564281518629166,0.2033898305084746,0.5646946191097707,0.10143824220362896,0.3067446036921007,0.06585545141897035,0.20505140951616388,0.14629763599449255,0.40721626728942056,0.07262052413663882,0.12521130594443639,Packaged Foods,Consumer Defensive,LANC
2018Q4,2018,Q4,2018-08-27,2018-06-30,32387000.0,308170000.0,42851000.0,1.18,76182000.0,0.24720771003017813,804491000.0,652282000.0,378877000.0,93767000.0,152209000.0,90861000.0,1279343000.0,3794922719.9999995,3589170719.9999995,23.79201925882696,4.0406219672166115,0.0,0.0,0.04857382990211883,23.79201925882696,0.049651837702098175,12.314380763864099,29.293564701886556,5.817917281175933,0.5090622780745361,2.553218652667261,0.004344488996603335,0.3830620852191013,2.972389006793435,0.040257753038878,107.16790601790403,0.24720771003017813,0.17999999999999994,0.2647798748063202,0.13867487738321257,0.2947853632183404,0.12175872071621044,0.17254987147460266,0.1376875082968273,0.26208026643130305,0.10561130201834859,0.11875135229777233,Packaged Foods,Consumer Defensive,LANC
2018Q3,2018,Q3,2018-05-01,2018-03-31,27621000.0,296174000.0,37665000.0,1.0,67913000.0,0.22930101899559044,786565000.0,632863000.0,364015000.0,94516000.0,153702000.0,88114000.0,1263443000.0,3374651700.0,3187321700.0,23.092975734355043,3.851358500148123,0.0,0.0,0.04321426748308103,23.092975734355043,0.04364451705977439,11.39415242391297,30.54425708699902,5.332357398046655,0.5967560913797473,2.590519100256486,0.004884355917382526,0.3765410360237234,2.793823268018113,0.03511597897185865,131.7708590394377,0.22930101899559044,-0.40119760479041916,0.25836345262143295,0.05396973464730722,0.30409947657723424,-0.19094363898452485,-0.3984973867595819,-0.20311012377023166,0.3487328363041368,0.12024166898363738,0.1073755362937272,Packaged Foods,Consumer Defensive,LANC
2018Q2,2018,Q2,2018-01-30,2017-12-31,45920000.0,319665000.0,47265000.0,1.67,83941000.0,0.26259052445528913,764476000.0,621009000.0,343097000.0,85069000.0,143467000.0,77659000.0,1250416000.0,3539837160.0,3361070160.0,22.667871222076215,4.0331613161081,0.0,0.0,0.07330519056275209,22.667871222076215,0.07394417794267072,11.073583783022851,19.27176154181185,5.700138258865814,0.35864547038327527,3.0353725904273814,0.004652473900805087,0.4181491636101068,2.905018279279173,0.06006728792009167,92.54960154779334,0.26259052445528913,0.5607476635514017,0.29442832336100877,-0.02537214304260389,0.3106956642782574,0.11214012215641851,0.5626488804192472,0.06630420069485178,0.3882694657847565,0.049648273982462736,0.102321848844397,Packaged Foods,Consumer Defensive,LANC
2018Q1,2018,Q1,2017-11-08,2017-09-30,29386000.0,298916000.0,44326000.0,1.07,75477000.0,0.2525023752492339,749163000.0,590546000.0,331092000.0,95616000.0,158617000.0,85266000.0,1220965000.0,3290807520.0,3133629520.0,21.555920572346327,3.4627259036144578,0.0,0.0,0.04936205607338248,21.555920572346327,0.049760729900803664,11.009138085616026,27.996388756550736,5.572482956450472,0.5135778942353502,2.620493514413717,0.004586108396883693,0.39899995061154914,2.5113160977242304,0.03922510855448013,108.17907692307692,0.2525023752492339,0.028846153846153872,0.09544930601576268,0.021025355026498355,0.008566143202754437,0.04126314046850426,0.031558254642468496,0.03995495389813012,0.285884178307192,0.1451180137878598,0.08894851200364702,Packaged Foods,Consumer Defensive,LANC
2017Q4,2017,Q4,2017-08-24,2017-06-30,28487000.0,289874000.0,42623000.0,1.04,72486000.0,0.2500603710577699,716405000.0,575977000.0,301146000.0,76623000.0,140428000.0,76376000.0,1206671000.0,3359297520.0,3216193520.0,21.024127609870053,3.9302298265533846,0.0,0.0,0.04907744843129011,21.024127609870053,0.04945857213048438,11.588819694073978,29.48096956506477,5.832346638841482,0.5298557236634254,2.8462867916623025,0.0044932013047775535,0.40462308331181385,2.780183495817183,0.03976382074385299,105.06012572322126,0.2500603710577699,0.9622641509433962,0.09058257523614148,0.05137237884710745,0.014269489082088077,0.008080105695014255,0.9685578052657038,0.9362649343569709,0.33016646223877927,0.1153742496361194,0.08509932794260053,Packaged Foods,Consumer Defensive,LANC
2017Q3,2017,Q3,2017-05-02,2017-03-31,14471000.0,293834000.0,22013000.0,0.53,71905000.0,0.244713001218375,712009000.0,559180000.0,295322000.0,92310000.0,152829000.0,79634000.0,1193278000.0,3527510360.0,3402759360.0,20.423682384309142,3.1992416856245263,0.0,0.0,0.025710776295278105,20.423682384309142,0.025878965628241355,12.005112954933738,60.94102619031166,6.308362888515326,1.0429134130329625,2.786862395459226,0.004278371559481401,0.41268298574877565,2.164521720290326,0.020324181295461152,164.86004393139225,0.244713001218375,-0.6267605633802816,-0.21057801751900904,0.07741358729197687,0.006010424359505639,-0.23292332967068136,-0.6285296231645959,-0.6291485562182014,2.388649945510579,0.209711898395312,0.07379043657612788,Packaged Foods,Consumer Defensive,LANC
2017Q2,2017,Q2,2017-02-07,2016-12-31,38956000.0,326773000.0,59358000.0,1.42,93739000.0,0.286862745698084,691458000.0,559483000.0,276959000.0,69845000.0,131975000.0,80115000.0,1193899000.0,3869278739.9999995,3750771739.9999995,20.444456625009135,3.965337533109027,0.0,0.0,0.0693877598488537,20.444456625009135,0.06962856780277506,11.84087651060522,24.831083401786632,6.915811097030651,0.3872060786528391,2.908743680958622,0.0038984009717532016,0.4725854643376749,2.7195217982675923,0.056338924417679744,170.0856626664908,0.286862745698084,0.16393442622950816,0.2750876463474516,0.041940516124626,0.02357161616700408,0.16252449338988517,0.16634730538922154,0.1695235843480317,-0.01151218903464481,-0.03049853183629889,0.03011391826935322,Packaged Foods,Consumer Defensive,LANC
2017Q1,2017,Q1,2016-10-31,2016-09-30,33400000.0,291361000.0,50754000.0,1.22,80634000.0,0.2767494620076125,674368000.0,534505000.0,310274000.0,92782000.0,139863000.0,89765000.0,1170027000.0,3614378670.0,3468631670.0,19.53385959141907,3.3441184712552006,0.0,0.0,0.06238079221215583,19.53385959141907,0.06248772228510491,12.405156043533623,27.053732559880242,6.7621045079091875,0.4104790419161677,2.3475408009803376,0.0037931830756404946,0.4320504531650375,2.3327585091935936,0.04952785422795862,87.66593101942807,0.2767494620076125,0.08928571428571416,0.5669815727391451,0.05853100219147638,0.020235228398958843,0.07305972532737144,0.09100411576402953,0.08860433691525642,0.342044292271926,0.015719245975919834,0.038573980998575154,Packaged Foods,Consumer Defensive,LANC
2016Q4,2016,Q4,2016-08-24,2016-06-30,30614000.0,284490000.0,46623000.0,1.12,75144000.0,0.26413582199725827,634732000.0,513598000.0,267827000.0,73003000.0,121134000.0,76097000.0,1150337000.0,3491026770.0,3372946770.0,18.77391526848704,3.6687122447022724,0.0,0.0,0.05958009378035471,18.77391526848704,0.05960692993352778,12.271175682800802,28.50841747239825,6.797196971172006,0.4478016593715294,2.751041433959289,0.00392692491441422,0.4482049116792599,2.5216223990794897,0.048231379542862184,94.479750202977,0.26413582199725827,0.05660377358490571,0.04253655428658342,0.10842019356591724,-0.010045334405694268,0.03044265262465032,0.05525490331253662,0.06096395412342982,0.19811891368061638,0.05344534114457928,0.021695150608953766,Packaged Foods,Consumer Defensive,LANC
2016Q3,2016,Q3,2016-05-03,2016-03-31,29011000.0,287765000.0,43944000.0,1.06,72924000.0,0.2534151130262541,615384000.0,498491000.0,250044000.0,71765000.0,116893000.0,75850000.0,1133432000.0,3022762660.0,2928335660.0,18.23436242592728,3.48420539260085,0.0,0.0,0.058032565141202676,18.23436242592728,0.058197640478965515,10.50427487706983,26.048418358553647,6.063825946707162,0.4721657302402537,2.8324456163480556,0.004531616120995752,0.4676185926185926,2.294349613321257,0.04714292214292214,138.15185831809873,0.2534151130262541,-0.15199999999999997,0.5007739679819483,0.14560861735257197,0.007009317215453516,-0.12764073976601192,-0.15936947639882937,-0.15678787297323227,0.3249285690176635,0.02655505843641308,0.029725348907507564,Packaged Foods,Consumer Defensive,LANC
2016Q2,2016,Q2,2016-02-05,2015-12-31,34511000.0,324769000.0,52115000.0,1.25,83594000.0,0.25739525632064636,603897000.0,482606000.0,236396000.0,76199000.0,121291000.0,80471000.0,1118119000.0,3155290880.0,3068149880.0,17.65976288056206,3.102350424546254,0.0,0.0,0.07179208063170342,17.65976288056206,0.07150967870270987,9.715492796418378,22.857138883254613,6.538026630419017,4.36246414186781,2.9970424127946713,0.047714459847201164,0.5377887288726388,1.9408784892190187,0.05714716251281261,84.97268952144992,0.25739525632064636,0.2376237623762376,0.005479244669381976,0.04313576470759953,-0.020605462717968086,0.2299204025482955,0.2491313160561749,0.24415106951871657,-0.024756689554445648,-0.007346658737061893,0.021118146162414114,Packaged Foods,Consumer Defensive,LANC
2016Q1,2016,Q1,2015-11-03,2015-09-30,27628000.0,294085000.0,41888000.0,1.01,67967000.0,0.23111345359334887,752027000.0,596722000.0,381979000.0,96492000.0,155305000.0,90155000.0,1234161000.0,2663056120.0,2463646120.0,21.84274680625206,3.9586597852671725,0.0,0.0,0.04616515955729351,21.84274680625206,0.046299616907035435,9.055395956951221,24.097438468220645,4.4628086780778995,0.4555523382076155,2.508102711996007,0.0047261489930598985,0.39105643813320534,2.834960411225801,0.036738042650064424,88.91376314647258,0.23111345359334887,0.08602150537634404,0.24438270358335112,0.1377680987768945,0.25079763093629565,0.04580704723803662,0.08056946182728411,0.07867020317770967,0.03281756909311322,0.007355119641985319,0.021986271910724848,Packaged Foods,Consumer Defensive,LANC
2015Q4,2015,Q4,2015-08-28,2015-06-30,25568000.0,277716000.0,38833000.0,0.93,64990000.0,0.23401604516844546,714944000.0,580918000.0,342998000.0,74644000.0,134026000.0,77899000.0,1219119000.0,2481658600.0,2299456600.0,21.266583687216283,4.595118160870264,0.0,0.0,0.044163214823390654,21.266583687216283,0.044013096512760835,8.93595831712973,24.265278864205257,4.271960242237286,0.4922168335419274,2.730792436359902,0.005071205201231144,0.3884444096320831,3.2774101066395156,0.03576224151821681,73.72066066601313,0.23401604516844546,0.24000000000000007,0.14930237667433113,0.14841401790003647,0.22860846885115724,0.1477262693156733,0.2531490467088173,0.2443283773391438,-0.018300318660384604,0.01022533248641071,0.025966326461412163,Packaged Foods,Consumer Defensive,LANC
2015Q3,2015,Q3,2015-05-07,2015-03-31,20403000.0,263400000.0,31208000.0,0.75,56625000.0,0.2149772209567198,691230000.0,569371000.0,329189000.0,77022000.0,121859000.0,72270000.0,1206136000.0,2598426510.0,2437009510.0,20.853788960920046,4.273960686557087,0.0,0.0,0.03599344123353775,20.853788960920046,0.03583428028473526,9.864944988610478,31.838779958829583,4.563679059874844,0.6166740185266872,2.861145703611457,0.00484216118931145,0.3810598498329066,2.9964295915452728,0.029516948049129813,238.6504876928729,0.2149772209567198,-0.375,-0.130825941243367,0.08574807297063156,0.2355003951321386,-0.2800656046177514,-0.3808642349942344,-0.3785247729807233,0.11612263170232039,-0.03149161690997051,0.027196207193093583,Packaged Foods,Consumer Defensive,LANC
2015Q2,2015,Q2,2015-02-06,2014-12-31,32954000.0,303411000.0,50216000.0,1.2,78653000.0,0.25922923031795153,674477000.0,561267000.0,400776000.0,72523000.0,113210000.0,68881000.0,1198315000.0,2555810160.0,2299662160.0,20.56375027478567,5.5261916909118485,0.0,0.0,0.05876859393345765,20.56375027478567,0.058713589076143796,8.423590970663556,19.389225587182132,4.553644094521858,0.38177459488984644,3.2629897939925376,0.004922509581071546,0.4498463253750684,4.344249410531831,0.04885859710560923,60.93241530575754,0.25922923031795153,0.4457831325301205,-0.14023609277901258,0.02886502975831695,0.2611677168651479,0.36968863193089996,0.4478274241026317,0.45116171540862327,0.08147865869858638,-0.029998919548531063,0.029544168832006626,Packaged Foods,Consumer Defensive,LANC
2015Q1,2015,Q1,2014-11-07,2014-09-30,22761000.0,259987000.0,34604000.0,0.83,57424000.0,0.220872582090643,658918000.0,540131000.0,386114000.0,78757000.0,118787000.0,78611000.0,1177942000.0,2326950080.0,2099389080.0,19.795169684087078,4.902599134045228,0.0,0.0,0.04213003727911804,19.795169684087078,0.04213977720219724,8.95025551277564,25.55852203330258,4.30812169640328,0.5285356530908132,2.5767767869636566,0.005169857361099899,0.3945665469754962,3.6897291669311936,0.034542993210080766,83.17070841375366,0.220872582090643,0.06410256410256401,-0.1753508040157416,0.05273030603492624,0.30330066469761235,-0.007638336847198701,0.06723871149247433,0.07080084168832776,0.07085975426477882,-0.05278704017835316,0.033883210295645096,Packaged Foods,Consumer Defensive,LANC
2014Q4,2014,Q4,2014-08-28,2014-06-30,21327000.0,258808000.0,32316000.0,0.78,57866000.0,0.22358659701400266,638630000.0,528597000.0,367291000.0,69072000.0,110033000.0,74516000.0,1167211000.0,2596155120.0,2384616120.0,19.375302397184957,5.317509265693769,0.0,0.0,0.03973726299941675,19.375302397184957,0.04034642648369174,10.031201199344688,30.432727528485017,4.91140721570497,0.5639799315421766,2.6966289119115356,0.004633005134146222,0.40525499898219625,3.899510655547834,0.033394923508134604,115.49760298958982,0.22358659701400266,3.0526315789473686,-0.22708363625224154,0.051315723625677115,0.35155820957916606,0.11477999537643523,3.0554163454124903,0.1207213455869603,-0.2717286111456615,0.011130909216439314,0.021666004724624627,Packaged Foods,Consumer Defensive,LANC
2014Q3,2014,Q3,2014-05-12,2014-03-31,-10376000.0,241849000.0,28835000.0,-0.38,51908000.0,0.21462978966214455,630265000.0,518509000.0,364133000.0,70713000.0,111756000.0,67737000.0,1157912000.0,2710288620.0,2508960620.0,19.020175342063755,5.149449181904317,0.0,0.0,0.03671038539930845,19.020175342063755,-0.020011224491763884,11.206532257731064,-65.30186536237471,5.227081149989682,-1.1591171935235158,2.804095250749221,0.00443753477443299,0.38372589307672167,3.720447442478752,-0.01646291639231117,247.51494246575342,0.21462978966214455,-1.2638888888888888,-1.5011914685847325,0.007250110357185897,0.4104934235003236,-0.4121936857362866,-1.2644644950807973,-0.5143251755907766,-1.538279088559424,-0.03446604042353433,0.05040655314033038,Packaged Foods,Consumer Defensive,LANC
2014Q2,2014,Q2,2014-02-10,2013-12-31,39234000.0,335550000.0,59371000.0,1.44,88308000.0,0.26317389360751003,660688000.0,540706000.0,372873000.0,78052000.0,119982000.0,92540000.0,1180315000.0,2401558600.0,2225295600.0,19.846791954191747,4.777238251422129,0.0,0.0,0.07259492571816058,19.846791954191747,0.07256068917304413,7.157081209953807,15.302789672223073,4.441523859546593,0.30601009328643525,2.671731143289388,0.004999253401520162,0.5078796648342334,3.3711500025623944,0.05938355169157,43.434891754535094,0.26317389360751003,0.5824175824175823,0.41458696116467764,0.1942076353888718,0.5138512932127852,0.4326876277620948,0.5819523406314262,0.5790159574468086,0.14660843322904146,0.0810866097777381,0.10068519911461744,Packaged Foods,Consumer Defensive,LANC
2014Q1,2014,Q1,2013-11-07,2013-09-30,24801000.0,285856000.0,37600000.0,0.91,61638000.0,0.21562604947945818,638480000.0,512866000.0,347372000.0,83561000.0,125614000.0,113047000.0,1153087000.0,2134811720.0000002,2001736720.0000002,18.80834678010855,4.157106784265387,0.0,0.0,0.0484194727683939,18.80834678010855,0.048357660675498085,7.46813682413523,21.519411717269467,4.162513639040218,0.44058707310189105,1.9834051323785682,0.005118484172459012,0.4477133191329407,2.584519093835641,0.03884381656434031,87.4528581377248,0.21562604947945818,-0.02150537634408604,1.3325835286343766,0.12295206712017528,0.5080871119555709,0.011918833727344365,-0.026533736311182634,0.032910279654964014,0.11914207528391318,0.10799985663689964,0.07703650108943184,Packaged Foods,Consumer Defensive,LANC
2013Q4,2013,Q4,2013-08-29,2013-06-30,25477000.0,269267000.0,36402000.0,0.93,60912000.0,0.2262141294700056,619964000.0,501222000.0,326058000.0,77177000.0,118742000.0,109151000.0,1139213000.0,2160338400.0,2036952400.0,18.375261209077244,4.224807909092087,0.0,0.0,0.05100913496432747,18.375261209077244,0.05082977203714123,8.023034385944063,21.198908819719747,4.31014281096999,0.42897515406052517,1.908869364458411,0.0050589296565760255,0.4343268318805608,2.510903507521671,0.04109432160577066,68.03786848072562,0.2262141294700056,0.1625,11.255244826458672,1.3354889469391402,0.44570047238986105,0.03549571603427173,0.16690331150093896,0.12675271612963135,0.14684924915127318,0.11506764819864773,0.06157161257617927,Packaged Foods,Consumer Defensive,LANC
2013Q3,2013,Q3,2013-05-08,2013-03-31,21833000.0,279511000.0,32307000.0,0.8,58824000.0,0.2104532558647066,603625000.0,482702000.0,307636000.0,75999000.0,120923000.0,91508000.0,1124665000.0,2104939980.0,2004328980.0,17.707986353131076,4.047895367044303,0.0,0.0,0.0453191792204784,17.707986353131076,0.04523080492726361,7.530794780885189,24.102734163880363,4.3607442687206595,0.4753813035313516,2.411668925121301,0.004930781921867435,0.4630540484572375,2.5305069803550047,0.03616980741354318,114.45489532923713,0.2104532558647066,-0.375,1.7034032761634157,0.10458284978294405,0.34377286502901255,-0.27961203095914566,-0.38109816594381607,-0.38609026128266033,-0.06840619769534677,0.1540181784891596,0.04912465438715749,Packaged Foods,Consumer Defensive,LANC
2013Q2,2013,Q2,2013-02-07,2012-12-31,35277000.0,326155000.0,52625000.0,1.28,81656000.0,0.2503594916527418,597747000.0,471155000.0,304478000.0,81242000.0,126592000.0,100544000.0,1113211000.0,1884943170.0,1792422170.0,17.294534375802957,3.747790551685089,0.0,0.0,0.07451380073111379,17.294534375802957,0.07487344928951195,5.77928644356211,13.358159494855004,4.000685910156955,4.16503670947076,2.4317612189688096,0.07794929965978761,0.5456405469203526,2.2580438689347875,0.0590166073606392,40.56432749418955,0.2503594916527418,0.3061224489795919,1.4165072239029326,0.16954189286946753,0.2603671873106008,0.24253998204421992,0.32311904583302076,0.2970768017351868,-0.077906471422434,0.10806026622112057,0.060667832546150956,Packaged Foods,Consumer Defensive,LANC
2013Q1,2013,Q1,2012-11-06,2012-09-30,26662000.0,290976000.0,40572000.0,0.98,65717000.0,0.2258502419443528,718321000.0,581961000.0,426751000.0,91515000.0,136360000.0,120730000.0,1224864000.0,1976553110.0,1783877110.0,21.372837783245803,4.663180899306124,0.0,0.0,0.0457982631749026,21.372837783245803,0.045814066578344595,6.792838962663588,18.53342875628235,3.396366955861304,0.36850198784787336,1.8658080013252714,0.004970774602661702,0.40507795261449964,3.1549909850844124,0.03711711059540233,180.93675485170266,0.2258502419443528,0.03157894736842108,0.9125702735850622,0.13804091919186445,0.5208624177004498,0.07697476237299246,0.0272394528992487,0.037355219759147046,-0.03199230859283028,0.1806762987484425,0.4071732717588542,Packaged Foods,Consumer Defensive,LANC
2012Q4,2012,Q4,2012-08-29,2012-06-30,25955000.0,273959000.0,39111000.0,0.95,61020000.0,0.22273405874601673,682635000.0,564267000.0,391739000.0,72671000.0,118368000.0,109704000.0,1208027000.0,1938478619.9999998,1746842619.9999998,20.728344721181397,5.390582212987299,0.0,0.0,0.046033037558446115,20.728344721181397,0.04599772802591681,7.075798276384422,18.671533615873628,3.4353925003588723,0.3784627239452899,1.9410322321884343,0.0050673759816860925,0.40132574509071467,3.646048630127561,0.03802178323701539,58.53778106598217,0.22273405874601673,0.4179104477611939,49.42874273685286,0.4507682947570069,0.41881082683575777,0.13415858146537304,0.4243771265503238,0.39911998282893324,-0.05728603361354508,0.11531414555086644,0.44594205058549574,Packaged Foods,Consumer Defensive,LANC
2012Q3,2012,Q3,2012-05-10,2012-03-31,18222000.0,271098000.0,27954000.0,0.67,53802000.0,0.19845959763627913,666074000.0,552530000.0,378760000.0,80849000.0,113544000.0,100284000.0,1191895000.0,1808775359.9999998,1640815359.9999998,20.301660787771898,4.6847827431384435,0.0,0.0,0.03293325794146102,20.301660787771898,0.0329792047490634,6.672035057433105,24.81581824168587,3.2736238032324034,0.5389638898035342,2.166806270192653,0.005429640527610902,0.4070088308506262,3.147286917587107,0.02735732065806502,117.10315680435063,0.19845959763627913,-0.3963963963963964,0.5638960878021797,0.09475079358809005,0.3476739853454508,-0.2298486952289612,-0.4000592631613604,-0.36046671242278655,-0.11836822259086903,0.1309328725115406,0.5055255018579458,Packaged Foods,Consumer Defensive,LANC
2012Q2,2012,Q2,2012-02-09,2011-12-31,30373000.0,311786000.0,43710000.0,1.11,69859000.0,0.22406073396496315,648735000.0,543403000.0,359273000.0,73140000.0,105332000.0,93303000.0,1183494000.0,1886464040.0,1724083040.0,19.973645519370727,4.912127426852612,0.0,0.0,0.0525981048409094,19.973645519370727,0.05589406020945781,6.05050913126311,15.527475389326048,3.4715745772474573,0.32305007737134955,2.5929176982519317,0.0052012653260011255,0.4806061026459186,3.371985233798195,0.04681880891273016,42.62810231843449,0.22406073396496315,0.42307692307692313,0.9871676756908367,0.14910792932036931,0.3125835099846763,0.26031030128089483,0.428779753504563,0.34442667322834647,0.09663204146578296,0.11118248871640084,0.5235272869017447,Packaged Foods,Consumer Defensive,LANC
2012Q1,2012,Q1,2011-11-07,2011-09-30,21258000.0,274516000.0,32512000.0,0.78,55430000.0,0.2019190138279736,633933000.0,522506000.0,343625000.0,80713000.0,111427000.0,110248000.0,1162933000.0,1664962900.0,1536698900.0,19.146427262733603,4.257368701448342,0.0,0.0,0.040689706386835583,19.146427262733603,0.04068470027138445,6.065085095222137,19.580427368520088,3.18649527469541,0.42374635431367014,1.9872106523474349,0.005410330764727551,0.4330362987886732,2.6437129087012003,0.03353351221659071,125.32652615732029,0.2019190138279736,-0.2733349264329362,0.8042113521122662,0.11086930675160885,0.2609271274724378,0.03452780888391191,-0.27429761376438055,0.06262256504118185,0.9977455161640216,0.07753483319903982,0.5351950138148548,Packaged Foods,Consumer Defensive,LANC
2011Q4,2011,Q4,2011-08-29,2011-06-30,29293000.0,256034000.0,30596000.0,1.0733968486625138,53580000.0,0.2092690814501199,622089000.0,517539000.0,333196000.0,76156000.0,104550000.0,111885000.0,1150683000.0,1659777800.0,1527511800.0,18.96441920117259,4.3751772677136405,0.0,0.0,0.039368711875965204,18.96441920117259,0.05660056536802057,6.482646054820844,14.165310825111801,3.20705840526028,0.3091523572184481,1.8094829512445816,0.005456152022276717,0.41157133464825774,2.574032249592941,0.04708811761661113,40.54171470444553,0.2092690814501199,0.5118265474119914,0.4958851734395205,0.01749195825694782,0.22431146023778895,0.01991091483610614,0.5067640553469471,0.03806744927732917,12.78568055046619,1.219654572092008,0.492053336590983,Packaged Foods,Consumer Defensive,LANC
2011Q3,2011,Q3,2011-05-10,2011-03-31,19441000.0,252623000.0,29474000.0,0.71,52534000.0,0.20795414510951102,601429000.0,497846000.0,317217000.0,78338000.0,103583000.0,104121000.0,1130446000.0,1666136400.0,1558434400.0,18.107441623626972,4.049337486277413,0.0,0.0,0.03897881439265825,18.107441623626972,0.03905022838387775,6.595347216999244,21.425549097268657,3.3466903419933076,0.4666941000977316,1.9216968719086447,0.00544553255063631,0.42003794296583635,2.3696035129822053,0.03232468005367217,167.87268513853905,0.20795414510951102,-0.43200000000000005,0.9947010752899696,0.08046312481348719,0.2061121082117628,-0.32858749552681354,-0.4423600952298999,-0.4343670837491364,1.386646031035062,-0.010207242917572561,0.37408558057898234,Packaged Foods,Consumer Defensive,LANC
2011Q2,2011,Q2,2011-02-09,2010-12-31,34863000.0,316238000.0,52108000.0,1.25,78244000.0,0.24742124602356452,598552000.0,500513000.0,322658000.0,72650000.0,98039000.0,93721000.0,1120078000.0,1587757600.0,1468638600.0,18.031306290078536,4.441266345492085,0.0,0.0,0.06829153460146188,18.031306290078536,0.06965453444765671,5.020767902655595,11.38569256805209,3.172260460767253,0.262685368442188,2.539388184078275,0.0057678829564412094,0.5283383899811546,2.850006882312457,0.058245565965864284,27.044534909468737,0.24742124602356452,0.5432098765432097,0.405863395644083,0.2333136855694077,0.16680501004684775,0.34738509755299546,0.5312952958229016,0.4962384425429277,1.3438400317548158,0.11294206083450983,0.314060633176607,Packaged Foods,Consumer Defensive,LANC
2011Q1,2011,Q1,2010-11-09,2010-09-30,22767000.0,265051000.0,34826000.0,0.81,58071000.0,0.219093683857069,598241000.0,489210000.0,327429000.0,84202000.0,109031000.0,131258000.0,1094373000.0,1330665000.0,1243235000.0,17.463054187192117,3.888613097076079,0.0,0.0,0.046516925311948044,17.463054187192117,0.046538296437112894,5.020411166152929,14.611773619712741,2.720028208744711,0.3693503755435499,1.5768943607246797,0.006319396692631128,0.44305054317574355,2.023194223415121,0.03805656917529892,524.5033504138746,0.219093683857069,-0.005420118343195168,0.54109614972916,0.13239355150108514,0.010418438016912206,-0.030938673341677096,-0.00210387902695595,-0.0083995330429088,0.5874024727245516,0.00759666890150338,0.2426474706314633,Packaged Foods,Consumer Defensive,LANC
2010Q4,2010,Q4,2010-08-25,2010-06-30,22815000.0,248005000.0,35121000.0,0.8144142214606982,59925000.0,0.24162819297998026,586453000.0,484908000.0,317399000.0,77953000.0,101545000.0,121509000.0,1080015000.0,1494827040.0,1393937040.0,17.309488113086314,4.071671391736046,0.0,0.0,0.047059541574708506,17.309488113086314,0.04705016209260313,6.02740686679704,16.379871137409598,3.082702368284293,0.3712908174446636,1.5478688821404176,0.005666876349788267,0.42288981384697494,2.163560093902736,0.03890337333085516,93.00815331010453,0.24162819297998026,-0.05300671923174627,0.360869898841989,0.09838282828671803,0.00783474481274198,-0.03226587859115353,-0.058087688877879615,-0.0636397568518716,42.07472226619609,0.2761973121954817,0.1847974101248928,Packaged Foods,Consumer Defensive,LANC
2010Q3,2010,Q3,2010-05-10,2010-03-31,24222000.0,250328000.0,37508000.0,0.86,61923000.0,0.24736745390048256,571861000.0,475527000.0,302874000.0,74987000.0,96334000.0,97353000.0,1065671000.0,1661080080.0,1565418080.0,16.878820146949206,4.039020096816782,0.0,0.0,0.050945320272700864,16.878820146949206,0.05093717076001993,6.6356143939151835,17.14433242506812,3.493135153208966,0.3497646767401536,1.935276776267809,0.005100295947200811,0.4377427381828801,2.3427127368743914,0.042356446758915194,124.8369216894634,0.24736745390048256,-0.3857142857142857,0.8538827663283858,0.11514296316439121,-0.004792763505282572,-0.26957783361053117,-0.3872036835580742,-0.3660012508240226,1.0082281559618755,-0.023461015147289006,0.12045743711121369,Packaged Foods,Consumer Defensive,LANC
2010Q2,2010,Q2,2010-02-05,2009-12-31,39527000.0,304115000.0,59161000.0,1.4,84777000.0,0.2787662561859823,551255000.0,458946000.0,282402000.0,70338000.0,92309000.0,82296000.0,1049921000.0,1398342960.0,1306951960.0,16.305325611965753,4.0149279194745375,0.0,0.0,0.08479690904829157,16.305325611965753,0.0861256008332135,4.598072965818852,8.844226478103574,3.046857277326744,0.2140309155766944,2.665232818119957,0.006050017944095774,0.5516775358046639,2.5146435781512126,0.07170365801670733,28.81814727036663,0.2787662561859823,0.38613861386138604,0.292496405466568,0.2748184742771419,-0.055303827510413815,0.3307328864959895,0.391550783312797,0.3950104930557193,1.4996157834326604,0.08336458209483444,0.07151703991346918,Packaged Foods,Consumer Defensive,LANC
2010Q1,2010,Q1,2009-11-06,2009-09-30,28405000.0,254160000.0,42409000.0,1.01,63707000.0,0.2506570664148568,537651000.0,426508000.0,265191000.0,89643000.0,111143000.0,110605000.0,1018854000.0,1439712870.0,1387272870.0,15.188490438374702,2.9583012616712963,0.0,0.0,0.06655974844151201,15.188490438374702,0.06659898524763896,5.664592658168083,12.6712979229009,3.375582333742861,0.28259109311740893,1.7219203471814113,0.005575417270528394,0.47272301176785686,1.4572805461664602,0.05283166961467569,84.90374889426195,0.2506570664148568,-0.0013798809901060356,0.9459640755441124,0.13682014263644765,-0.08339550078222328,-0.02016364699006429,0.0001408401112636879,-0.016329181453389928,1.3428839009036595,-0.00047543231998233265,0.00026910275729744986,Packaged Foods,Consumer Defensive,LANC
2009Q4,2009,Q4,2009-08-26,2009-06-30,28401000.0,253385000.0,43113000.0,1.0113956055696023,65018000.0,0.25659766758095387,498481000.0,402556000.0,222812000.0,74579000.0,95925000.0,102523000.0,998476000.0,1237529670.0,1199045670.0,14.335529361489975,2.9875970447444993,0.0,0.0,0.07057295488556661,14.335529361489975,0.07055167479804052,4.883989462675375,10.893363525932186,3.0741801637536144,0.2818210626386395,1.8373145538074382,0.006467723719302827,0.5083142587179852,1.3359792971211735,0.05697509032440554,32.57257047350828,0.25659766758095387,0.3307836915389504,1.0308906477488096,0.183127731776104,-0.13625494759498266,0.23509745070476046,0.33884881912035075,0.3270846800258565,0.4094802800461113,-0.021399998351898198,-0.0745219930193125,Packaged Foods,Consumer Defensive,LANC
2009Q3,2009,Q3,2009-05-07,2009-03-31,21213000.0,246027000.0,32487000.0,0.76,52642000.0,0.2139683855836961,484666000.0,376670000.0,206377000.0,72304000.0,107996000.0,90717000.0,978079000.0,1158660840.0,1154396840.0,13.48476712132603,2.854295751272405,0.03094914848576133,0.0398226564366687,0.054158723035256484,13.48476712132603,0.056317200732736876,4.70948651977222,13.655079903832554,3.0760635038627977,0.37585442888794607,2.1317393652788343,0.006881219874488897,0.5076217436337601,1.2671359814118168,0.04376828578856367,41.84250622946084,0.2139683855836961,-0.2549019607843137,0.6914171455342262,0.16807838761585386,-0.17390240968276038,-0.09492288912195038,-0.25442851117671866,-0.10390577591438187,1.1423067710779777,0.03571479253309251,-0.10179796574766214,Packaged Foods,Consumer Defensive,LANC
2009Q2,2009,Q2,2009-02-09,2008-12-31,28452000.0,288242000.0,36254000.0,1.02,58163000.0,0.20178530540309877,507359000.0,366402000.0,225911000.0,77292000.0,140957000.0,95859000.0,964839000.0,958616399.9999999,973276399.9999999,13.110133104336626,2.922825130673291,0.08869459298051281,0.12281592349386738,0.05693181395652086,13.110133104336626,0.07765241456105589,3.325734625765849,8.423102066638549,2.6162968542748124,0.2801560522986082,2.40018151660251,0.008315109151063971,0.5681223748864217,1.3637116389794546,0.056078634655145565,14.695493009565855,0.20178530540309877,1.6153846153846154,0.36447047867776955,0.2650870632554472,-0.18755546318207453,0.46620787012528675,1.5818511796733212,1.0374283466336967,0.1395374548669163,0.11648834893820403,-0.1516438830093002,Packaged Foods,Consumer Defensive,LANC
2009Q1,2009,Q1,2008-11-06,2008-09-30,11020000.0,263837000.0,17794000.0,0.39,39669000.0,0.15035419596190072,538012000.0,352474000.0,254523000.0,87109000.0,185538000.0,125058000.0,944358000.0,1064346919.9999999,1128549920.0,12.471658056754652,2.921890964194285,0.14869556812859192,0.2269670954453378,0.026091279954768325,12.471658056754652,0.03126471739759528,4.034107877212066,24.14580127041742,3.0196466122323913,0.7174228675136116,1.7925122743047226,0.007428029199351656,0.49039240760429137,1.1200909205707792,0.020482814509713537,-117.11563820422533,0.15035419596190072,5.282121212121212,-0.29214155291656346,0.25205067108957774,-0.20325414458247815,0.6291170431211499,5.281274281274281,0.3518194940363139,-0.26060288000503956,0.11731562678131499,-0.2783854921306132,Packaged Foods,Consumer Defensive,LANC
2008Q4,2008,Q4,2008-08-29,2008-06-30,-2574000.0,119457000.0,13163000.0,-0.09107635694572216,24350000.0,0.20383903831504224,520178000.0,359218000.0,233674000.0,88749000.0,160960000.0,120303000.0,941244000.0,855773360.0,891356360.0,12.710282357936451,2.632976146210098,0.10573303753715074,0.15311036752055854,0.020076297000385157,12.710282357936451,-0.00716556519996214,7.163861138317554,-83.11707070707071,2.382323157525514,-3.0982905982905984,0.7905621638695627,0.009319056157578918,0.22964639027409847,0.8881902894680503,-0.004948306156738655,42.137641439755775,0.20383903831504224,-1.3035878564857406,-1.148295563351387,-0.426928220113163,-0.17000752655933593,-0.3279236013358726,-1.2984001854857408,-0.033269682726204466,-1.1521867735085995,-0.4755825503843133,-0.25995129994489724,Packaged Foods,Consumer Defensive,LANC
2008Q3,2008,Q3,2008-05-12,2008-03-31,8626000.0,270276000.0,13616000.0,0.3,36231000.0,0.13405185810060827,566913000.0,383672000.0,263529000.0,88775000.0,183241000.0,130191000.0,951792000.0,1163435400.0,1228683400.0,13.177812124334535,2.968504646578429,0.13670527929329546,0.20199545445067663,0.019523910967870275,13.177812124334535,0.022482745678600473,4.304619722061893,33.71885578483654,3.032369836735545,0.9406445629492233,1.7977049104776828,0.006974173211507919,0.4767504008551577,1.1499070684314279,0.015215738570115697,93.35115140816818,0.13405185810060827,-0.4444444444444445,-0.40878296096380695,0.2881132745961358,-0.12466490943896814,-0.2386685998865284,-0.46080760095011875,-0.419682052593445,-0.3611512901020351,0.16505090709932352,-0.22301121327630313,Packaged Foods,Consumer Defensive,LANC
2008Q2,2008,Q2,2008-02-11,2007-12-31,15998000.0,305612000.0,23463000.0,0.54,47589000.0,0.15571705299530123,562620000.0,409665000.0,254225000.0,87922000.0,152955000.0,128126000.0,951280000.0,1185243500.0,1228379500.0,13.721822140345001,2.8914833602511316,0.08460417333191142,0.11619249874897783,0.0324652173103886,13.721822140345001,0.03905142006273418,3.878262306453935,18.5217449056132,2.8932017624156323,0.5203150393799225,2.0138223311427814,0.007023029445004339,0.5431943407628594,1.1176838561452196,0.02843482279335964,24.018065575099296,0.15571705299530123,0.058823529411764754,-0.6252230264886517,0.20954433127316255,-0.0827088236774125,-0.03217343556161152,0.027488760436737314,-0.06503287507471608,-0.5068077763634441,0.20780256492170823,-0.20498656917014588,Packaged Foods,Consumer Defensive,LANC
2008Q1,2008,Q1,2007-11-07,2007-09-30,15570000.0,285570000.0,25095000.0,0.51,49171000.0,0.17218545365409532,627926000.0,427383000.0,307792000.0,185538000.0,200543000.0,153221000.0,943606000.0,1191846280.0,1264841280.0,14.053104037879784,1.6589162327932823,0.1393476301347611,0.2047343951444021,0.03123049434408798,14.053104037879784,0.036431023227409605,4.1735696326644955,19.1369023763648,2.788707739896065,0.5244059087989724,1.5428629234896,0.006850715681220233,0.4547828884295283,0.6958951805021074,0.02479591544226549,-211.50776929902395,0.17218545365409532,25.974121739130435,-0.0893846516019463,0.2447158372063947,0.005612358805814834,-0.014253638587065475,26.078260869565216,-0.24085670206007806,-0.015090729817847363,0.17940978721907505,-0.15191450780710322,Packaged Foods,Consumer Defensive,LANC
2007Q4,2007,Q4,2007-08-28,2007-06-30,575000.0,210966000.0,33057000.0,0.018907010390635276,49882000.0,0.23644568319065631,598497000.0,444309000.0,278911000.0,141790000.0,154188000.0,149717000.0,937376000.0,1273958680.0,1308140680.0,14.609660660265684,1.967071020523309,0.07101121643049171,0.09565415060239608,0.043367068968989314,14.609660660265684,0.0012941443905030057,6.0386919219210675,553.8950782608696,2.867280833834111,14.565217391304348,1.075923241849623,0.006573996575775912,0.35249299495235564,0.7119895620283518,0.0009607399870007702,114.01097905852873,0.23644568319065631,-0.9560302083938714,-0.9727510696557844,-0.10052332437296156,0.06559529573595821,0.0910323709536308,-0.9574042521668271,0.7045841282937142,-0.9620345685033845,-0.09044118208799382,-0.11973797448180631,Packaged Foods,Consumer Defensive,LANC
2007Q3,2007,Q3,2007-05-10,2007-03-31,13499000.0,286896000.0,19393000.0,0.43,45720000.0,0.1593608833863142,603209000.0,474990000.0,299064000.0,100028000.0,128219000.0,151482000.0,945176000.0,1393354890.0,1385388890.0,15.064222511179475,2.989802855200544,0.0,0.0,0.02575488309537652,15.064222511179475,0.02841954567464578,4.856654989961519,25.804779798503592,2.9334404724309984,0.6306393066153049,1.5921099536578602,0.00610971408727033,0.4756162457788262,1.1725916743311873,0.022378644880961657,157.81570846075434,0.1593608833863142,-0.23214285714285723,-0.4544006240964044,0.2330098638935221,0.13764044546059132,-0.149347870578823,-0.24286275169667396,-0.29186445629153585,-0.046479420219481815,0.20668398137931973,-0.07714254131929395,Packaged Foods,Consumer Defensive,LANC
2007Q2,2007,Q2,2007-02-08,2006-12-31,17829000.0,316497000.0,27386000.0,0.56,53747000.0,0.16981835530826517,607601000.0,482913000.0,310150000.0,95940000.0,124688000.0,151147000.0,940191000.0,,,,,,,,,,,,,,,,,,,,,,,,,,,,,,,Packaged Foods,Consumer Defensive,LANC
2007Q1,2007,Q1,2006-11-09,2006-09-30,13781000.0,289035000.0,21352000.0,0.43,46332000.0,0.16029892573563756,626342000.0,484671000.0,334618000.0,111056000.0,141671000.0,171835000.0,930893000.0,,,,,,,,,,,,,,,,,,,,,,,,,,,,,,,Packaged Foods,Consumer Defensive,LANC
