Quarters,Year,Quarter,FillingDate,Date,NetIncome,Revenue,OperatingIncome,EPSDiluted,GrossProfit,GrossProfitRatio,TotalAssets,CommonStockEquity,CurrentAssets,CurrentLiability,TotalLiability,Inventory,RetainedEarnings,MarketCap,EnterpriseValue,bookValuePerShare,currentRatio,debtToAssets,debtToEquity,roic,shareholdersEquityPerShare,roe,priceToSalesRatio,peRatio,pbRatio,payoutRatio,inventoryTurnover,dividendYield,assetTurnover,quickRatio,returnOnAssets,priceToFreeCashFlowsRatio,grossProfitMargin,epsdilutedGrowth,fiveYNetIncomeGrowthPerShare,fiveYRevenueGrowthPerShare,fiveYShareholdersEquityGrowthPerShare,grossProfitGrowth,netIncomeGrowth,operatingIncomeGrowth,threeYNetIncomeGrowthPerShare,threeYRevenueGrowthPerShare,threeYShareholdersEquityGrowthPerShare,Industry,Sector,Symbol
2023Q1,2023,Q1,2023-05-15,2023-03-31,-3831000.0,13020000.0,-3841000.0,0.0,5000.0,0.0003840246,40982000.0,21852000.0,23456000.0,17931000.0,19130000.0,12745000.0,-81132000.0,0.0,547000.0,0.0,1.3081255925492163,0.03750427016739056,0.07033681127585575,-0.1541363585036774,0.0,-0.17531576057111478,0.0,0.0,0.0,0.0,1.0211847783444488,,0.3177004538577912,0.43901622887736325,-0.0934800644185252,0.0,0.00038402457757296467,-1.0,0.0,0.0,0.0,1.007173601147776,0.5096006144393241,0.5083834634583386,0.0,0.0,0.0,,,BEEMW
2022Q4,2022,Q4,2023-03-31,2022-12-31,-7812000.0,7896000.0,-7813000.0,0.67,-697000.0,-0.0882725431,37730000.0,23207000.0,19935000.0,13172000.0,14523000.0,12246000.0,-77301000.0,0.0,17000.0,0.0,1.513437594898269,0.045003975616220514,0.07316757874779162,-0.29372628109796495,0.0,-0.33662257077605895,0.0,0.0,0.0,0.0,0.7016985138004246,,0.20927643784786643,0.463862739143638,-0.20705009276437847,0.0,-0.08827254305977711,2.0,0.0,0.0,0.0,-1.056047197640118,-0.1537439078422685,-0.14778904069340384,0.0,0.0,0.0,,,BEEMW
2022Q3,2022,Q3,2022-11-10,2022-09-30,-6771000.0,6611000.0,-6807000.0,-0.67,-339000.0,-0.0512781727,42781000.0,29543000.0,24516000.0,11689000.0,13238000.0,12187000.0,-69489000.0,79443000.0,76618000.0,2.9285289452815224,2.0973564890067586,0.043360370257824736,0.0627898317706394,-0.20416059530689465,2.9285289452815224,-0.22919134820431236,12.016790198154592,-2.9332077979618965,2.689063399113157,0.0,0.5702798063510298,0.0,0.15453121712909937,0.922491231071948,-0.15827119515672847,-8.96850304809212,-0.051278172742399035,-1.3928571428571428,0.0,0.0,0.0,-0.03987730061349693,-1.4156261148769176,-1.4172585227272727,0.0,0.0,0.0,,,BEEMW
2022Q2,2022,Q2,2022-08-12,2022-06-30,-2803000.0,3718000.0,-2816000.0,-0.28,-326000.0,-0.0876815492,45722000.0,35975000.0,27223000.0,7854000.0,9747000.0,7357000.0,-62700000.0,90673992.5,78923992.5,3.5707196029776673,3.466131907308378,0.043830103670005685,0.055705350938151495,-0.07045506831481181,3.5707196029776673,-0.07791521890201529,24.387840909090908,-8.087227301105958,2.5204723419041004,0.0,0.5496805763218703,0.0,0.08131752766720617,2.12235803412274,-0.06130527973404488,-16.04849424778761,-0.08768154922001076,0.0,0.0,0.0,0.0,-0.06885245901639345,-0.2326297273526825,-0.23508771929824562,0.0,0.0,0.0,,,BEEMW
2022Q1,2022,Q1,2022-05-25,2022-03-31,-2274000.0,3770000.0,-2280000.0,0.0,-305000.0,-0.0809018568,46510000.0,38348000.0,27968000.0,6128000.0,8162000.0,4403000.0,-59897000.0,0.0,-17028000.0,0.0,4.563968668407311,0.04618361642657493,0.05601335141337228,-0.05337202157741998,0.0,-0.05929905079795556,0.0,0.0,0.0,0.0,0.9255053372700431,,0.08105783702429585,3.5651109660574414,-0.04889271124489357,0.0,-0.08090185676392574,0.0,0.0,0.0,0.0,0.10458452722063037,-0.12839094131325055,-0.13187146507357414,0.0,0.0,0.0,,,BEEMW
2021Q4,2021,Q4,2022-03-31,2021-12-31,-2015259.0,3487649.0,-2014363.0,0.0,-340624.0,-0.0976657915,30657987.0,25977806.0,27566820.0,2955010.0,4680181.0,1610860.0,-57618645.0,0.0,-19873400.0,0.0,9.328841526763023,0.06768585295570775,0.07988018695651203,-0.06687496329450328,0.0,-0.07757618176069218,0.0,0.0,0.0,0.0,2.3765398606955292,,0.1137598825389286,8.731865543602222,-0.0657335721357048,0.0,-0.09766579148303055,0.0,0.0,0.0,0.0,-0.6374343221662989,-0.193427693794559,-0.19240420308891873,0.0,0.0,0.0,,,BEEMW
2021Q3,2021,Q3,2021-11-12,2021-09-30,-1688631.0,2020612.0,-1689329.0,0.0,-208023.0,-0.10295049222710743,31091612.0,27455902.0,27912646.0,1787558.0,3635710.0,2126640.0,-55603834.0,0.0,-20895010.0,0.0,15.614959626484847,0.07022607898233131,0.07952541497270788,-0.05308551551708892,0.0,-0.06150338823324763,0.0,0.0,0.0,0.0,1.0479606327352067,,0.06498897516153232,14.295634603184904,-0.05431146509868964,0.0,-0.10295049222710743,0.0,0.0,0.0,0.0,0.24045100537832675,-0.028531698367876973,-0.028268529728459717,0.0,0.0,0.0,,,BEEMW
2021Q2,2021,Q2,2021-08-12,2021-06-30,-1641788.0,2121098.0,-1642887.0,0.0,-273877.0,-0.1291203895340998,33340200.0,29317517.0,30349931.0,2172494.0,4022683.0,1936660.0,-53915203.0,0.0,-23022604.0,0.0,13.970087374234405,0.06856593541730403,0.07797392937471478,-0.04850210090894648,0.0,-0.05600024040235058,0.0,0.0,0.0,0.0,1.2366522776326252,,0.06361983431413129,12.942115375232337,-0.04924349583985699,0.0,-0.1291203895340998,0.0,0.0,0.0,0.0,-0.8366215128755364,-0.3125808976430454,-0.3124249577606557,0.0,0.0,0.0,,,BEEMW
2021Q1,2021,Q1,2021-03-31,2021-03-31,-1250809.0,1372392.0,-1251795.0,0.0,-149120.0,-0.10865700178957616,34464347.0,30515454.0,31492321.0,1984843.0,3948893.0,1553443.0,-52273415.0,0.0,-25829523.0,0.0,15.86640404304018,0.06918761582803237,0.07814093147688381,-0.03547722672067646,0.0,-0.040989362308029235,0.0,0.0,0.0,0.0,0.9794450134314552,,0.03982062970756417,15.012643821198957,-0.036292839089624995,0.0,-0.10865700178957616,0.0,0.0,0.0,0.0,0.722792817746316,0.4646710241367091,0.46439917524502833,0.0,0.0,0.0,,,BEEMW
2020Q4,2020,Q4,2020-12-31,2020-12-31,-2336524.0,2200706.0,-2337179.0,0.0,-537937.0,-0.24443837568489385,32902759.0,29152291.0,29903431.0,1840111.0,3750468.0,1092763.0,-51022606.0,0.0,-24271441.0,0.0,16.250884321652336,0.07389541405934985,0.0834021243819225,-0.06870947597231217,0.0,-0.0801488980745973,0.0,0.0,0.0,0.0,2.5061637335817557,,0.06688515087746896,15.488114032251316,-0.07101301140126273,0.0,-0.24443837568489385,0.0,0.0,0.0,0.0,-1.8502691647415384,-1.124068314935233,-1.1330561880815373,0.0,0.0,0.0,,,BEEMW
2020Q3,2020,Q3,2020-09-30,2020-09-30,-1100023.0,1237434.0,-1095695.0,0.0,-188732.0,-0.15251884140891556,18841378.0,14892444.0,15822538.0,1908326.0,3948934.0,1918712.0,-48686082.0,0.0,-9430329.0,0.0,8.291318150043546,0.15401713186795574,0.1948568683555231,-0.0540315353995028,0.0,-0.0738645047112482,0.0,0.0,0.0,0.0,0.7432934176676854,,0.06567640647090675,7.148871314439986,-0.05838336240587074,0.0,-0.15251884140891556,0.0,0.0,0.0,0.0,-4.410654908197196,-0.31904043014208167,-0.3151722623058651,0.0,0.0,0.0,,,BEEMW
2020Q2,2020,Q2,2020-06-30,2020-06-30,-833957.0,1455158.0,-833119.0,0.0,55336.0,0.03802748567509508,5952478.0,4587141.0,5354373.0,1365337.0,1365337.0,2278271.0,-47586059.0,0.0,-1522020.0,0.0,3.9216493803361367,0.07230165319384632,0.0938218380468357,-0.16335957987674343,0.0,-0.1818032190421005,0.0,0.0,0.0,0.0,0.6144229549513645,,0.24446255828244975,2.0374984344524467,-0.14010249176897419,0.0,0.03802748567509508,0.0,0.0,0.0,0.0,2.39592845790974,0.11518470145492779,0.11524774303582788,0.0,0.0,0.0,,,BEEMW
2020Q1,2020,Q1,2020-03-31,2020-03-31,-942521.0,1317052.0,-941641.0,0.0,-39641.0,-0.030098280098280097,7014154.0,5269506.0,6320263.0,1744648.0,1744648.0,2525731.0,-46752102.0,0.0,-2207499.0,0.0,3.6226579802917263,0.03204962423123302,0.04266073518086895,-0.1648377637096825,0.0,-0.17886325587256185,0.0,0.0,0.0,0.0,0.537148651222161,,0.18777061353372054,1.9550711662180567,-0.13437415260628724,0.0,-0.030098280098280097,0.0,0.0,0.0,0.0,0.9211993145865056,0.32195367949734327,0.32459103171113607,0.0,0.0,0.0,,,BEEMW
2019Q4,2019,Q4,2019-12-31,2019-12-31,-1390054.0,495876.0,-1394179.0,0.0,-503054.0,-1.014475393041809,7286999.0,5824162.0,6605556.0,1462837.0,1462837.0,1843880.0,-45809581.0,0.0,-3276575.0,0.0,4.515578974280798,0.07861686271673703,0.0983628202649583,-0.2066612878385071,0.0,-0.23867021556062487,0.0,0.0,0.0,0.0,0.5417543441004837,,0.06804941238498867,3.155254481531435,-0.190758088480594,0.0,-1.014475393041809,0.0,0.0,0.0,0.0,-2.475937178181946,-1.2774217965374703,-1.239101840356797,0.0,0.0,0.0,,,BEEMW
2019Q3,2019,Q3,2019-09-30,2019-09-30,-610363.0,1785724.0,-622651.0,0.0,340837.0,0.19086768167981166,9021304.0,7038962.0,8263003.0,1981402.0,1982342.0,1695919.0,-44419527.0,0.0,-4587252.0,0.0,4.17028094248416,0.07814579799106648,0.10015354536649011,-0.07599365384179901,0.0,-0.08671207487694918,0.0,0.0,0.0,0.0,0.8519787796469053,,0.19794521944942772,3.210886029185395,-0.06765795720884697,0.0,0.19086768167981166,0.0,0.0,0.0,0.0,4.5380128361361605,0.37963296113120176,0.08294499888065417,0.0,0.0,0.0,,,BEEMW
2019Q2,2019,Q2,2019-06-30,2019-06-30,-983874.0,1640350.0,-678968.0,0.0,61545.0,0.03751943182857317,10092139.0,7486065.0,9218303.0,2314002.0,2606074.0,1503254.0,-43809164.0,0.0,-5177859.0,0.0,3.983705718491168,0.07326088156336333,0.09876470482155845,-0.07766937621709322,0.0,-0.1314273920945116,0.0,0.0,0.0,0.0,1.050258306314169,,0.16253739668072348,3.147296329043795,-0.0974891447690128,0.0,0.03751943182857317,0.0,0.0,0.0,0.0,2.158995894693232,-0.03605926933724784,-0.17923681198536218,0.0,0.0,0.0,,,BEEMW
2019Q1,2019,Q1,2019-03-31,2019-03-31,-949631.0,1189595.0,-575769.0,0.0,-53102.0,-0.04463872158171479,4098602.0,-3392792.0,2864404.0,7079618.0,7491394.0,1270070.0,-42825290.0,0.0,4010547.0,0.0,0.40459866619922147,1.0092070418157215,-1.2191546077684692,-0.45433268759592355,0.0,0.27989661612029265,0.0,0.0,0.0,0.0,0.9784476446180131,,0.2902440881061396,0.18580282156466635,-0.23169631986711567,0.0,-0.04463872158171479,0.0,0.0,0.0,0.0,0.8164364430801565,0.21280378929428206,0.3775079950959087,0.0,0.0,0.0,,,BEEMW
2018Q4,2018,Q4,2018-12-31,2018-12-31,-1206346.0,1503717.0,-924942.0,0.0,-289284.0,-0.19237928413391617,3487192.0,-2480679.0,2921763.0,5681343.0,5967871.0,1130966.0,-41875659.0,0.0,2905444.0,0.0,0.5142732977044336,0.9031530239803257,-1.2695991702271838,-1.3830101870694644,0.0,0.4862966953805793,0.0,0.0,0.0,0.0,1.5853712666870623,,0.4312114159472722,0.2701343678774543,-0.3459362145818183,0.0,-0.19237928413391617,0.0,0.0,0.0,0.0,-7.552298980747452,-0.9888452179188731,-0.9459435577865766,0.0,0.0,0.0,,,BEEMW
2018Q3,2018,Q3,2018-09-30,2018-09-30,-606556.0,938218.0,-475318.0,0.0,44150.0,0.047057293720649145,2619635.0,-1885518.0,2145787.0,4393222.0,4505153.0,756467.0,-40669313.0,0.0,2752554.0,0.0,0.48843126980607854,1.1480584127178022,-1.5950492119406974,-0.4236436430012763,0.0,0.32169197005809547,0.0,0.0,0.0,0.0,1.181899540892068,,0.3581483679978318,0.23869315049410206,-0.2315421804946109,0.0,0.047057293720649145,0.0,0.0,0.0,0.0,1.3566776983025515,0.2166102049540794,0.14267058910531244,0.0,0.0,0.0,,,BEEMW
2018Q2,2018,Q2,2018-06-30,2018-06-30,-774271.0,844495.0,-554417.0,0.0,18734.0,0.02218367189859028,2233720.0,-1436325.0,1787427.0,3552849.0,3670045.0,891990.0,-40062757.0,0.0,1967056.0,0.0,0.5030968104751989,0.9382245760435507,-1.459092475588742,-0.8407824617913698,0.0,0.5390639305171183,0.0,0.0,0.0,0.0,0.9257514097691678,,0.3780666332396182,0.23024733108555978,-0.34662849417115843,0.0,0.02218367189859028,0.0,0.0,0.0,0.0,-0.4538192419825073,0.23461284866553908,0.035576800975526596,0.0,0.0,0.0,,,BEEMW
2018Q1,2018,Q1,2018-03-31,2018-03-31,-1011607.0,2875972.0,-574869.0,0.0,34300.0,0.01192640262144416,2283530.0,-725482.0,1868708.0,2991753.0,3009012.0,538425.0,-39288486.0,0.0,1634695.0,0.0,0.6246197463493811,0.8271929862975306,-2.6036759009872057,-0.49411227757731824,0.0,1.3943929690881374,0.0,0.0,0.0,0.0,5.277748990110044,,1.2594413035957488,0.37703446775184984,-0.44300140571833957,0.0,0.01192640262144416,0.0,0.0,0.0,0.0,1.076822633784489,0.1915719804431459,0.4075390572262181,0.0,0.0,0.0,,,BEEMW
2017Q4,2017,Q4,2017-12-31,2017-12-31,-1251326.0,308099.0,-970307.0,0.0,-446483.0,-1.4491543302639736,3242574.0,-349262.0,2784595.0,3571216.0,3591836.0,2319500.0,-38276879.0,0.0,2172187.0,0.0,0.7797330097087378,0.79432635924423,-7.374584123093838,-0.4358188106360043,0.0,3.5827716728415915,0.0,0.0,0.0,0.0,0.3253209743479198,,0.095016798383013,0.11464470365276141,-0.3859051481939965,0.0,-1.4491543302639736,0.0,0.0,0.0,0.0,-46.967662226042115,-1.210046291144986,-0.9450955000320739,0.0,0.0,0.0,,,BEEMW
2017Q3,2017,Q3,2017-09-30,2017-09-30,-566199.0,225524.0,-498848.0,0.0,-9308.0,-0.04127276919529629,2135708.0,-1437735.0,1673268.0,3551234.0,3573443.0,1218631.0,-37025553.0,0.0,2110291.0,0.0,0.47117931400746893,1.0496748619193261,-1.559257443131036,-0.6204083257054165,0.0,0.39381318532274723,0.0,0.0,0.0,0.0,0.19270148223703484,,0.10559683252579473,0.07584940896601013,-0.2651106799244091,0.0,-0.04127276919529629,0.0,0.0,0.0,0.0,0.2897909354494125,0.06309942217191875,0.10664436477208013,0.0,0.0,0.0,,,BEEMW
2017Q2,2017,Q2,2017-06-30,2017-06-30,-604332.0,507730.0,-558398.0,0.0,-13106.0,-0.025812932070194788,1960804.0,-1463364.0,1478518.0,2241564.0,3424168.0,693895.0,-36459354.0,0.0,1575300.0,0.0,0.6595921419151985,0.9420656016613593,-1.262301108951703,-1.4566883600854685,0.0,0.41297448891731653,0.0,0.0,0.0,0.0,0.7505977129104547,,0.2589397002454095,0.313272786322407,-0.3082062256094949,0.0,-0.025812932070194788,0.0,0.0,0.0,0.0,-2.4006227296315514,0.024599199771455502,0.1700916855789538,0.0,0.0,0.0,,,BEEMW
2017Q1,2017,Q1,2017-03-31,2017-03-31,-619573.0,370689.0,-672843.0,0.0,-3854.0,-0.010396855585140105,1478658.0,-1202882.0,976244.0,1820945.0,2681540.0,352682.0,-35855022.0,0.0,1303720.0,0.0,0.5361194324924695,0.912237988770899,-1.1213801520016096,-4.608324315439091,0.0,0.515073797762374,0.0,0.0,0.0,0.0,1.0619850176646384,,0.25069285798338764,0.28170482908599653,-0.4190103458676719,0.0,-0.010396855585140105,0.0,0.0,0.0,0.0,0.9416846979073673,0.07829068729544779,0.3740413061680156,0.0,0.0,0.0,,,BEEMW
2016Q4,2016,Q4,2016-12-31,2016-12-31,-672200.0,1574047.0,-1074900.0,0.0,-66089.0,-0.0419866751119884,2057590.0,-1385104.0,1535601.0,3413016.0,3442694.0,271802.0,-35235449.0,0.0,1898096.0,0.0,0.44992493442749754,0.9266491380692946,-1.3765493421432615,-2.0658498134264986,0.0,0.48530651849969386,0.0,0.0,0.0,0.0,6.034304383337871,,0.7649954558488329,0.3426974851568232,-0.3266928785618126,0.0,-0.0419866751119884,0.0,0.0,0.0,0.0,-17.71149490373726,-0.10275541206501697,-0.7389883485030366,0.0,0.0,0.0,,,BEEMW
2016Q3,2016,Q3,2016-09-30,2016-09-30,-609564.0,522412.0,-618118.0,0.0,-3532.0,-0.0067609472983009575,1869854.0,-1598394.0,1308075.0,3436178.0,3468248.0,789385.0,-34563249.0,0.0,1781222.0,0.0,0.3806773106631845,0.995755283567594,-1.1648673606132156,-2.3455941227141466,0.0,0.38136029039148045,0.0,0.0,0.0,0.0,0.6662705777282315,,0.27938651894746863,0.1255764398701115,-0.3259955055314479,0.0,-0.0067609472983009575,0.0,0.0,0.0,0.0,0.8796141654453117,0.007967971877746314,-0.09211986289268172,0.0,0.0,0.0,,,BEEMW
2016Q2,2016,Q2,2016-06-30,2016-06-30,-614460.0,338895.0,-565980.0,0.0,-29339.0,-0.086572537216542,1871377.0,-1427134.0,1420231.0,3264092.0,3298511.0,713503.0,-33953685.0,0.0,1526467.0,0.0,0.43510752760645227,0.9977305481471666,-1.3083074189249222,-1.286329875726143,0.0,0.43055522466706,0.0,0.0,0.0,0.0,0.5160931348571764,,0.18109392174853062,0.19055283980966223,-0.3283464529060686,0.0,-0.086572537216542,0.0,0.0,0.0,0.0,0.3588645353029873,0.16659885093016064,-0.06910718839429915,0.0,0.0,0.0,,,BEEMW
2016Q1,2016,Q1,2016-03-31,2016-03-31,-737292.0,345919.0,-529395.0,0.0,-45761.0,-0.13228819463516026,1587761.0,-1722945.0,1133968.0,3273991.0,3310706.0,623310.0,-33339225.0,0.0,1638680.0,0.0,0.3463564805156764,1.1792039230085636,-1.0866823955494807,-3.544683928248599,0.0,0.42792544161305207,0.0,0.0,0.0,0.0,0.628387158877605,,0.2178659130687805,0.13549853985548524,-0.4643595604124298,0.0,-0.13228819463516026,0.0,0.0,0.0,0.0,-2.08734703576096,-1.9882059221671922,-0.47765080889166767,0.0,0.0,0.0,,,BEEMW
2015Q4,2015,Q4,2015-12-31,2015-12-31,-246734.0,1277080.0,-358268.0,0.0,42085.0,0.03295408275127635,1906147.0,-1408603.0,1360088.0,3275772.0,3314750.0,422175.0,-32601933.0,0.0,1644973.0,0.0,0.4151961736042679,0.8800076804149942,-1.190842274224888,-1.3327381417374387,0.0,0.17516219971134522,0.0,0.0,0.0,0.0,2.9253153313199505,,0.6699798074335295,0.27050905862801194,-0.1294412235782445,0.0,0.03295408275127635,0.0,0.0,0.0,0.0,1.896417312771577,0.5345985026963914,0.22051768514630468,0.0,0.0,0.0,,,BEEMW
2015Q3,2015,Q3,2015-09-30,2015-09-30,-530153.0,665254.0,-459623.0,0.0,-46948.0,-0.07057154109558154,1808086.0,-1387023.0,1373926.0,3195109.0,3195109.0,781510.0,-32355199.0,0.0,716309.0,0.0,0.43000911705985617,0.46051404634514065,-0.6003137655251571,0.8315944466228858,0.0,0.3822236545464639,0.0,0.0,0.0,0.0,0.9113152742767207,,0.3679327200144241,0.16497559238198134,-0.29321226977035386,0.0,-0.07057154109558154,0.0,0.0,0.0,0.0,0.3013066642855017,0.12142103108774803,-0.15265088914691552,0.0,0.0,0.0,,,BEEMW
2015Q2,2015,Q2,2015-06-30,2015-06-30,-603421.0,599222.0,-398753.0,0.0,-67194.0,-0.11213540223823558,1809643.0,-1577208.0,1360309.0,3386851.0,3386851.0,733047.0,-31825046.0,0.0,1013507.0,0.0,0.4016441821621323,0.6034195694951988,-0.6923462219314129,0.8217746489322677,0.0,0.38258809237589464,0.0,0.0,0.0,0.0,0.9091040547195474,,0.33112718917488143,0.15212656240265662,-0.3334475363372776,0.0,-0.11213540223823558,0.0,0.0,0.0,0.0,-9.885144986230358,-0.313998584571833,0.21715972962520147,0.0,0.0,0.0,,,BEEMW
2015Q1,2015,Q1,2015-03-31,2015-03-31,-459225.0,100651.0,-509367.0,0.0,-6173.0,-0.061330736902763014,2251659.0,-987127.0,1935713.0,3238786.0,3238786.0,739248.0,-31221625.0,0.0,170405.0,0.0,0.5976662243198532,0.4303222646057862,-0.9815748125621121,28.00566307455465,0.0,0.4652136959074162,0.0,0.0,0.0,0.0,0.14450360366209986,,0.04470081837436308,0.320939697775648,-0.20394962114600834,0.0,-0.061330736902763014,0.0,0.0,0.0,0.0,0.5524541434060756,0.3178394871002626,0.2374345961240484,0.0,0.0,0.0,,,BEEMW
2014Q4,2014,Q4,2014-12-31,2014-12-31,-673192.0,171430.0,-667965.0,0.0,-13793.0,-0.08045849617919851,2374468.0,-582799.0,2084118.0,2957267.0,2957267.0,347903.0,-30762400.0,0.0,-534650.0,0.0,0.70474461724288,0.35624990524193206,-1.4514506716723947,-2.5387772942361413,0.0,1.1551015015468455,0.0,0.0,0.0,0.0,0.5323983984041529,,0.07219722480993637,0.5415260103331894,-0.2835127700183789,0.0,-0.08045849617919851,0.0,0.0,0.0,0.0,0.7237034514532962,-0.21107321215261288,-0.096689400631122,0.0,0.0,0.0,,,BEEMW
2014Q3,2014,Q3,2014-09-30,2014-09-30,-555864.0,237604.0,-609074.0,0.0,-49921.0,-0.21010168178986885,1358077.0,-1032942.0,1261167.0,2391019.0,2391019.0,220022.0,-30089208.0,0.0,117583.0,0.0,0.5274600494600837,0.5322739432300231,-0.6998156721287352,1.9642922795599747,0.0,0.5381367008021748,0.0,0.0,0.0,0.0,1.3068011380680113,,0.17495620645957483,0.4181016545665258,-0.4093022707843517,0.0,-0.21010168178986885,0.0,0.0,0.0,0.0,-1.534318204893898,0.3823843131677659,-0.10226271203311092,0.0,0.0,0.0,,,BEEMW
2014Q2,2014,Q2,2014-06-30,2014-06-30,-900016.0,421745.0,-552567.0,0.0,-19698.0,-0.04670594790691057,840065.0,-1555956.0,755940.0,2396021.0,2396021.0,53299.0,-29533344.0,0.0,421148.0,0.0,0.315498069507738,0.7497455554034509,-0.40478972413101655,0.5977092337851593,0.0,0.5784328091539863,0.0,0.0,0.0,0.0,8.282388037299011,,0.5020385327325861,0.26729148033343614,-1.071364715825561,0.0,-0.04670594790691057,0.0,0.0,0.0,0.0,-0.17909733030049085,0.11522861103192002,0.1718257043124289,0.0,0.0,0.0,,,BEEMW
2014Q1,2014,Q1,2014-03-31,2014-03-31,-1017230.0,202659.0,-667211.0,0.0,-16706.0,-0.08243403944557114,1080764.0,-1028131.0,984708.0,2108895.0,2108895.0,99578.0,-28633328.0,0.0,-320715.0,0.0,0.4669307860277539,0.46892753644643975,-0.49293329351998916,1.279822224268267,0.0,0.9893972655235568,0.0,0.0,0.0,0.0,2.2029464339512743,,0.18751457302426802,0.41736027635325607,-0.9412138080098893,0.0,-0.08243403944557114,0.0,0.0,0.0,0.0,0.8685539836656333,-0.4223710612236337,0.12190477193194874,0.0,0.0,0.0,,,BEEMW
2013Q4,2013,Q4,2013-12-31,2013-12-31,-715165.0,43204.0,-759839.0,0.0,-127094.0,-2.9417183594111656,727556.0,-2505874.0,629284.0,3233430.0,3233430.0,19472.0,-27616098.0,0.0,1297877.0,0.0,0.19461809904652336,2.3228108901582836,-0.6744054170321413,0.9312905151250339,0.0,0.2853954348861914,0.0,0.0,0.0,0.0,8.745788824979458,,0.05938237056666428,0.17676492146111095,-0.9829690085711615,0.0,-2.9417183594111656,0.0,0.0,0.0,0.0,-1.326280338250906,-1.2073947639712828,-0.2788177853924699,0.0,0.0,0.0,,,BEEMW
2013Q3,2013,Q3,2013-09-30,2013-09-30,-323986.0,80000.0,-594173.0,0.0,-54634.0,-0.682925,1138348.0,-1964668.0,1029747.0,3103016.0,3103016.0,52525.0,-26900933.0,0.0,575429.0,0.0,0.33185359018451727,1.2872522286682104,-0.7458466265038164,1.189947669563232,0.0,0.16490623352138886,0.0,0.0,0.0,0.0,2.5632365540218944,,0.07027727900431151,0.28764498797299143,-0.2846106814436359,0.0,-0.682925,0.0,0.0,0.0,0.0,-1.4182896600566572,0.5430329256183427,-0.12630677046902516,0.0,0.0,0.0,,,BEEMW
2013Q2,2013,Q2,2013-06-30,2013-06-30,-708992.0,2282.0,-527541.0,0.0,-22592.0,-9.900087642418931,1579120.0,-1814801.0,1500341.0,3393921.0,3393921.0,68349.0,-26576947.0,0.0,33590.0,0.0,0.4420671547746692,0.8709211459547089,-0.7578180748192226,1.2030028934964438,0.0,0.39067203511569587,0.0,0.0,0.0,0.0,0.3639263193316654,,0.0014451086681189524,0.3953241693015247,-0.44897917827650846,0.0,-9.900087642418931,0.0,0.0,0.0,0.0,0.43826147496146006,0.3220363618282084,0.04624148915782889,0.0,0.0,0.0,,,BEEMW
2013Q1,2013,Q1,2013-03-31,2013-03-31,-1045767.0,155528.0,-553118.0,0.0,-40218.0,-0.25859009310220665,1992636.0,-1275074.0,1900404.0,3267710.0,3267710.0,59454.0,-25867955.0,0.0,-384908.0,0.0,0.5815705800086299,0.6329660811106494,-0.9891747459363143,40.0723031225096,0.0,0.820161810216505,0.0,0.0,0.0,0.0,3.2923941198237294,,0.07805138520030754,0.5272371171248367,-0.5248158720408544,0.0,-0.25859009310220665,0.0,0.0,0.0,0.0,-0.11887606064821254,-0.5802861468996219,0.04578561841637655,0.0,0.0,0.0,,,BEEMW
2012Q4,2012,Q4,2012-12-31,2012-12-31,-661758.0,104008.0,-579658.0,0.0,-35945.0,-0.3455984155064995,812101.0,-2048096.0,706418.0,2860197.0,2860197.0,56325.0,-24822188.0,0.0,889857.0,0.0,0.24698228828293994,1.412697435417516,-0.5601558715997688,0.6435132740710922,0.0,0.3231088777088574,0.0,0.0,0.0,0.0,2.48474034620506,,0.12807273972079827,0.2051998516186123,-0.8148715492284827,0.0,-0.3455984155064995,0.0,0.0,0.0,0.0,-2.645682629795806,-0.10181716466368967,0.07531828616003561,0.0,0.0,0.0,,,BEEMW
2012Q3,2012,Q3,2012-09-30,2012-09-30,-600606.0,197319.0,-626873.0,0.0,21842.0,0.11069385107364217,1110139.0,-1616308.0,996962.0,2726447.0,2726447.0,9244.0,-24160430.0,0.0,650815.0,0.0,0.3656634440354058,1.1862028088374519,-0.8147271435889695,2.0962380871499913,0.0,0.3715913056174937,0.0,0.0,0.0,0.0,18.98279965382951,,0.1777426070068703,0.2998158409094327,-0.5410187372932579,0.0,0.11069385107364217,0.0,0.0,0.0,0.0,-0.40548191295353714,-1.5513731653958072,-0.1135441146951877,0.0,0.0,0.0,,,BEEMW
2012Q2,2012,Q2,2012-06-30,2012-06-30,-235405.0,111793.0,-562953.0,0.0,36739.0,0.3286341720859088,1368081.0,-1223622.0,1246344.0,2591703.0,2591703.0,0.0,-23559824.0,0.0,228684.0,0.0,0.48089769545352995,0.9338182461418586,-1.044063444429734,-10.442612165683277,0.0,0.19238375903669597,0.0,0.0,0.0,0.0,0.0,,0.08171519084030843,0.4341809227369031,-0.1720694900375051,0.0,0.3286341720859088,0.0,0.0,0.0,0.0,-0.7483130210795295,0.7607573079772633,-0.30705917316381165,0.0,0.0,0.0,,,BEEMW
2012Q1,2012,Q1,2012-03-31,2012-03-31,-983959.0,308715.0,-430702.0,0.0,145971.0,0.47283416743598466,988204.0,-2198131.0,859815.0,3186335.0,3186335.0,0.0,-23324419.0,0.0,627566.0,0.0,0.2698445078750351,1.1512390154259646,-0.5175574158228058,0.4064871567001996,0.0,0.4476343766590799,0.0,0.0,0.0,0.0,0.0,,0.3124000712403512,0.21888062617395848,-0.9957043282561091,0.0,0.47283416743598466,0.0,0.0,0.0,0.0,-0.5763184628334252,-1.2914901594561676,0.3551390255113423,0.0,0.0,0.0,,,BEEMW
2011Q4,2011,Q4,2011-12-31,2011-12-31,-429397.0,1235444.0,-667899.0,0.0,344530.0,0.27887140169849867,2175964.0,-2482203.0,2000191.0,4658167.0,4658167.0,0.0,-22340460.0,0.0,1480613.0,0.0,0.4293944377691912,0.8958737368816764,-0.7853463234070702,1.2604913017230122,0.0,0.17299028322824522,0.0,0.0,0.0,0.0,0.0,,0.5677685844067273,0.410837567652684,-0.19733644490441937,0.0,0.27887140169849867,0.0,0.0,0.0,0.0,1.840524028988136,0.633482393972476,0.5171516604397766,0.0,0.0,0.0,,,BEEMW
2011Q3,2011,Q3,2011-09-30,2011-09-30,-1171559.0,499314.0,-1383248.0,0.0,121291.0,0.24291527976383598,1976242.0,-2657590.0,1789489.0,3666731.0,4633832.0,0.0,-21911063.0,0.0,1400899.0,0.0,0.48803389176898987,1.1367054237284706,-0.8452789933736957,3.3905447673018774,0.0,0.44083511753129717,0.0,0.0,0.0,0.0,0.0,,0.2526583282816578,0.32158426674877433,-0.5928216281204427,0.0,0.24291527976383598,0.0,0.0,0.0,0.0,0.22913457640859344,-4.07133044960021,-1.9467235028833516,0.0,0.0,0.0,,,BEEMW
2011Q2,2011,Q2,2011-06-30,2011-06-30,381450.0,299896.0,-469419.0,0.0,98680.0,0.32904740309974123,891742.0,-2896375.0,726742.0,3788117.0,3788117.0,0.0,-20739504.0,0.0,892864.0,0.0,0.1918478230741025,1.413209201764636,-0.43510180829485134,0.2868770737425213,0.0,-0.13169910664192308,0.0,0.0,0.0,0.0,0.0,,0.3363035496814101,0.12176075870940628,0.42775825294760145,0.0,0.32904740309974123,0.0,0.0,0.0,0.0,24.778313253012048,1.2872392576132146,0.043253621283178535,0.0,0.0,0.0,,,BEEMW
2011Q1,2011,Q1,2011-03-31,2011-03-31,-1327987.0,268488.0,-490641.0,0.0,-4150.0,-0.015456929173743333,933668.0,-3856831.0,752172.0,4790499.0,4790499.0,0.0,-21120954.0,0.0,598876.0,0.0,0.1570132881772859,1.2285116336856357,-0.2974001194244705,0.181279511804745,0.0,0.34432076489739893,0.0,0.0,0.0,0.0,0.0,,0.2875626025525133,0.13923330325295966,-1.4223332062360496,0.0,-0.015456929173743333,0.0,0.0,0.0,0.0,-1.7770080509267927,-0.8359961067653248,-0.6023232725681404,0.0,0.0,0.0,,,BEEMW
2010Q4,2010,Q4,2010-12-31,2010-12-31,-723306.0,178365.0,-306206.0,0.0,5341.0,0.02994421551313318,345316.0,-3557790.0,147563.0,3903106.0,3903106.0,0.0,-19792967.0,0.0,978779.0,0.0,0.03780655713680336,3.0199961774143103,-0.2931181997813249,0.12049914566429037,0.0,0.20330204986803604,0.0,0.0,0.0,0.0,0.0,,0.5165268913111469,0.02819267526938802,-2.094620579411322,0.0,0.02994421551313318,0.0,0.0,0.0,0.0,0.0,0.006002688016886683,0.284998096946007,0.0,0.0,0.0,,,BEEMW
2010Q3,2010,Q3,2010-09-30,2010-09-30,-727674.0,0.0,-428259.0,0.0,0.0,0.0,400648.0,-3402617.0,201839.0,3803265.0,3803265.0,0.0,-19069661.0,0.0,831040.0,0.0,0.05306992807495665,2.2453899682514327,-0.264387969612801,0.17170287659892208,0.0,0.2138571575936992,0.0,0.0,0.0,0.0,0.0,,0.0,0.03788087340745386,-1.8162426868473074,0.0,0.0,0.0,0.0,0.0,0.0,-1.0,-0.621254183060998,-0.0030236458001536414,0.0,0.0,0.0,,,BEEMW
2010Q2,2010,Q2,2010-06-30,2010-06-30,-448834.0,6456.0,-426968.0,0.0,6456.0,1.0,374953.0,-2996227.0,160802.0,3371180.0,3371180.0,0.0,-18341987.0,0.0,1249222.0,0.0,0.047699025267117154,3.5575312105783925,-0.4451955743006121,0.2605119519871503,0.0,0.14979973146226905,0.0,0.0,0.0,0.0,0.0,,0.017218158009137147,0.025120284292146963,-1.1970406957672028,0.0,1.0,0.0,0.0,0.0,0.0,-0.9427268614213603,0.026468591457952398,-0.005070454363556757,0.0,0.0,0.0,,,BEEMW
2010Q1,2010,Q1,2010-03-31,2010-03-31,-461037.0,162626.0,-424814.0,0.0,112723.0,0.693142547932065,315653.0,-2922996.0,86006.0,3238649.0,3238649.0,0.0,-17893153.0,0.0,1161508.0,0.0,0.02655613498097509,3.686567211463221,-0.39811070559111267,0.241464884159789,0.0,0.1577275507732477,0.0,0.0,0.0,0.0,0.0,,0.5152049877555417,0.0006694149319670023,-1.4605817147310496,0.0,0.693142547932065,0.0,0.0,0.0,0.0,0.0,-215.34772407320506,-198.34960112623182,0.0,0.0,0.0,,,BEEMW
2009Q4,2009,Q4,2009-12-31,2009-12-31,-2131.0,0.0,-2131.0,0.0,0.0,0.0,1034.0,-20211.0,1034.0,21245.0,21245.0,0.0,-56211.0,0.0,20111.0,0.0,0.04867027535890798,20.44970986460348,-1.046212458562169,,0.0,0.10543763297214388,0.0,0.0,0.0,0.0,0.0,,0.0,0.04867027535890798,-2.0609284332688587,0.0,0.0,0.0,0.0,0.0,0.0,0.0,-0.08008109477952356,-0.08008109477952356,0.0,0.0,0.0,,,BEEMW
2009Q3,2009,Q3,2009-09-30,2009-09-30,-1973.0,0.0,-1973.0,0.0,0.0,0.0,165.0,-18080.0,165.0,18245.0,18245.0,0.0,-54080.0,0.0,17980.0,0.0,0.009043573581803233,109.96969696969697,-1.0035951327433628,,0.0,0.10912610619469026,0.0,0.0,0.0,0.0,0.0,,0.0,0.009043573581803233,-11.957575757575757,0.0,0.0,0.0,0.0,0.0,0.0,0.0,0.3010981225646475,0.3010981225646475,0.0,0.0,0.0,,,BEEMW
2009Q2,2009,Q2,2009-06-30,2009-06-30,-2823.0,0.0,-2823.0,0.0,0.0,0.0,638.0,-16107.0,638.0,16745.0,16745.0,0.0,-52107.0,0.0,16007.0,0.0,0.038100925649447594,26.08934169278997,-1.0334016266219657,,0.0,0.17526541255354813,0.0,0.0,0.0,0.0,0.0,,0.0,0.038100925649447594,-4.424764890282131,0.0,0.0,0.0,0.0,0.0,0.0,0.0,0.6355538342370256,0.6355538342370256,0.0,0.0,0.0,,,BEEMW
2009Q1,2009,Q1,2009-03-31,2009-03-31,-7746.0,0.0,-7746.0,0.0,0.0,0.0,1561.0,-13284.0,1561.0,14845.0,14845.0,0.0,-49284.0,0.0,13084.0,0.0,0.10515325025261031,9.381806534272902,-1.1024540800963565,,0.0,0.583107497741644,0.0,0.0,0.0,0.0,0.0,,0.0,0.10515325025261031,-4.962203715566944,0.0,0.0,0.0,0.0,0.0,0.0,0.0,-2.046008651199371,-2.046008651199371,0.0,0.0,0.0,,,BEEMW
2008Q4,2008,Q4,2008-12-31,2008-12-31,-2543.0,0.0,-2543.0,0.0,0.0,0.0,6307.0,-5538.0,6307.0,11845.0,11845.0,0.0,-41538.0,0.0,5338.0,0.0,0.5324609539890249,1.8463611859838276,-2.1027446731672086,,0.0,0.45919104369808594,0.0,0.0,0.0,0.0,0.0,,0.0,0.5324609539890249,-0.4032027905501823,0.0,0.0,0.0,0.0,0.0,0.0,0.0,0.3589614318124527,0.3589614318124527,0.0,0.0,0.0,,,BEEMW
2008Q3,2008,Q3,2008-09-30,2008-09-30,-3967.0,0.0,-3967.0,0.0,0.0,0.0,4650.0,-2995.0,4650.0,7645.0,7645.0,0.0,-38995.0,0.0,2995.0,0.0,0.6082406801831263,1.6440860215053763,-2.5525876460767947,,0.0,1.3245409015025043,0.0,0.0,0.0,0.0,0.0,,0.0,0.6082406801831263,-0.8531182795698925,0.0,0.0,0.0,0.0,0.0,0.0,0.0,0.7081371394938198,0.7081371394938198,0.0,0.0,0.0,,,BEEMW
2008Q2,2008,Q2,2008-06-30,2008-06-30,-13592.0,0.0,-13592.0,0.0,0.0,0.0,4616.0,971.0,4616.0,3645.0,3645.0,0.0,-35029.0,0.0,-971.0,0.0,1.26639231824417,0.7896447140381283,3.753861997940268,,0.0,-13.997940267765191,0.0,0.0,0.0,0.0,0.0,,0.0,1.26639231824417,-2.9445407279029463,0.0,0.0,0.0,0.0,0.0,0.0,0.0,-0.7250920167533951,-0.7250920167533951,0.0,0.0,0.0,,,BEEMW
2008Q1,2008,Q1,2008-03-31,2008-03-31,-7879.0,0.0,-7879.0,0.0,0.0,0.0,18208.0,14563.0,18208.0,3645.0,3645.0,0.0,-21437.0,0.0,-14563.0,0.0,4.9953360768175585,0.2001867311072056,0.2502918354734601,,0.0,-0.5410286342099843,0.0,0.0,0.0,0.0,0.0,,0.0,4.9953360768175585,-0.43272188049209137,0.0,0.0,0.0,0.0,0.0,0.0,0.0,0.0,0.0,0.0,0.0,0.0,,,BEEMW
2007Q3,2007,Q3,2007-09-30,2007-09-30,-6803.0,0.0,-6803.0,0.0,0.0,0.0,,,,,,,,0.0,,0.0,0.0,0.0,0.0,0.0,0.0,0.0,0.0,0.0,0.0,,0.0,,0.0,0.0,0.0,0.0,0.0,0.0,0.0,0.0,0.0,0.0,-0.9747460087082729,-0.9747460087082729,0.0,0.0,0.0,,,BEEMW
2007Q2,2007,Q2,2007-06-30,2007-06-30,-3445.0,0.0,-3445.0,0.0,0.0,0.0,,,,,,,,0.0,,0.0,0.0,0.0,0.0,0.0,0.0,0.0,0.0,0.0,0.0,,0.0,,0.0,0.0,0.0,0.0,0.0,0.0,0.0,0.0,0.0,0.0,0.0,0.0,0.0,0.0,0.0,,,BEEMW
