Quarters,Year,Quarter,FillingDate,Date,NetIncome,Revenue,OperatingIncome,EPSDiluted,GrossProfit,GrossProfitRatio,TotalAssets,CommonStockEquity,CurrentAssets,CurrentLiability,TotalLiability,Inventory,RetainedEarnings,MarketCap,EnterpriseValue,bookValuePerShare,currentRatio,debtToAssets,debtToEquity,roic,shareholdersEquityPerShare,roe,priceToSalesRatio,peRatio,pbRatio,payoutRatio,inventoryTurnover,dividendYield,assetTurnover,quickRatio,returnOnAssets,priceToFreeCashFlowsRatio,grossProfitMargin,epsdilutedGrowth,fiveYNetIncomeGrowthPerShare,fiveYRevenueGrowthPerShare,fiveYShareholdersEquityGrowthPerShare,grossProfitGrowth,netIncomeGrowth,operatingIncomeGrowth,threeYNetIncomeGrowthPerShare,threeYRevenueGrowthPerShare,threeYShareholdersEquityGrowthPerShare,Industry,Sector,Symbol
2023Q3,2023,Q3,2023-06-07,2023-04-29,11017000.0,529294000.0,14044000.0,0.78,151223000.0,0.2857069984,944755000.0,395750000.0,226902000.0,163797000.0,549005000.0,45859000.0,331551000.0,309896730.0,580701730.0,27.954368863459774,1.3852634663638528,0.4185529581743415,0.9991914087176248,0.008732007790912048,27.954368863459774,0.027838281743524953,0.5854907291599754,7.03223949351003,0.7830618572331017,0.30298629390941273,8.244205063346344,0.010771330178282294,0.5602447195304603,0.7996178196181859,0.011661224338585135,24.309439127706305,0.28570699837897273,-0.08235294117647053,0.6669121018221933,0.32767254723359385,0.3127411038922722,-0.023605524312527843,-0.10590813179678624,-0.12862195197617424,-0.017269271712013354,0.14889050949545937,0.20388913024789612,Grocery Stores,Consumer Defensive,VLGEA
2023Q2,2023,Q2,2023-03-08,2023-01-28,12322000.0,563866000.0,16117000.0,0.85,154879000.0,0.2746734153,948601000.0,391585000.0,197775000.0,163476000.0,557016000.0,48389000.0,323872000.0,322496460.0,602061460.0,27.66016811471357,1.2098106144021141,0.42595042594304666,1.0318500453286004,0.010031979488872661,27.66016811471357,0.031466986733403986,0.571938120049799,6.543102986528162,0.8235669394895105,0.26416166206784614,8.452065552088284,0.010093134045564407,0.5944185173745337,0.5971457583987864,0.012989655292372662,42.42816208393632,0.2746734153149862,0.1184210526315789,0.2828321819059817,0.3376947299427729,0.318019459358955,0.03747194962655324,0.11199350239148091,0.06200579862941487,5.104395858555914,0.2804161634610781,0.20800940434279624,Grocery Stores,Consumer Defensive,VLGEA
2023Q1,2023,Q1,2022-12-07,2022-10-29,11081000.0,519689000.0,15176000.0,0.76,149285000.0,0.287258341,951365000.0,383215000.0,203327000.0,172268000.0,568150000.0,48545000.0,314803000.0,315417960.0,601751960.0,27.06894115985025,1.1802946571620963,0.4263148213356598,1.0583641037015774,0.009438076640012377,27.06894115985025,0.028915882729016348,0.6069359944120426,7.116188972114431,0.8230835431807211,0.29347531811208377,7.630116386857555,0.010310129454898509,0.5462561687680333,0.793275593842153,0.011647474943896402,25.8412223496641,0.2872583410462796,-0.1264367816091954,2.64007406333184,0.3322503555124166,0.3209874595375283,0.0067437704420541525,-0.12076489724668729,-0.15745058849655785,3.2883548202101873,0.26723743392559673,0.1806516682497711,Grocery Stores,Consumer Defensive,VLGEA
2022Q4,2022,Q4,2022-10-13,2022-07-30,12603000.0,527503000.0,18012000.0,0.87,148285000.0,0.281107406,924448000.0,372109000.0,237965000.0,158169000.0,552339000.0,44190000.0,306974000.0,293247134.88,561997134.88,28.639666448699526,1.504498353027458,0.43656538821004537,1.0845800558438523,0.011301325613523762,28.639666448699526,0.033869108245164724,0.5559155775038246,5.817010530825994,0.7880678373272347,0.2581924938506705,8.58153428377461,0.01109644260064663,0.5706140312921874,1.114813901586278,0.013633000449998269,13.647653691999814,0.2811074060242311,4.782608695652174,0.8304576478039853,0.26931163673927316,0.2820672200231879,0.04727701619453214,4.900649953574745,6.392814371257485,0.8653845997824053,0.2557829093120236,0.16297732501680287,Grocery Stores,Consumer Defensive,VLGEA
2022Q3,2022,Q3,2022-06-08,2022-04-30,-3231000.0,501962000.0,-3340000.0,-0.23,141591000.0,0.2820751372,913778000.0,361575000.0,225060000.0,152720000.0,552203000.0,46429000.0,297625000.0,328602300.0,614220300.0,25.516937191249117,1.4736773179675222,0.44379816541873407,1.1215736707460415,-0.0022779335092136905,25.516937191249117,-0.008935905413814562,0.6546358090851498,-25.425742804085424,0.9088081310931343,-1.0095945527700403,7.761765276012837,0.009926893390581868,0.5493259850860931,1.0578444211629126,-0.003535869762677587,64.72371479220011,0.2820751371617772,-1.323943661971831,-1.5311676349000471,0.266288839061684,0.2833894746952817,-0.05360568407403199,-1.3189850923092112,-1.2277686852154936,-1.6445951644943761,0.25856876533817796,0.13607703983271627,Grocery Stores,Consumer Defensive,VLGEA
2022Q2,2022,Q2,2022-03-10,2022-01-29,10129000.0,537408000.0,14664000.0,0.71,149611000.0,0.2783936972,897310000.0,355256000.0,232204000.0,157034000.0,542054000.0,44250000.0,304117000.0,316065770.0,580844770.0,25.07630408696266,1.4786861444018493,0.4353857641171947,1.0997027495665097,0.009631796608227352,25.07630408696266,0.028511833719909025,0.5881300055079195,7.801011205449699,0.8896845373477154,0.321946885181163,8.763774011299436,0.010317472847502595,0.5989100756706155,1.0662977444375104,0.01128818357089523,20.729702236505542,0.2783936971537454,0.36538461538461525,0.6623801265148901,0.28208230995621814,0.2533294177521052,0.06727778570409473,0.3822325327510917,0.2709308372334893,0.324647206743993,0.24284622689699026,0.12905346802280687,Grocery Stores,Consumer Defensive,VLGEA
2022Q1,2022,Q1,2021-12-08,2021-10-30,7328000.0,494211000.0,11538000.0,0.52,140180000.0,0.2836440306,888026000.0,346971000.0,222415000.0,154057000.0,541055000.0,46021000.0,297249000.0,315298660.0,601419660.0,24.507063144511935,1.4437188832704777,0.44053665095391353,1.1274948050413436,0.007590569114281487,24.507063144511935,0.02111992068501402,0.6379838975660194,10.756640966157205,0.9087176161696511,0.44541484716157204,7.6928141500619285,0.010352089666349994,0.5565276241911836,1.0029339789818055,0.008252010639328127,-57.78934384164223,0.2836440305861262,-0.22388059701492538,0.752289110301977,0.24608411573858277,0.24343575759665592,-0.07663324858049982,-0.22895622895622897,-0.16548531751772025,0.15885378177702397,0.2201528224900654,0.12210451246572995,Grocery Stores,Consumer Defensive,VLGEA
2021Q4,2021,Q4,2021-10-14,2021-07-31,9504000.0,536283000.0,13826000.0,0.67,151814000.0,0.28308560965012874,889004000.0,341473000.0,196316000.0,152293000.0,547531000.0,42633000.0,293185000.0,222185150.0,505715150.0,34.6567542880341,1.2890677838114686,0.4497662552699425,1.1709388443595834,0.008943873634690706,34.6567542880341,0.027832361562993266,0.414305786310586,5.844516782407408,0.6506668169957801,0.3435395622895623,9.018108038374029,0.014694951485281533,0.6032402553869274,1.0882706362078363,0.010690615565284296,23.725056059797115,0.28308560965012874,2.7222222222222228,0.4396705952501777,0.5693657551054736,0.6081309189610429,0.1378483308599781,2.6923076923076925,2.593035343035343,1.0526379449792145,0.6832373225328203,0.46213124522825844,Grocery Stores,Consumer Defensive,VLGEA
2021Q3,2021,Q3,2021-06-03,2021-04-24,2574000.0,481093000.0,3848000.0,0.18,133422000.0,0.2773309942152557,890078000.0,337268000.0,193382000.0,152689000.0,552810000.0,44972000.0,286946000.0,350771200.0,644733200.0,23.845305429864254,1.2665090478030507,0.45685771359364014,1.2056850931603353,0.0024539948825544828,23.845305429864254,0.007631912900126902,0.729113082086,34.06868686868687,1.0400370032140611,1.2672882672882673,7.730832518011207,0.009299509195737849,0.5405065623462213,0.849098494325066,0.0028918813856763114,111.67500795924865,0.2773309942152557,-0.43750000000000006,-0.570623612416745,0.2169095399839292,0.23101501268736727,-0.05938171948253375,-0.4349066959385291,-0.41723459033772525,-0.6101864985523406,0.20787509480311575,0.1197789055994524,Grocery Stores,Consumer Defensive,VLGEA
2021Q2,2021,Q2,2021-03-04,2021-01-23,4555000.0,522818000.0,6603000.0,0.32,141845000.0,0.2713085624442923,905605000.0,336262000.0,198958000.0,160756000.0,569343000.0,47108000.0,287634000.0,308622080.0,608158080.0,23.774179864253394,1.23763965264127,0.45748422325406773,1.2320749891453688,0.00426253503785217,23.774179864253394,0.013545984976000857,0.5903050009754829,16.938643249176728,0.9178024278687452,0.7170142700329308,8.08722509977074,0.010582522157844313,0.5773135086489143,0.8129960934584091,0.0050297867171669765,14.283430369787569,0.2713085624442923,0.3333333333333334,-0.2886727874570481,0.22107603881945223,0.27496673936549143,0.028137979023361338,0.3556547619047619,0.3514121981170692,-0.5253472432016084,0.24145397566073942,0.1328503703026135,Grocery Stores,Consumer Defensive,VLGEA
2021Q1,2021,Q1,2020-12-03,2020-10-24,3360000.0,490136000.0,4886000.0,0.24,137963000.0,0.2814790180684545,901868000.0,333741000.0,193514000.0,154931000.0,568127000.0,46896000.0,286344000.0,329979520.0,645780520.0,23.595941742081447,1.2490334406929537,0.4606028820182111,1.2446867481070651,0.0031628647082374652,23.595941742081447,0.010067687218531735,0.673240733184259,24.552047619047617,0.988729344012273,0.9693452380952381,7.509659672466735,0.009870309527088226,0.5434675584453601,0.7298474804913155,0.003725600642222587,-49.59115118725579,0.2814790180684545,-0.6307692307692307,-0.25483386617366166,0.23621601068300263,0.28802714589072353,-0.04906224798560804,-0.6353771025501899,-0.49446456285566476,0.10476403375061512,0.25764453209252774,0.1515021202048424,Grocery Stores,Consumer Defensive,VLGEA
2020Q4,2020,Q4,2020-10-08,2020-07-25,9215000.0,501478000.0,9665000.0,0.65,145081000.0,0.28930680907238204,915546000.0,332320000.0,197320000.0,162798000.0,583226000.0,42135000.0,286241000.0,377840160.0,688651160.0,23.58886996024986,1.2120542021400755,0.46146452499382884,1.271340876263842,0.00845715495523189,23.58886996024986,0.02772929706307174,0.7534531125991569,10.250682582745522,1.1369768897448242,0.354639175257732,8.458454966180135,0.008649160004590302,0.5477365419105102,0.8483273750291772,0.01006503223213252,21.15447959240804,0.28930680907238204,-0.17721518987341772,0.18927775206901606,0.10569560751469154,0.17620389778065848,0.11685822280044034,-0.17369081779053086,-0.36564715148332894,0.23433761473818226,0.11287936140757791,0.055966101686190574,Grocery Stores,Consumer Defensive,VLGEA
2020Q3,2020,Q3,2020-06-04,2020-04-25,11152000.0,458292000.0,15236000.0,0.79,129901000.0,0.2834459253052639,590096000.0,327008000.0,145587000.0,124520000.0,263088000.0,32613000.0,280294000.0,334893740.0,383059740.0,23.22005254562238,1.1691856729842596,0.23346709687915188,0.4212985615030825,0.01830537337098777,23.22005254562238,0.03410314120755455,0.7307431506550409,7.507481617647059,1.0241148228789512,0.2922345767575323,10.069328182013308,0.009731444965200007,0.7766397331959546,0.9123594603276582,0.01889861988557794,15.255727951895043,0.2834459253052639,4.642857142857142,-0.1719053723694672,0.16096092889017397,0.2673208432829639,0.1013506066284009,4.5620947630922695,5.3089026915113875,0.8446844143162887,0.1632655996285565,0.1678663005504833,Grocery Stores,Consumer Defensive,VLGEA
2020Q2,2020,Q2,2020-03-05,2020-01-25,2005000.0,437422000.0,2415000.0,0.14,117947000.0,0.26964121603394436,586772000.0,321982000.0,147464000.0,124199000.0,264790000.0,41313000.0,272401000.0,315832520.0,381408520.0,22.89731190442327,1.187320348795079,0.2402500460144656,0.4378257169655447,0.0028192671658737096,22.89731190442327,0.006227056170841848,0.7220316307821737,39.38061346633417,0.980901168388295,1.6049875311720698,7.733038026771235,0.010188944444352975,0.7454718357385833,0.6675979677775183,0.0034170001295221993,36.66502437891804,0.26964121603394436,-0.22222222222222213,-0.7026554886321245,0.041702888015197115,0.31737251208090855,0.038759621651136986,-0.2189326061550448,-0.18632075471698112,-0.6684806024967819,0.051340035758715236,0.144422020794499,Grocery Stores,Consumer Defensive,VLGEA
2020Q1,2020,Q1,2019-12-05,2019-10-26,2567000.0,407402000.0,2968000.0,0.18,113546000.0,0.2787075173906854,581691000.0,322447000.0,151810000.0,120421000.0,259244000.0,40683000.0,273614000.0,361866720.0,423388720.0,22.9271188850967,1.2606605160229527,0.2397544400721345,0.43251449075351917,0.0035024761075494806,22.9271188850967,0.007960998241571484,0.8882301019631715,35.2421815348656,1.1222517809128323,1.2543825477210753,7.223066145564486,0.008898303773278736,0.7003752851599905,0.6912000398601573,0.004412995903323242,-19.071714978391483,0.2787075173906854,-0.6170212765957447,-0.3520654007269387,0.050406301651466374,0.344100795067253,-0.023319025951125522,-0.6185168672908308,-0.6457388398185725,-0.38207008547789456,0.03407290627771174,0.1632727786390402,Grocery Stores,Consumer Defensive,VLGEA
2019Q4,2019,Q4,2019-10-10,2019-07-27,6729000.0,418365000.0,8378000.0,0.47,116257000.0,0.2778841442281262,502289000.0,318672000.0,168781000.0,112474000.0,183617000.0,38503000.0,270753000.0,322992009.6,270661009.6,24.626160659053035,1.5006223660579334,0.09713531453008128,0.15310413214841592,0.01588351602855947,24.626160659053035,0.021115755384847116,0.7720340124054355,12.00000035666518,1.0135562885976803,0.4803091098231535,7.846349635093369,0.010006439490569985,0.8329169064024894,1.0444547184238135,0.013396670044536114,47.17966836108677,0.2778841442281262,0.34285714285714286,0.20760473412448924,0.11059182514362154,0.4399484511367225,0.05104374790933994,0.35392354124748493,0.2515685688676427,-0.22388063386335055,-0.06780499510385678,0.14269472674764033,Grocery Stores,Consumer Defensive,VLGEA
2019Q3,2019,Q3,2019-06-04,2019-04-27,4970000.0,395458000.0,6694000.0,0.35,110611000.0,0.27970353362430395,488928000.0,315571000.0,169836000.0,101815000.0,173357000.0,38922000.0,267256000.0,405904500.0,350778500.0,22.460569395017792,1.6680842704905956,0.10022948164146868,0.15528993475319341,0.01170705748553577,22.460569395017792,0.01574922917505094,1.0264162060193498,20.41773138832998,1.2862541234777594,0.6484909456740443,7.3184060428549405,0.00794029137395619,0.8088266575037634,1.1401267003879585,0.010165095883238431,-313.9245939675174,0.27970353362430395,-0.3518518518518519,0.5144766629308305,0.03130179451291555,0.3049343484256719,-0.06051674933750085,-0.34354774798573506,-0.3733969858653936,-0.16539318337747946,0.006990902356627677,0.1595279498556929,Grocery Stores,Consumer Defensive,VLGEA
2019Q2,2019,Q2,2019-03-06,2019-01-26,7571000.0,428128000.0,10683000.0,0.54,117736000.0,0.27500186860004483,490400000.0,311540000.0,197096000.0,102153000.0,178860000.0,39641000.0,265508000.0,372697390.0,313459390.0,22.21002352605689,1.929419596096052,0.10052202283849919,0.1582332926750979,0.018453085609474257,22.21002352605689,0.024301855299480004,0.8705279495851708,12.306742504292696,1.196306702189125,0.4243825122176727,7.830074922428799,0.00862093507013827,0.8730179445350734,1.1581157675251827,0.015438417618270799,15.093240594500466,0.27500186860004483,0.20000000000000004,1.5970189651985676,0.05507542707963163,0.2733595309446013,0.05015475457797044,0.20768862657521137,0.19737726967047747,0.19217974501027085,0.008261677188414468,0.19108383287807174,Grocery Stores,Consumer Defensive,VLGEA
2019Q1,2019,Q1,2018-12-06,2018-10-27,6269000.0,401550000.0,8922000.0,0.45,112113000.0,0.2792005976839746,483873000.0,306550000.0,189546000.0,100360000.0,177323000.0,39299000.0,261151000.0,355672240.0,317024240.0,21.840267882587632,1.8886608210442408,0.1037172977206829,0.16371228184635458,0.015599909400735548,21.840267882587632,0.02045017126080574,0.8857483252396962,14.183770936353485,1.1602421790898712,0.5139575689902696,7.364996564798086,0.009058902094805038,0.8298665145606389,1.187544838581108,0.012955878918641875,-145.40974652493867,0.2792005976839746,0.0714285714285715,1.8858860598083962,0.08562376428257072,0.2547705328866003,-0.016207441207441206,0.04309484193011647,-0.035772181995028636,0.4010092075392076,0.020578183108470125,0.19219051368181173,Grocery Stores,Consumer Defensive,VLGEA
2018Q4,2018,Q4,2018-10-11,2018-07-28,6010000.0,413551000.0,9253000.0,0.42,113960000.0,0.27556456156556264,481590000.0,303145000.0,190898000.0,101697000.0,178445000.0,39413000.0,258104000.0,372298327.82,325254327.82,23.70290245909061,1.877125185600362,0.10187919184368446,0.16184993979778653,0.015309555032913024,23.70290245909061,0.01982549604974517,0.9002476788110777,15.486619293677204,1.228119638522819,0.5361064891846922,7.601324436099764,0.00865434991037022,0.8587200730912187,1.3444447722155028,0.012479495006125543,27.415193506627393,0.27556456156556264,-0.10638297872340424,0.022267412002776838,0.15947166206329452,0.3078466052623842,0.04668570956216648,-0.08132069703454602,0.026514311071666297,-0.14559675361426883,0.004415109724043057,0.1818898619593655,Grocery Stores,Consumer Defensive,VLGEA
2018Q3,2018,Q3,2018-06-07,2018-04-28,6542000.0,394608000.0,9014000.0,0.47,108877000.0,0.2759117909418968,464323000.0,298402000.0,172605000.0,95125000.0,165921000.0,41246000.0,253722000.0,379331910.0,348790910.0,21.294654963248412,1.8145072273324574,0.10633761411775855,0.1654647086815772,0.01698147638715762,21.294654963248412,0.021923445553313985,0.9612879363824353,14.496022240904923,1.2712110173524307,0.49174564353408745,6.927483877224458,0.008480699659567263,0.8498566730487183,1.2183127463863337,0.01408933005687851,-64.80982573039466,0.2759117909418968,-0.3088235294117648,0.36348722733600614,0.05649037701765113,0.23013427543292436,-0.03035133811283787,-0.312164861739039,-0.08329095901555984,-0.5117954716309758,0.004627982913529969,0.16223509970185462,Grocery Stores,Consumer Defensive,VLGEA
2018Q2,2018,Q2,2018-03-08,2018-01-27,9511000.0,417382000.0,9833000.0,0.68,112285000.0,0.26902214278526626,467887000.0,294184000.0,158031000.0,98143000.0,173703000.0,42346000.0,250397000.0,335590920.0,295556920.0,20.986160650592097,1.6102116299685154,0.10623077794424722,0.16895548364289018,0.02520087291070219,20.986160650592097,0.0323301063280124,0.804037835843424,8.821126064556829,1.1407517743996953,0.33866049837030804,7.204859963160629,0.00959799508282286,0.8920572702383268,1.2657856393222136,0.02032755772227055,13.669134454808358,0.26902214278526626,2.0909090909090913,0.004759681940442534,0.050363710432090945,0.2282901939721147,0.08092107163141732,2.1535145888594163,0.8372571001494769,0.41492287873662015,-0.002901644536040874,0.2074164552854476,Grocery Stores,Consumer Defensive,VLGEA
2018Q1,2018,Q1,2017-12-05,2017-10-28,3016000.0,386474000.0,5352000.0,0.22,103879000.0,0.26878651603988885,448908000.0,287413000.0,152277000.0,90097000.0,161495000.0,42471000.0,244106000.0,341813620.0,310602620.0,20.491444460288037,1.6901450658734476,0.09663449971931888,0.15093263004804933,0.008388925624204461,20.491444460288037,0.0104936102403162,0.8844414371988801,28.33335709549072,1.1892768246391083,1.0669761273209548,6.653834381107108,0.009414487345472072,0.8609202776515456,0.9113954959654594,0.006718525844939275,-38.58812598780763,0.26878651603988885,-0.5319148936170213,-0.7227573581477269,-0.4192226044580875,-0.34029369194903514,-0.07653260792262286,-0.5567313345091123,-0.5513454606421326,-0.23667117381938682,-0.0008528196097939949,0.20130954653238542,Grocery Stores,Consumer Defensive,VLGEA
2017Q4,2017,Q4,2017-10-12,2017-07-29,6804000.0,410683000.0,11929000.0,0.47,112488000.0,0.27390469047903127,455225000.0,286820000.0,181472000.0,96193000.0,168405000.0,41852000.0,244308000.0,311360857.75,267515857.75,22.338662124269536,1.8865406006674081,0.09575484650447581,0.15197684959207866,0.01873205163991427,22.338662124269536,0.023722195104943868,0.7581537530163167,11.440360734494416,1.0855618776584617,0.4741328630217519,7.124988053139635,0.010360968373841782,0.9021538799494755,1.0883640181718004,0.014946455049700698,26.120877328020136,0.27390469047903127,0.09302325581395345,-0.32061266202218586,-4.1295557643172385e-05,0.12151808433990738,0.038325210456358,0.13117206982543642,0.11091450921959396,0.23064703319558766,0.09875478398649715,0.3061931322405904,Grocery Stores,Consumer Defensive,VLGEA
2017Q3,2017,Q3,2017-06-07,2017-04-29,6015000.0,391984000.0,10738000.0,0.43,108336000.0,0.2763786276990898,445021000.0,278593000.0,172865000.0,87667000.0,166428000.0,42805000.0,240730000.0,369776680.0,333020680.0,19.88245789323437,1.9718366089862776,0.0984133333033722,0.15720423700523703,0.017059281339606543,19.88245789323437,0.02159063580204815,0.9433463610759623,15.36893931837074,1.3273006859468832,0.5373233582709892,6.626515593972667,0.008740410563478476,0.8808213544978776,1.3353599415971802,0.013516216088678961,84.53970736168267,0.2763786276990898,0.0,-0.5378553497670104,-0.4321327533589446,-0.38319100586216404,-0.026088207267300743,0.0038384512683578105,0.011873350923482849,0.8378836915552935,0.02501434599467434,0.15514890917074622,Grocery Stores,Consumer Defensive,VLGEA
2017Q2,2017,Q2,2017-03-09,2017-01-28,5992000.0,412215000.0,10612000.0,0.43,111238000.0,0.2698543235932705,449982000.0,278748000.0,178973000.0,93233000.0,171234000.0,43431000.0,237946000.0,423672120.0,384564120.0,20.007751937984494,1.9196314609633929,0.09777946673422493,0.1578450787090849,0.01711445066402415,20.007751937984494,0.021496118357799878,1.0277940395182126,17.676573765020027,1.519910887253003,0.5287049399198932,6.930003914254795,0.007477480462958007,0.9160699761323786,1.259124987933457,0.013316088199083519,19.942203812661802,0.2698543235932705,0.48275862068965525,-0.6694516566919346,-0.42642219249556035,-0.3674071216750875,0.06297301429554315,0.45826235093696766,0.42366514623021195,1.06940269751874,0.022786527397316864,0.14709746223897877,Grocery Stores,Consumer Defensive,VLGEA
2017Q1,2017,Q1,2016-12-07,2016-10-29,4109000.0,389692000.0,7454000.0,0.29,104648000.0,0.26854028309536765,443247000.0,274174000.0,172134000.0,90217000.0,169073000.0,43235000.0,235122000.0,417608220.0,396576220.0,19.70915103155776,1.9079996009621247,0.10113097212163873,0.16349471503497778,0.012024896456568197,19.70915103155776,0.014986833178930169,1.0716366258481056,25.408141883669995,1.5231503351886029,0.7695302993429058,6.592899271423615,0.00757169004000927,0.8791757191814045,1.1029961093807155,0.00927022630722825,-21.85057660108832,0.26854028309536765,-0.5166666666666667,-0.6923002179105685,-0.42647332077664074,-0.356026463205543,-0.1285143237841439,-0.5136126893939394,-0.49119453924914674,1.5858693092349287,0.0630316873644852,0.1323332696998108,Grocery Stores,Consumer Defensive,VLGEA
2016Q4,2016,Q4,2016-10-12,2016-07-30,8448000.0,437301000.0,14650000.0,0.6,120080000.0,0.27459347223079755,450254000.0,271735000.0,159834000.0,99296000.0,178519000.0,42011000.0,234175000.0,398947336.2,354984336.2,21.550953270909446,1.6096720915243312,0.09864654172977919,0.16345336449114026,0.024138891534467615,21.550953270909446,0.031089112554510828,0.9122945893103377,11.805969939630684,1.4681485130733987,0.3738162878787879,7.550903334840875,0.007915831773888155,0.9712317936098291,1.3481912665162745,0.01876274280739316,35.515653538680674,0.27459347223079755,0.42857142857142855,-0.13760471426312,0.1339425110429742,0.1679100547217643,0.12499765781633533,0.4362461747704862,0.4555389965226031,0.45751735620325107,0.24360173506712704,0.18910927149841375,Grocery Stores,Consumer Defensive,VLGEA
2016Q3,2016,Q3,2016-06-02,2016-04-23,5882000.0,387905000.0,10065000.0,0.42,106738000.0,0.2751653110942112,435801000.0,268823000.0,146218000.0,92040000.0,166978000.0,43168000.0,228885000.0,335847600.0,300320600.0,19.37044242686266,1.5886353759235115,0.10245731423287234,0.16609813892412478,0.017256446707246097,19.37044242686266,0.021880568254948423,0.865798584705018,14.274379462767767,1.2493261365284964,0.5351921115266915,6.513320051890289,0.009373299079701627,0.8900966266713477,1.014374185136897,0.01349698600966955,71.24471786168859,0.2751653110942112,-0.06666666666666672,0.754550099652228,-0.3903795918552436,-0.33842350384330916,-0.053119954580132356,-0.06397199236155315,-0.11888295544077739,0.2378550512723566,0.04864689803946107,0.11897775290128362,Grocery Stores,Consumer Defensive,VLGEA
2016Q2,2016,Q2,2016-03-02,2016-01-23,6284000.0,420170000.0,11423000.0,0.45,112726000.0,0.2682866458814289,443235000.0,258819000.0,147827000.0,98324000.0,184416000.0,43379000.0,226151000.0,351580400.0,316687400.0,18.646902017291065,1.5034681257882103,0.10124426094509685,0.1733837160332124,0.019008400652975675,18.646902017291065,0.02427951580061742,0.8367575029154866,13.98712603437301,1.358402590227147,0.5035009548058561,7.0873925171165775,0.008999364014603772,0.94796214197886,0.9000345795533136,0.01417758074159306,12.513539293849659,0.2682866458814289,0.40625,-0.5347394230735725,-0.3761561166912657,-0.37266053670822225,0.06862456985220927,0.418510158013544,0.39457941643267,-0.32954631210020113,0.06789271327147106,0.0913767066369645,Grocery Stores,Consumer Defensive,VLGEA
2016Q1,2016,Q1,2015-12-03,2015-10-24,4430000.0,389529000.0,8191000.0,0.32,105487000.0,0.27080653815248673,434546000.0,254567000.0,137712000.0,94452000.0,179979000.0,46831000.0,223031000.0,338645520.0,328313520.0,18.319444444444443,1.4580104179900901,0.10543877978395844,0.1799840513499393,0.013814344133716341,18.319444444444443,0.017402098465237048,0.8693717797647929,19.110920993227992,1.3302805155420776,0.7142212189616253,6.065255920223783,0.00934310307722364,0.8964045233416025,0.6661055350866049,0.01019454787295246,3892.4772413793103,0.27080653815248673,-0.3469387755102041,-0.4508980796849807,-0.38209207815698526,-0.4035099802717112,-0.05889122832060524,-0.36093479515291405,-0.33858204134366926,-0.5889672310151242,-0.40915543112673564,-0.4102195634177697,Grocery Stores,Consumer Defensive,VLGEA
2015Q4,2015,Q4,2015-10-07,2015-07-25,6932000.0,405754000.0,12384000.0,0.49,112088000.0,0.27624619843550524,433902000.0,252767000.0,135911000.0,96164000.0,181135000.0,45772000.0,221765000.0,356808935.15999997,343092935.15999997,20.055085691145,1.4133251528638575,0.10445676673534576,0.17931138162813975,0.02121470175649145,20.055085691145,0.027424466010199117,0.8793725635730023,12.868181446912867,1.4116120188157473,0.4565781881130987,6.415843747269073,0.008870293560840209,0.935128208673848,0.8005594609209268,0.015975957704735172,96.66999056082362,0.27624619843550524,-0.4842105263157895,-0.5838372365037299,-0.36766638041749544,-0.3438909640491404,0.046592840202431415,-0.4750870816295623,0.17117457915642142,-0.2948717448182843,0.006455480939380167,0.006870561920059889,Grocery Stores,Consumer Defensive,VLGEA
2015Q3,2015,Q3,2015-06-03,2015-04-25,13206000.0,387100000.0,10574000.0,0.95,107098000.0,0.2766675277706019,427412000.0,253029000.0,133077000.0,95144000.0,174383000.0,45552000.0,217998000.0,461944500.00000006,448910500.00000006,18.322157856625633,1.3986904061212477,0.10655994684285888,0.17999913053444466,0.04055059282679364,18.322157856625633,0.05219164601685973,1.1933466804443298,8.744973875511132,1.825658323749452,0.2382250492200515,6.1468651211801895,0.006810341935016002,0.905683509120006,0.791715715126545,0.03089758827548127,-13.035654824053957,0.2766675277706019,0.9791666666666666,0.24011126715594733,-0.37139221430335184,-0.3790471130937896,-0.036247142882853696,1.0,-0.1648369007187426,0.029485043133028625,-0.43100545700120185,-0.4315958409837489,Grocery Stores,Consumer Defensive,VLGEA
2015Q2,2015,Q2,2015-03-04,2015-01-24,6603000.0,411191000.0,12661000.0,0.48,111126000.0,0.27025396956645453,467812000.0,239337000.0,175519000.0,149562000.0,228475000.0,46248000.0,207937000.0,404838000.0,355861000.0,17.381045751633987,1.1735534427194074,0.09787051208605166,0.19129929764307232,0.02090922973349387,17.381045751633987,0.027588713821933092,0.9845497591143775,15.32780554293503,1.691497762569097,0.4744812963804331,6.488172461511849,0.007738898028347142,0.8789663369045685,0.7451692274775679,0.014114644344309252,13.480221097496004,0.27025396956645453,0.7142857142857141,-0.5211910746849497,-0.36291890087286804,-0.40221941996563376,0.08096067235391963,0.7022428460943542,0.6002275025278059,-0.6314605333891632,-0.42111582910066225,-0.45045671325777425,Grocery Stores,Consumer Defensive,VLGEA
2015Q1,2015,Q1,2014-12-03,2014-10-25,3879000.0,379744000.0,7912000.0,0.28,102803000.0,0.2707165880171905,450853000.0,234883000.0,158461000.0,137215000.0,215970000.0,45227000.0,204468000.0,340394400.0,317852400.0,17.05758896151053,1.154837299129104,0.1036257937731367,0.19890754120136409,0.01273173812976045,17.05758896151053,0.01651460514383757,0.8963786129603101,21.93828306264501,1.4492083292532878,0.8076823923691673,6.1233555177217145,0.009204029208471116,0.8422789689765844,0.5427176329118537,0.008603691225299599,-78.52235294117646,0.2707165880171905,-0.34883720930232553,-0.1878351076229699,0.19269544638823613,0.1733728755337398,-0.05682725212620531,-0.33918228279386714,-0.30136865342163355,-0.7065492408364771,-0.43539142988777585,-0.44266316316001014,Grocery Stores,Consumer Defensive,VLGEA
2014Q4,2014,Q4,2014-10-08,2014-07-26,5870000.0,396838000.0,11325000.0,0.43,108997000.0,0.2746637166803582,457412000.0,233136000.0,162786000.0,146004000.0,224276000.0,44694000.0,203722000.0,324714240.0,293502240.0,17.10211267605634,1.114942056382017,0.10087186169142917,0.1979102326539016,0.018654337774902458,17.10211267605634,0.025178436620684922,0.8182538970562295,13.829396933560478,1.3928103767757873,0.5333901192504259,6.440260437642636,0.00964232427872581,0.8675723417837748,0.6477082819648776,0.012833069530314028,42.088689565780946,0.2746637166803582,0.8695652173913042,-0.15935437663405586,0.22098105861995163,0.19013357350905952,0.0852275555821062,0.8412797992471769,0.7703611067687979,-0.4457444032706623,-0.048205181505858785,-0.07318580759430827,Grocery Stores,Consumer Defensive,VLGEA
2014Q3,2014,Q3,2014-06-04,2014-04-26,3188000.0,372511000.0,6397000.0,0.23,100437000.0,0.26962156822214645,440858000.0,234927000.0,153317000.0,131395000.0,205931000.0,44879000.0,200984000.0,338768180.0,308345180.0,17.212030185361566,1.166840442939229,0.09747129461187048,0.18291213866435105,0.010413503748014242,17.212030185361566,0.01357017286220826,0.9094179232291127,26.565886135508155,1.4420146683863497,0.9840025094102886,6.06238998195147,0.0092600196393888,0.8449682210598424,0.6569275847634993,0.007231353406312237,-45.53335752688172,0.26962156822214645,0.09523809523809533,-0.5123493048712799,0.2138889959036338,0.18897454492762764,-0.04670741661762752,0.1312987934705465,0.09219737066757726,-0.03309208446855235,-0.40475018257614803,-0.4121417378684512,Grocery Stores,Consumer Defensive,VLGEA
2014Q2,2014,Q2,2014-03-04,2014-01-25,2818000.0,392241000.0,5857000.0,0.21,105358000.0,0.2686052707391629,444951000.0,236497000.0,204838000.0,133614000.0,208454000.0,44948000.0,200933000.0,390770380.0,330166380.0,17.44206799911498,1.5330579130929394,0.09695224867457315,0.18240823350824747,0.009367605605184962,17.44206799911498,0.011915584552869592,0.9962507234072929,34.667350958126335,1.652327006262236,1.0943931866572036,6.382553172554952,0.007892102774012708,0.8815375176142991,0.844791713443202,0.006333281642248247,18.983258683507408,0.2686052707391629,1.42,-0.6599343071753409,0.20426556760071285,0.23749668206753072,0.12434635989157578,1.412531108183282,-0.06273003680588894,-0.7864188735637248,-0.4038361012448028,-0.41319487992605974,Grocery Stores,Consumer Defensive,VLGEA
2014Q1,2014,Q1,2013-12-04,2013-10-26,-6831000.0,357046000.0,6249000.0,-0.5,93706000.0,0.26244797589106167,432492000.0,235831000.0,196007000.0,124473000.0,196661000.0,42329000.0,201198000.0,482479890.0,438948890.0,17.40578640490073,1.574694913756397,0.10157182098165977,0.18627322107780572,-0.021442563221153194,17.40578640490073,-0.028965657610746678,1.3513101673173764,-17.657732762406678,2.0458713655117435,-0.45088566827697263,6.22126674383992,0.006383685753203102,0.8255551547774294,0.931832606268026,-0.015794511805998723,-25.752863090472378,0.26244797589106167,-2.0869565217391304,-2.0499913390464752,0.20085713750541104,0.3090694617347027,-0.08031288951702342,-2.1012413348379817,-0.4373818312775727,-1.8683925406899278,-0.41911427793806727,-0.43325913034474256,Grocery Stores,Consumer Defensive,VLGEA
2013Q4,2013,Q4,2013-10-08,2013-07-27,6203000.0,376323000.0,11107000.0,0.46,101889000.0,0.27074879823980996,427412000.0,244560000.0,205364000.0,111065000.0,182852000.0,41515000.0,211109000.0,492126180.0,425903180.0,18.12361049355269,1.8490433529914914,0.10141970744855082,0.1772489368662087,0.01915083055563838,18.12361049355269,0.025363918874713773,1.3077228338422047,19.834200386909558,2.0122921982335624,0.4904078671610511,6.610478140431169,0.006181341541309589,0.8804689620319505,1.3360374555440508,0.014512928977192967,55.37596264206144,0.27074879823980996,0.3529411764705882,-0.5666639286540591,-0.3920099853098361,-0.31163956378599045,0.04701276280905111,0.3420597144093466,0.36282208588957054,-0.6521743606602373,-0.4522285773117138,-0.4070798403955937,Grocery Stores,Consumer Defensive,VLGEA
2013Q3,2013,Q3,2013-06-05,2013-04-27,4622000.0,359808000.0,8150000.0,0.34,97314000.0,0.27046091248665954,414933000.0,233679000.0,173031000.0,100747000.0,181254000.0,41691000.0,207948000.0,458831010.0,398815010.0,17.310837839839987,1.7174804212532384,0.10464340025980098,0.185810449377137,0.01497243559951392,17.310837839839987,0.019779269853089067,1.2752106957043756,24.817774231934226,1.9635098147458696,0.6503678061445262,6.296179031445636,0.006551431648004784,0.8671472261786842,1.366462524938708,0.011139147766024876,-2534.977955801105,0.27046091248665954,-0.4925373134328358,-0.255661422702876,0.04166214844924931,0.11907252977867537,-0.054469490866692574,-0.49231107205623903,-0.43586903855471726,-0.5559709514185381,-0.4022501429962261,-0.41332157404555975,Grocery Stores,Consumer Defensive,VLGEA
2013Q2,2013,Q2,2013-03-06,2013-01-26,9104000.0,382175000.0,14447000.0,0.67,102920000.0,0.26930071302413816,418186000.0,230349000.0,175799000.0,106932000.0,187837000.0,42059000.0,206332000.0,411201000.0,348115000.0,17.085669781931465,1.6440261100512474,0.10399439483866031,0.18879613108804466,0.026596032320971186,17.085669781931465,0.039522637389352674,1.075949499574802,11.291767355008787,1.7851217066277691,1.648725834797891,6.639601512161487,0.036502829516465184,0.9138876002544323,1.074037706205813,0.02177021708043789,22.289733304423244,0.26930071302413816,0.558139534883721,0.3528486464290916,0.248773221901426,0.2472703309768315,0.07615253510670557,0.5549103330486763,0.37958365164247515,-0.3257316001541987,-0.39522613935746365,-0.41237818837462825,Grocery Stores,Consumer Defensive,VLGEA
2013Q1,2013,Q1,2012-12-05,2012-10-27,5855000.0,358151000.0,10472000.0,0.43,95637000.0,0.26702982820095433,416551000.0,234483000.0,174816000.0,101917000.0,182068000.0,38374000.0,212238000.0,279086530.0,221596530.0,31.06146509471453,1.7152781184689503,0.1068512619103063,0.1898175987171778,0.01901786964286769,31.06146509471453,0.02496982723694255,0.7792426378817873,11.916589666951324,1.1902207409492371,0.5106746370623398,6.840933965705947,0.010713523149970728,0.8598010807800245,1.0481372096902382,0.01405590191837254,125.0948139847602,0.26702982820095433,-0.3384615384615385,1.3249936925195593,1.3192609077066169,1.3349334360996647,-0.05496101740135772,-0.3508149462246369,-0.3232081690687003,1.2361238149418514,1.0518675510969424,1.1366841878248986,Grocery Stores,Consumer Defensive,VLGEA
2012Q4,2012,Q4,2012-10-09,2012-07-28,9019000.0,369859000.0,15473000.0,0.65,101199000.0,0.2736150803414274,409538000.0,230311000.0,171578000.0,99906000.0,179227000.0,40599000.0,209373000.0,403773709.32,341462709.32,19.91823621588538,1.7173943506896483,0.09960492066670248,0.17711702871334847,0.02970386919491059,19.91823621588538,0.03916009222312438,1.0916963202734016,11.192308163876262,1.7531672795480895,0.3189932365007207,6.617404369565753,0.007125278178327136,0.9031127758596272,1.17959882289352,0.022022376433932872,27.975729877364373,0.2736150803414274,0.35416666666666674,0.29852847339992505,0.2522896686439257,0.2530412450529618,0.062479002183772885,0.3784196851597127,0.33318972945028436,0.5227514328474843,0.3416141820213581,0.3861072076081988,Grocery Stores,Consumer Defensive,VLGEA
2012Q3,2012,Q3,2012-06-06,2012-04-28,6543000.0,347009000.0,11606000.0,0.48,95248000.0,0.2744827943943817,394191000.0,227059000.0,156878000.0,95346000.0,167132000.0,42084000.0,203231000.0,201810600.0,151461600.0,32.23438387279955,1.6453548129968745,0.10333822943699882,0.17940271030877436,0.02201318317914213,32.23438387279955,0.02881629884743613,0.5815716595246809,7.710935350756533,0.8888024698426399,0.43863671098884305,5.982344834141242,0.014221254978678028,0.8803067548472695,1.0682986176661842,0.016598552478367085,-731.1978260869565,0.2744827943943817,-0.2941176470588236,0.9975820271875357,1.0282664541406223,1.0711505367133618,-0.042772149863322076,-0.2846835027877993,-0.28666256914566685,0.9393176125718136,1.1910994913090638,1.2266903719922335,Grocery Stores,Consumer Defensive,VLGEA
2012Q2,2012,Q2,2012-03-07,2012-01-28,9147000.0,362638000.0,16270000.0,0.68,99504000.0,0.2743893359217732,396859000.0,222346000.0,161657000.0,102746000.0,174513000.0,41849000.0,199558000.0,223835200.0,165747200.0,31.628165007112376,1.5733653864870651,0.1025024000967598,0.18295359484766985,0.03097289423768904,31.628165007112376,0.04113858580770511,0.6172414363635361,6.117721657374003,1.0066976693981453,0.31332677380561935,6.287701020335014,0.012804062989199196,0.9137703819240587,1.033217838164016,0.02304848825401465,17.199569694175505,0.2743893359217732,0.3600000000000001,2.2761025024941777,1.4319787613749453,1.5378979512221855,0.07136396916318533,0.35792755344418054,0.33338796918537944,1.1289862022060164,1.1474097878882075,1.2439855903653119,Grocery Stores,Consumer Defensive,VLGEA
2012Q1,2012,Q1,2011-12-08,2011-10-29,6736000.0,342737000.0,12202000.0,0.5,92876000.0,0.2709832903946758,393110000.0,214759000.0,157174000.0,108865000.0,178351000.0,39857000.0,193277000.0,206159460.0,160641460.0,30.605529428530712,1.443751435263859,0.11142682709674137,0.20396351258852946,0.023595377732001495,30.605529428530712,0.03136539097313733,0.6015092038501825,7.651405136579572,0.9599572544107581,0.16998218527315914,6.268936447800888,0.00555395323600479,0.8718602935565108,0.8593395489826849,0.017135153010607716,-440.51166666666666,0.2709832903946758,-0.21875000000000003,1.8980613770079031,1.4745400529835695,1.527808394939911,-0.013772525033714546,-0.23140118667275217,-0.221513334183999,0.9992139621698646,1.2257886780344742,1.3018071693578732,Grocery Stores,Consumer Defensive,VLGEA
2011Q4,2011,Q4,2011-10-12,2011-07-30,8764000.0,345020000.0,15674000.0,0.64,94173000.0,0.2729493942380152,386190000.0,208157000.0,152334000.0,107886000.0,178033000.0,38547000.0,187686000.0,303223737.59999996,255008737.59999996,18.452579617566194,1.4119904343473666,0.11172479867422772,0.20728104267451972,0.03592616443357703,18.452579617566194,0.04210283584025519,0.8788584360326936,8.649695846645368,1.4567068971977881,0.1306481058877225,6.507562196798713,0.0037760895933234484,0.8933944431497449,0.9615890847746695,0.022693492840311764,19.836696166426794,0.2729493942380152,4.333333333333334,0.9687504524300009,0.4836020488488496,0.5609105818281812,0.08973824897590779,4.2541966426858515,3.6441481481481484,-0.2676272058746606,-0.33321360667858296,-0.29914484978916106,Grocery Stores,Consumer Defensive,VLGEA
2011Q3,2011,Q3,2011-06-09,2011-04-30,1668000.0,316594000.0,3375000.0,0.12,86418000.0,0.2729615848689489,366188000.0,202173000.0,139209000.0,92782000.0,164015000.0,37047000.0,180067000.0,186711200.0,143114200.0,29.27921795800145,1.5003880062943242,0.1106480824057588,0.20041251799201673,0.006933221578102394,29.27921795800145,0.008250359840334762,0.5897496478139194,27.98429256594724,0.923521934185079,0.685251798561151,6.213080681296731,0.006121753810162433,0.864566834522158,1.003783061369662,0.004555037303243143,15.528210246174318,0.2729615848689489,-0.76,-0.23916823374201868,1.3878230792214914,1.5926310407527478,-0.02507868819169459,-0.7478839177750907,-0.7176441060821551,-0.47486066773085983,0.7918294174250269,0.8927777392029901,Grocery Stores,Consumer Defensive,VLGEA
2011Q2,2011,Q2,2011-03-08,2011-01-29,6616000.0,329917000.0,11953000.0,0.5,88641000.0,0.26867666716174066,357899000.0,202092000.0,128909000.0,87129000.0,155807000.0,37592000.0,179542000.0,216752120.0,182125120.0,29.723782909251362,1.4795188743128005,0.1130626238128634,0.2002305880490074,0.02452959448010195,29.723782909251362,0.03273756506937434,0.6569898489620116,8.190451934703749,1.0725418126397877,2.116837968561064,6.418280485209619,0.0646129781798674,0.92181593131023,0.9352569179033388,0.01848566215608314,10.195301975540922,0.26867666716174066,0.6666666666666667,1.78686785543966,1.3229990353088414,1.699041046729779,0.0953204740074388,0.6817488561260803,0.63426305715067,0.9494932714061961,1.1376435032498455,1.1698647474921766,Grocery Stores,Consumer Defensive,VLGEA
2011Q1,2011,Q1,2010-12-08,2010-10-30,3934000.0,307397000.0,7314000.0,0.3,80927000.0,0.2632654189858717,359627000.0,208105000.0,129523000.0,84511000.0,151522000.0,36401000.0,186931000.0,197859200.0,171276200.0,30.7120720188902,1.5326170557678882,0.11627603044265308,0.20093702698157181,0.01700583233637132,30.7120720188902,0.0189039186948896,0.6436601528316802,12.573665480427046,0.9507661997549314,0.7099644128113879,6.22153237548419,0.014116098720706441,0.854766188300656,0.853545692276745,0.010939111913176707,88.80574506283662,0.2632654189858717,-0.5522388059701493,1.491323427858591,1.3733315829114954,1.8660429906327483,-0.13712841728152855,-0.5578284815106216,-0.5376153748893665,0.7403847263189876,1.217681085931562,1.3086690737266629,Grocery Stores,Consumer Defensive,VLGEA
2010Q4,2010,Q4,2010-10-12,2010-07-31,8897000.0,342740000.0,15818000.0,0.67,93788000.0,0.27364182762443834,357129000.0,205775000.0,125882000.0,84681000.0,151354000.0,36256000.0,185790000.0,184052880.0,156853880.0,30.566696375519903,1.48654361663183,0.117167746108549,0.2033483173368971,0.03680790509885804,30.566696375519903,0.04323654476977281,0.5370043764953025,5.171768011689333,0.8944375167051392,0.31370124761155443,6.866504854368932,0.015164120224578935,0.9597092367183847,0.9552556063343607,0.024912566607584376,28.224640392577825,0.27364182762443834,0.717948717948718,2.5310037109736694,1.5458658899322864,1.9045993825276926,0.13802434082001627,0.7093179634966379,0.7025078032504575,1.2001706953785938,0.9932101689652298,0.9229278570856027,Grocery Stores,Consumer Defensive,VLGEA
2010Q3,2010,Q3,2010-06-02,2010-04-24,5205000.0,300991000.0,9291000.0,0.39,82413000.0,0.2738055290689755,339473000.0,199169000.0,119786000.0,82492000.0,140304000.0,36296000.0,179684000.0,185625000.0,150920000.0,29.50651851851852,1.4520923241041555,0.09051971732656205,0.15428605857337235,0.02364309951617904,29.50651851851852,0.026133585045865573,0.6167127920768395,8.9157060518732,0.9319974494022664,0.5362151777137368,6.022096098743663,0.015035690235690237,0.8866419420690306,0.8993841827086263,0.015332589042427527,-27.118334550766985,0.2738055290689755,-0.23529411764705882,1.6139359942064968,1.3961374009352854,1.8721387312700648,-0.04344444960304564,-0.22740092029093067,-0.22101115116961517,0.65830347154028,0.8359183109298385,0.8958774551835348,Grocery Stores,Consumer Defensive,VLGEA
2010Q2,2010,Q2,2010-03-03,2010-01-23,6737000.0,315309000.0,11927000.0,0.51,86156000.0,0.2732430726683983,347893000.0,195594000.0,128936000.0,94209000.0,152299000.0,35694000.0,177270000.0,185665200.0,141250200.0,29.07596253902185,1.3686165865257034,0.08833750607226935,0.15712138409153656,0.030839869932587295,29.07596253902185,0.03444379684448398,0.5888357135381483,6.889758052545643,0.949237706678119,0.39661570431943,6.419930520535664,0.014391496090812925,0.9063390180314063,0.8610430001379911,0.019365149629340057,7.515288403157256,0.2732430726683983,0.49999999999999994,1.9077671140443389,1.3162775978677383,1.8973210003941612,0.06935756131466587,0.48326728313518275,0.45079674005595427,1.521617716372341,1.209819143672939,1.3331048684298519,Grocery Stores,Consumer Defensive,VLGEA
2010Q1,2010,Q1,2009-12-02,2009-10-24,4542000.0,302784000.0,8221000.0,0.34,80568000.0,0.2660906785034876,329913000.0,190365000.0,115080000.0,81521000.0,139548000.0,35582000.0,173205000.0,391802400.0,384401400.0,14.537227949599083,1.4116607990579115,0.09360346515596536,0.1622199458934153,0.021723571564931723,14.537227949599083,0.023859427941060593,1.2939996829422955,21.565521796565392,2.0581640532660943,0.5649493615147512,6.245180147265471,0.0065492197087103085,0.9177692300697456,0.5124814464984483,0.013767265915559556,-42.2565142364107,0.2660906785034876,-0.31999999999999995,0.6279997786636348,0.22861242919347197,0.4920896434506077,-0.06253054385515813,-0.320059880239521,-0.29650864282046896,0.04712518254317243,0.17141934701886438,0.20067607181777844,Grocery Stores,Consumer Defensive,VLGEA
2009Q4,2009,Q4,2009-10-07,2009-07-25,6680000.0,310925000.0,11686000.0,0.5,85942000.0,0.2764074937685937,338810000.0,187398000.0,124558000.0,93702000.0,151412000.0,34273000.0,171229000.0,388752210.0,369093210.0,14.36991028295376,1.3292992678918272,0.10420884861721909,0.18840649313226396,0.0272028725432302,14.36991028295376,0.03564605812228519,1.250308627482512,14.549109655688623,2.074473633656709,0.35793413173652694,6.564438479269396,0.006150447350511525,0.9176972344381807,0.8634821028366524,0.019716065051208643,37.07698712446352,0.2764074937685937,0.06382978723404262,0.4668083238081504,0.14562623129982447,0.49016551471755715,0.07333583114774572,0.06845809341010876,0.06995055850576817,0.29803918142536245,0.15651650190026334,0.21555606237468422,Grocery Stores,Consumer Defensive,VLGEA
2009Q3,2009,Q3,2009-06-03,2009-04-25,6252000.0,293474000.0,10922000.0,0.47,80070000.0,0.2728350722721604,322087000.0,188960000.0,111729000.0,82884000.0,133127000.0,33808000.0,166940000.0,402685050.0,390407050.0,14.476365586455222,1.3480165049949326,0.10863524451468082,0.1851714648602879,0.028432383573923116,14.476365586455222,0.033086367485182046,1.3721319435452544,16.10224928023033,2.131059748094835,0.35460652591170827,6.312233790818741,0.005505543352056402,0.9111637538925819,0.8493557260749964,0.019410904507167318,-74.10472027972028,0.2728350722721604,-0.21666666666666667,1.177137914409944,0.22174159895201023,0.5553026962181258,-0.05867553873102832,-0.21417797888386123,-0.21243149697144506,0.5085680478491501,0.17090710661643443,0.2818605616640768,Grocery Stores,Consumer Defensive,VLGEA
2009Q2,2009,Q2,2009-03-05,2009-01-24,7956000.0,312714000.0,13868000.0,0.6,85061000.0,0.27200892828590983,323748000.0,183484000.0,119925000.0,94113000.0,140264000.0,35135000.0,162906000.0,357344100.0,334732100.0,14.094638193270855,1.274266041885818,0.09921605693317025,0.17506158575134617,0.03749289240187019,14.094638193270855,0.04336072900089381,1.1427185863120934,11.228761312217195,1.9475491050990823,0.25678733031674206,6.479379536075139,0.005717178484267685,0.9659179361725787,0.8021102291925664,0.024574669187145556,23.18459092973464,0.27200892828590983,0.25,1.0720091973025654,0.22762517362652146,0.5440288015209489,0.07034012407041562,0.24956808544055284,0.2513986645009926,0.750315860590945,0.14998568335174342,0.2798507894701023,Grocery Stores,Consumer Defensive,VLGEA
2009Q1,2009,Q1,2008-12-03,2008-10-25,6367000.0,290984000.0,11082000.0,0.48,79471000.0,0.27311123635663814,308942000.0,176309000.0,95978000.0,88751000.0,132633000.0,34272000.0,156992000.0,284427000.0,275039000.0,13.29630467571644,1.0814300683935956,0.10543402968842049,0.18474950229426745,0.03092219304509508,13.29630467571644,0.036112733893335,0.9774661149753938,11.16801476362494,1.613230181102496,0.2858489084341134,6.171597805788982,0.0063988299282416936,0.9418725844980611,0.6818627395747654,0.020609046358216105,367.4767441860465,0.27311123635663814,-0.07692307692307698,1.3556829109925947,0.1960865556240606,0.5027464210163537,-0.006972472478726462,-0.07604121317660717,-0.06787787030027757,1.0604424062803641,0.14804200031306525,0.24080787495273623,Grocery Stores,Consumer Defensive,VLGEA
2008Q4,2008,Q4,2008-10-08,2008-07-26,6891000.0,297968000.0,11889000.0,0.52,80029000.0,0.2685825323524674,304045000.0,171031000.0,97703000.0,88832000.0,133014000.0,33073000.0,152445000.0,150220000.0,134828000.0,26.32866379310345,1.0998626621037464,0.10688220493676923,0.19000649005151113,0.031158973499594525,26.32866379310345,0.04029094140828271,0.5041480964398861,5.449862139021913,0.8783203045062006,0.2395878682339283,6.589635049738457,0.010990547197443749,0.9800128270486277,0.6448577089337176,0.022664408229045044,8.91883868669477,0.2685825323524674,0.4054054054054055,3.8242189034300207,1.454107441938707,2.0411060247561545,0.05941144544022452,0.40203458799593084,0.38760504201680673,1.8342289149061293,1.293709677473013,1.5018804667904433,Grocery Stores,Consumer Defensive,VLGEA
2008Q3,2008,Q3,2008-06-05,2008-04-26,4915000.0,273406000.0,8568000.0,0.37,75541000.0,0.27629605787729605,285514000.0,165282000.0,79811000.0,72905000.0,120232000.0,32811000.0,147205000.0,255366313.7,254489313.7,15.46891499808653,1.0947260133049859,0.11461084220038247,0.1979828414467395,0.024971243845986466,15.46891499808653,0.02973705545673455,0.9340186890558363,12.989130910478128,1.5450340248786922,0.0,6.030447106153424,0.0,0.9575922721828002,0.5552156916535217,0.01721456741175564,-400.88903249607534,0.27629605787729605,-0.24489795918367346,2.016393268551389,0.4373552782592135,0.814850509473603,-0.04875776006447307,-0.2366827147072527,-0.23383707413037647,0.5593219913107317,0.37500512128884733,0.5057306699482293,Grocery Stores,Consumer Defensive,VLGEA
2008Q2,2008,Q2,2008-03-05,2008-01-26,6439000.0,292829000.0,11183000.0,0.49,79413000.0,0.2711924023918396,304814000.0,176710000.0,99413000.0,80878000.0,128104000.0,34237000.0,158868000.0,321081000.0,302135000.0,13.6984496124031,1.2291723336383193,0.10947987953309231,0.18884613208081036,0.03082095796893934,13.6984496124031,0.03643823213174127,1.096479515348548,12.46626028886473,1.8169939448814443,0.0,6.233490083827438,0.0,0.9606809398518441,0.7062736467271693,0.021124357805087694,21.972284951755288,0.2711924023918396,0.48484848484848475,0.5233718207076523,0.1965539824803836,0.6234309280114174,0.13099765007477035,0.4981386691484411,0.573740500985083,0.44924968826783235,0.12176023685817698,0.3650040194401742,Grocery Stores,Consumer Defensive,VLGEA
2008Q1,2008,Q1,2007-12-05,2007-10-27,4298000.0,263559000.0,7106000.0,0.33,70215000.0,0.2664109364506619,288582000.0,171395000.0,88267000.0,80521000.0,117187000.0,32816000.0,153942000.0,338205000.0,324977000.0,13.302933871468488,1.0961985072217186,0.08215689128220055,0.13832958954461916,0.02090824631811098,13.302933871468488,0.025076577496426382,1.2832231113337051,19.672231270358306,1.97324892791505,0.31433224755700323,5.89176011701609,0.003994618648452861,0.9132898101752708,0.49261683287589575,0.01489351380196963,-32.58864906533051,0.2664109364506619,-0.31249999999999994,0.6753717230673704,0.16239727778083668,0.6377676020769705,-0.0422441073766914,-0.32122552116235,-0.3233669777185298,0.5657715921993588,0.08696264743637518,0.3654026700237469,Grocery Stores,Consumer Defensive,VLGEA
2007Q4,2007,Q4,2007-10-10,2007-07-28,6332000.0,269256000.0,10502000.0,0.48,73312000.0,0.27227619811629084,283123000.0,167565000.0,98032000.0,75673000.0,115558000.0,29792000.0,150596000.0,234071520.54,207501520.54,15.895914276184502,1.2954686612133786,0.09633975339340145,0.16277862322083966,0.029328663996256246,15.895914276184502,0.03778832095007907,0.8693270365005793,9.241610886765635,1.3968998331393787,0.17924826279216677,6.577067669172933,0.004848945302621906,0.9510212875675943,0.8274153264704717,0.02236483789730965,36.79791236283603,0.27227619811629084,0.29729729729729726,0.8946893264132146,0.3853052307158945,0.9937083287305053,0.05213909499275248,0.29541734860883795,0.3037864680322781,0.720088948795481,0.22734255315856186,0.6484127466944509,Grocery Stores,Consumer Defensive,VLGEA
2007Q3,2007,Q3,2007-06-06,2007-04-28,4888000.0,255314000.0,8055000.0,0.37,69679000.0,0.27291492045089577,276516000.0,163601000.0,94777000.0,72778000.0,112915000.0,30573000.0,145399000.0,252126194.57999998,228496194.57999998,15.563515689183651,1.3022754128995027,0.10051497924170753,0.16988893710918637,0.02442066154945967,15.563515689183651,0.029877567985525762,0.9875141769742356,12.895161343085107,1.5411042388493956,0.19783142389525368,6.07186079220227,0.0038353809353719077,0.9233245092508209,0.7945258182417764,0.017677096442882147,-150.61301946236557,0.27291492045089577,-0.05128205128205133,1.4473683796354906,0.38031827088959813,1.0396957575115406,-0.02644889062761974,-0.034564487458028835,-0.05800491170623319,1.1136363087715588,0.31982530722724994,0.6721032478392714,Grocery Stores,Consumer Defensive,VLGEA
2007Q2,2007,Q2,2007-03-20,2007-01-27,5063000.0,270396000.0,8551000.0,0.39,71572000.0,0.2646932646932647,279331000.0,158870000.0,98795000.0,80195000.0,120461000.0,32182000.0,141478000.0,264521000.0,238291000.0,12.462347034828992,1.2319346592680342,0.10149249456737705,0.1784477874992132,0.026537196319206282,12.462347034828992,0.03186882356643797,0.9782726075829524,13.061475409836065,1.6650154214137345,0.1694647442227928,6.178111988067864,0.0032435988069000193,0.9680128592959607,0.7344472847434379,0.01812544973526032,18.269286552938738,0.2646932646932647,0.1818181818181818,0.30137114442163515,0.12221503559497343,0.6639178466515053,0.06224583692006293,0.19976303317535546,0.18599167822468793,0.3465021282278897,0.08397916773464759,0.3652157999707928,Grocery Stores,Consumer Defensive,VLGEA
2007Q1,2007,Q1,2006-12-06,2006-10-28,4220000.0,251469000.0,7210000.0,0.33,67378000.0,0.26793759867021383,270932000.0,154250000.0,90862000.0,75842000.0,116682000.0,30646000.0,137287000.0,,,,,,,,,,,,,,,,,,,,,,,,,,,,,,,Grocery Stores,Consumer Defensive,VLGEA
