Quarters,Year,Quarter,FillingDate,Date,NetIncome,Revenue,OperatingIncome,EPSDiluted,GrossProfit,GrossProfitRatio,TotalAssets,CommonStockEquity,CurrentAssets,CurrentLiability,TotalLiability,Inventory,RetainedEarnings,MarketCap,EnterpriseValue,bookValuePerShare,currentRatio,debtToAssets,debtToEquity,roic,shareholdersEquityPerShare,roe,priceToSalesRatio,peRatio,pbRatio,payoutRatio,inventoryTurnover,dividendYield,assetTurnover,quickRatio,returnOnAssets,priceToFreeCashFlowsRatio,grossProfitMargin,epsdilutedGrowth,fiveYNetIncomeGrowthPerShare,fiveYRevenueGrowthPerShare,fiveYShareholdersEquityGrowthPerShare,grossProfitGrowth,netIncomeGrowth,operatingIncomeGrowth,threeYNetIncomeGrowthPerShare,threeYRevenueGrowthPerShare,threeYShareholdersEquityGrowthPerShare,Industry,Sector,Symbol
2023Q1,2023,Q1,2023-05-03,2023-03-31,257000.0,11861000.0,-394000.0,0.02,8830000.0,0.7444566225,80182000.0,48050000.0,75012000.0,20025000.0,32132000.0,4982000.0,-11103000.0,56434560.00000001,-6148439.999999993,4.206057422969188,3.7459176029962546,0.05022324212416752,0.08380853277835588,-0.006288594948853075,4.206057422969188,0.005348595213319459,4.757993423825985,54.89743190661479,1.174496566077003,8.964980544747082,0.6083902047370534,0.04082604701799748,0.1479259684218403,3.326342072409488,0.003205208151455439,-80.27675675675677,0.7444566225444735,0.0,-0.9712267131467274,-0.7762384495303268,-0.5200537472384865,-0.04530219483187371,0.3670212765957447,-77.8,1.4115720677450736,-0.2718755610017623,-0.38673240934968084,Internet Retail,Consumer Cyclical,NHTC
2022Q4,2022,Q4,2023-03-03,2022-12-31,188000.0,12512000.0,-5000.0,0.02,9249000.0,0.7392103581,82817000.0,50151000.0,77551000.0,20438000.0,32666000.0,4525000.0,-9056000.0,39180890.0,-26362110.0,4.390352796988532,3.7944515118896174,0.04979653935786131,0.08223166038563538,-3.63344605648764e-05,4.390352796988532,0.0037486789894518556,3.131464993606138,52.102247340425535,0.7812583996331081,12.143617021276595,0.7211049723756906,0.05826820166667985,0.15108009225159086,3.408699481358254,0.0022700653247521643,42.35771891891892,0.739210358056266,3.8780487804878048,1.0413357483252585,-0.7321312902515026,-0.453900787591676,0.07321884427941518,3.0,0.9655172413793104,1.060550700732617,-0.3578462547870836,-0.3884481396500041,Internet Retail,Consumer Cyclical,NHTC
2022Q3,2022,Q3,2022-11-02,2022-09-30,47000.0,11716000.0,-145000.0,0.0041,8618000.0,0.7355752817,84595000.0,51909000.0,79012000.0,20239000.0,32686000.0,4989000.0,-6961000.0,41922410.0,-24378590.0,4.544252823251335,3.9039478235090668,0.051563331166144574,0.08403167080853031,-0.002676131887947236,4.544252823251335,0.0009054306574967732,3.5782186753158074,222.9915425531915,0.8076135159606234,48.61702127659574,0.6209661254760473,0.054505454242730796,0.13849518293043325,3.491427442067296,0.0005555883917489214,-17.90026046114432,0.7355752816660976,-0.795,-0.9936875025157484,-0.7122802813396348,-0.47720985219232426,-0.13543338683788123,-0.7431693989071039,-1.6744186046511629,1.0351636326168379,-0.3599553547260592,-0.4153402964695468,Internet Retail,Consumer Cyclical,NHTC
2022Q2,2022,Q2,2022-08-03,2022-06-30,183000.0,13360000.0,215000.0,0.02,9968000.0,0.7461077844,88032000.0,54548000.0,84234000.0,22744000.0,33484000.0,5193000.0,-4723000.0,60871290.0,-12141710.0,4.807685527939362,3.7035701723531482,0.02976190476190476,0.04803109188237882,0.0016873723052220411,4.807685527939362,0.003354843440639437,4.556234281437126,83.1575,1.115921573659896,12.486338797814208,0.6531869824764106,0.03753822204195113,0.15176299527444564,3.3254045022863172,0.0020787895310796075,-51.152344537815125,0.7461077844311377,3.1505376344086025,-0.9823994264119752,-0.7427627178011771,-0.4274006251059625,0.1539708265802269,2.742857142857143,1.5613577023498695,-0.5497684244738766,-0.44301101151568756,-0.32857683460248,Internet Retail,Consumer Cyclical,NHTC
2022Q1,2022,Q1,2022-05-04,2022-03-31,-105000.0,11546000.0,-383000.0,-0.0093,8638000.0,0.7481378832,93042000.0,56870000.0,88916000.0,22198000.0,36172000.0,4860000.0,-2621000.0,79678320.0,3161320.0,5.053314377110361,4.005586088836832,0.030792545302121624,0.050378055213645155,-0.0023531580240845414,5.053314377110361,-0.0018463161596623879,6.900945782089035,-189.71028571428573,1.4010606646738175,-21.761904761904763,0.5983539094650205,0.02867781348803539,0.12409449495926571,3.576087935850077,-0.001128522602695557,-33.36613065326633,0.7481378832496103,-1.458128078817734,-1.0100495683069681,-0.8075900834795544,-0.36311768047306003,-0.27745713090757007,-1.4525862068965518,-1.786447638603696,0.9450145235238946,-0.3984349254922754,-0.3329542620023095,Internet Retail,Consumer Cyclical,NHTC
2021Q4,2021,Q4,2022-02-25,2021-12-31,232000.0,16108000.0,487000.0,0.0203,11955000.0,0.7421777999,98355000.0,59488000.0,93469000.0,24656000.0,38867000.0,5257000.0,-231000.0,75434840.0,-5241160.0,5.33094363294202,3.7909231018818947,0.03219968481521021,0.05323762775685852,0.0033137223134488488,5.33094363294202,0.0038999462076385154,4.683066799106034,81.28754310344827,1.2680681818181818,9.84051724137931,0.7899942933231882,0.030264530288657072,0.16377408367647805,3.4005110317975342,0.00235880229779879,49.857792465300726,0.7421777998510057,-0.49250000000000005,-0.9877547551656728,-0.7401044756823345,-0.27451986780557114,0.12697963800904977,-0.5074309978768577,0.016701461377870562,-0.9576600029265125,-0.6070726915012645,-0.3283892582039304,Internet Retail,Consumer Cyclical,NHTC
2021Q3,2021,Q3,2021-11-03,2021-09-30,471000.0,14276000.0,479000.0,0.04,10608000.0,0.7430652844,98976000.0,61555000.0,93416000.0,22867000.0,37421000.0,4390000.0,1820000.0,79321710.0,-1805290.0,5.564042303172738,4.08518826256177,0.03549345295829292,0.057070912192348305,0.0077222348981393655,5.564042303172738,0.007651693607343027,5.5562979826281875,42.10281847133758,1.2886314677930306,4.851380042462845,0.8355353075170843,0.028806741559151965,0.14423698674426125,3.7014037696243496,0.004758729388942774,-70.63375779162956,0.7430652843933875,1.0,-0.9619960297323693,-0.7953507771404607,-0.09254815830137321,-0.1317727942380095,1.056768558951965,0.24415584415584415,-0.9368890694268116,-0.6897849801751782,-0.28672431469110055,Internet Retail,Consumer Cyclical,NHTC
2021Q2,2021,Q2,2021-08-04,2021-06-30,229000.0,16152000.0,385000.0,0.02,12218000.0,0.7564388311,101406000.0,63432000.0,95527000.0,23140000.0,37974000.0,3706000.0,3634000.0,76666320.0,-7740680.0,5.783369803063457,4.128219533275713,0.0365560223260951,0.05844053474586959,0.0038173613933895154,5.783369803063457,0.003610165216294615,4.746552748885587,83.6968558951965,1.2086379114642454,9.97816593886463,1.0615218564490017,0.029804482594182165,0.15928051594580203,3.8078651685393257,0.002258249018795732,1533.3264,0.7564388311045072,1.0,-0.9806064416047017,-0.7923957108211298,0.14961377191374178,0.1962012923438418,0.49673202614379086,0.75,-0.9738568055232543,-0.6731884945630661,-0.23639079989001804,Internet Retail,Consumer Cyclical,NHTC
2021Q1,2021,Q1,2021-05-05,2021-03-31,153000.0,13469000.0,220000.0,0.01,10214000.0,0.758333952,103485000.0,65376000.0,97234000.0,21389000.0,38109000.0,3627000.0,5690000.0,73399500.0,-12806500.0,6.012139047268715,4.5459815793164715,0.03873025076097985,0.06130690161527166,0.0019109712230215828,6.012139047268715,0.002340308370044053,5.449513698121613,119.93382352941177,1.1227285242290748,14.934640522875817,0.8974358974358975,0.031131002254783754,0.13015412861767406,4.217775492075366,0.0014784751413248296,209.1153846153846,0.7583339520380132,-0.8571428571428571,-0.9853147905016455,-0.8038557591828605,0.4349033612450248,-0.18749502823959907,-0.7951807228915663,-0.8262243285939969,-0.9820039724789565,-0.733050952601298,-0.31396476161734665,Internet Retail,Consumer Cyclical,NHTC
2020Q4,2020,Q4,2021-02-26,2020-12-31,747000.0,16595000.0,1266000.0,0.07,12571000.0,0.7575173245,105942000.0,67697000.0,99741000.0,21506000.0,38245000.0,3779000.0,7822000.0,53669460.00000001,-34759539.99999999,6.2816182611116265,4.637822003161908,0.03717128239980367,0.05817096769428483,0.008432449401933112,6.2816182611116265,0.011034462383857482,3.2340741187104554,17.96166666666667,0.7927893407388806,3.0562248995983934,1.0648319661286054,0.042538158572864346,0.15664231371882728,4.294940946712545,0.007051027920937872,16.015953446732322,0.7575173244953299,0.16666666666666682,-0.9386852726452679,-0.7466609183504783,0.33993997585154984,0.19849366002478788,0.1763779527559055,0.8952095808383234,1.1740888076657607,-0.6234221246901085,-0.21865350151454685,Internet Retail,Consumer Cyclical,NHTC
2020Q3,2020,Q3,2020-11-04,2020-09-30,635000.0,14124000.0,668000.0,0.06,10489000.0,0.7426366468,107088000.0,68676000.0,100020000.0,21311000.0,38412000.0,4259000.0,9358000.0,60223920.0,-26198080.0,6.431541487169882,4.693350851672845,0.040779545794113255,0.06358844428912575,0.005203849754510737,6.431541487169882,0.009246316034713728,4.263942225998301,23.710204724409447,0.876928184518609,3.5984251968503935,0.8534867339751115,0.03794173477913759,0.13189152846257285,4.260194265872085,0.005929702674435978,-101.90172588832488,0.7426366468422543,18.999999999999996,-0.9499119365668471,-0.7995919074034569,0.6134220763604203,-0.09476137050142401,17.676470588235293,2.650273224043716,-0.9087637669930728,-0.628945046993918,-0.26008814749373027,Internet Retail,Consumer Cyclical,NHTC
2020Q2,2020,Q2,2020-08-05,2020-06-30,34000.0,16404000.0,183000.0,0.003,11587000.0,0.7063521092,108477000.0,69835000.0,102377000.0,22728000.0,38642000.0,4114000.0,11008000.0,60729200.0,-29266800.0,6.600661625708884,4.50444385779655,0.029591526314333913,0.045965490083768885,0.00026491769328304635,6.600661625708884,0.00048686188873773895,3.702097049500122,446.53823529411767,0.8696097945156441,67.20588235294117,1.1708799222168207,0.03762605138878826,0.15122099615586715,4.100932770151355,0.0003134304967873374,-722.9666666666667,0.7063521092416484,1.0548446069469837,-0.9967523497027378,-0.7241592814964868,1.0548682549049293,0.11050412114241902,1.0593368237347296,1.1263812154696133,-0.9964931938446544,-0.6612850805978405,-0.21385566946847964,Internet Retail,Consumer Cyclical,NHTC
2020Q1,2020,Q1,2020-05-06,2020-03-31,-573000.0,14948000.0,-1448000.0,-0.0547,10434000.0,0.698019802,113669000.0,71897000.0,107721000.0,24801000.0,41772000.0,5406000.0,13259000.0,34489070.0,-57951930.0,6.858437470189831,4.343413572033386,0.025970141375396986,0.04105873680403911,-0.007870434509540402,6.858437470189831,-0.00796973448127182,2.30726986887878,-15.047587260034904,0.47970110018498685,-3.987783595113438,0.8349981502034776,0.06625287373652,0.13150463186972702,3.846336841256401,-0.005040952238517098,-34.420229540918164,0.698019801980198,0.7974074074074075,-1.101021082430962,-0.5638046241829751,1.6138675383710475,-0.18055446477656484,0.7983814215341309,0.022941970310391364,-1.0588754248914138,-0.7325760420454451,-0.13561333446213503,Internet Retail,Consumer Cyclical,NHTC
2019Q4,2019,Q4,2020-03-09,2019-12-31,-2842000.0,17835000.0,-1482000.0,-0.27,12733000.0,0.7139332773,118497000.0,75064000.0,108375000.0,26302000.0,43433000.0,6404000.0,16117000.0,56253280.0,-36562720.0,7.179035960214231,4.1204090943654474,0.02716524468973898,0.042883406160076736,-0.01752978267225514,7.179035960214231,-0.037861025258446125,3.154094757499299,-4.948388458831809,0.7494042417137377,-1.621393384940183,0.7966895690193629,0.08191522343230474,0.15051013949720246,3.651243251463767,-0.023983729545895678,551.5027450980392,0.7139332772638072,-1.2500000000000002,-1.5945807410947392,-0.3885502982324913,2.444851584387108,0.0064021498577300036,-1.2864038616251006,-0.39285714285714285,-1.1600896535053231,-0.6928928015010083,-0.023015751796559257,Internet Retail,Consumer Cyclical,NHTC
2019Q3,2019,Q3,2019-11-05,2019-09-30,-1243000.0,17023000.0,-1064000.0,-0.12,12652000.0,0.743229748,127107000.0,82567000.0,116109000.0,27086000.0,44540000.0,7999000.0,23567000.0,75210840.0,-22310160.0,7.772474818789419,4.2866794654064835,0.028259655251087666,0.04350406336672036,-0.01988635795501457,7.772474818789419,-0.015054440636089478,4.418189508312284,-15.12687851971038,0.9109067787372679,0.0,0.5464433054131766,0.0,0.13392653433721197,3.7330355165029903,-0.009779162437945983,-20.169171359613838,0.7432297479880162,-4.0,-1.2705332834050673,-0.3730179892883812,2.8442607365587413,-0.29793019255313247,-4.130982367758186,-265.0,-1.104449152887028,-0.7458644678177201,0.2676299360349581,Internet Retail,Consumer Cyclical,NHTC
2019Q2,2019,Q2,2019-08-07,2019-06-30,397000.0,23428000.0,-4000.0,0.04,18021000.0,0.7692077856,136091000.0,79352000.0,124576000.0,31528000.0,56739000.0,10343000.0,40169000.0,90872399.99999999,-13364600.000000015,7.160440353726764,3.951281400659731,0.028429506727116416,0.048757435225325135,-4.9414663396834914e-05,7.160440353726764,0.005003024498437343,3.8787946047464565,57.22443324937027,1.1451809658231675,0.0,0.5227690225273132,0.0,0.17214951760219266,3.42888860695255,0.002917165719996179,-23.888643533123023,0.7692077855557453,1.2352941176470589,-0.9306916806156516,-0.2690546819610548,3.7945828379632984,0.2777226318774816,1.2064482579303173,0.9985234403839055,-0.966724712032962,-0.701973743735362,0.4233467898336417,Internet Retail,Consumer Cyclical,NHTC
2019Q1,2019,Q1,2019-05-07,2019-03-31,-1923000.0,19328000.0,-2709000.0,-0.17,14104000.0,0.729718543,149348000.0,85855000.0,137560000.0,36330000.0,63493000.0,12310000.0,39772000.0,144609080.0,30017080.0,7.575663990117357,3.7864024222405726,0.027499531296033424,0.047836468464271156,-0.024320849000882664,7.575663990117357,-0.022398229573117465,7.481843956953642,-18.79993239729589,1.6843408071748878,-1.422776911076443,0.4243704305442729,0.018919973766515906,0.1294158609422289,3.267244701348748,-0.01287596753890243,-12.68945945945946,0.7297185430463576,-1.3469387755102042,-1.6277274766897247,-0.1634680539715991,8.000012401100417,-0.5695932130977448,-1.3459255261737724,-1.4725274725274726,-1.1770975038064324,-0.7299329722223882,0.8080662535608913,Internet Retail,Consumer Cyclical,NHTC
2018Q4,2018,Q4,2019-04-26,2018-12-31,5559000.0,41590000.0,5733000.0,0.49,32769000.0,0.7879057466,157921000.0,89861000.0,150187000.0,43084000.0,68060000.0,12165000.0,44431000.0,209325289.99999997,76672289.99999997,7.937549686423461,3.4859112431529105,0.0,0.0,0.05855308676915955,7.937549686423461,0.06186220941231457,5.033067804760759,9.413801493074294,2.329434237322086,0.6958085986688253,0.7251130291820798,0.018478417013061348,0.2633595278651984,3.078938817194318,0.03520114487623559,47.466052154195005,0.7879057465736956,-0.2686567164179105,2.4976467826498716,1.160447833683845,13.672123683987945,-0.11714308807285072,-0.27133307117577665,-0.2694023193577163,-0.5656358576790294,-0.39559653147162516,0.6931688130415868,Internet Retail,Consumer Cyclical,NHTC
2018Q3,2018,Q3,2018-10-30,2018-09-30,7629000.0,47043000.0,7847000.0,0.67,37117000.0,0.7890015518,156292000.0,88218000.0,148243000.0,43913000.0,68074000.0,11119000.0,42740000.0,260672450.0,128466450.0,7.800689716155275,3.375834035479243,0.0,0.0,0.08381920944449776,7.800689716155275,0.08647894987417534,5.541152775120635,8.542156573600733,2.954866920583101,0.5965395202516712,0.8927061786131847,0.017458691933113762,0.30099429273411304,3.010634663994717,0.04881247920558954,29.931387070846252,0.7890015517717832,-0.1625,4.709804528211002,2.280704494388252,18.52092921135455,-0.08377971415171188,-0.15449407070819018,-0.2236842105263158,-0.4318096639528546,-0.36974214405162353,0.9568877887190376,Internet Retail,Consumer Cyclical,NHTC
2018Q2,2018,Q2,2018-08-01,2018-06-30,9023000.0,50910000.0,10108000.0,0.8,40511000.0,0.7957375761,152367000.0,85568000.0,144178000.0,41987000.0,66799000.0,10358000.0,39662000.0,282675960.0,154405960.0,7.573729863692689,3.4338723890728082,0.0,0.0,0.10489827778009646,7.573729863692689,0.10544829842931937,5.552464348850913,7.8320946470131885,3.303524214659686,2.3954338911670177,1.0039582931067774,0.07646210876934849,0.3341274685463388,3.0549932121847236,0.05921885972684374,53.853297771004,0.7957375761147122,0.025641025641025664,8.833658886293604,3.7327307119240234,26.142043500567713,-0.03879371707872633,0.02255213055303717,0.006371963361210673,-0.19290362550206674,-0.19832967267822985,1.3577965286860376,Internet Retail,Consumer Cyclical,NHTC
2018Q1,2018,Q1,2018-05-02,2018-03-31,8824000.0,52367000.0,10044000.0,0.78,42146000.0,0.8048198293,167387000.0,98906000.0,159060000.0,41778000.0,68481000.0,7944000.0,52253000.0,214546860.00000003,69451860.00000003,8.763600921495659,3.807266982622433,0.0,0.0,0.08779129401130883,8.763600921495659,0.08921602329484561,4.096985888059274,6.078503513145966,2.1691996441065253,0.16761106074342702,1.286631419939577,0.006893598908881724,0.31284986289257827,3.4730001436162574,0.052716160753224564,19.279911933860536,0.8048198292817996,2.95,29.15448698118788,4.936899869274588,43.35496049384337,0.1493945674702738,2.966131907308378,0.15634354133087727,0.4450019559453877,0.419388240042796,2.339957835512944,Internet Retail,Consumer Cyclical,NHTC
2017Q4,2017,Q4,2018-03-27,2017-12-31,-4488000.0,46092000.0,8686000.0,-0.4,36668000.0,0.7955393561,159554000.0,90621000.0,151243000.0,41921000.0,68933000.0,8398000.0,44908000.0,171221680.0,35910680.0,8.039478353442158,3.607809928198278,0.0,0.0,-0.04872280760618611,8.039478353442158,-0.04952494454927666,3.7147808730365357,-9.5377495543672,1.889426071219695,-0.6820409982174688,1.1221719457013575,0.017877408982320462,0.2888802537072088,3.2277617423248492,-0.028128407937124737,15.250884474926517,0.7955393560704678,-1.6153846153846154,-9.2801156982739,4.556618472981211,45.41756438535331,0.14770415349463206,-1.6116107931316435,0.020202020202020204,-1.870972027217555,0.46581030822144753,2.857733809523171,Internet Retail,Consumer Cyclical,NHTC
2017Q3,2017,Q3,2017-11-01,2017-09-30,7338000.0,40132000.0,8514000.0,0.65,31949000.0,0.796097877,147399000.0,97858000.0,140546000.0,42526000.0,49541000.0,10632000.0,52457000.0,269066200.0,142113200.0,8.692307692307692,3.304942858486573,0.0,0.0,0.07509204247428759,8.692307692307692,0.07498620450039854,6.704530050832253,9.166877895884436,2.7495575221238937,0.555873535023167,0.7696576373212942,0.015159837987826044,0.27226779014783004,2.9853031086864505,0.049783241405979686,-50.20828512782236,0.7960978770058806,-0.2857142857142857,8.571995567988779,3.1900086640533076,67.60044272274487,-0.23332213476674984,-0.2877802581772299,-0.33830729773840057,0.5069998858638091,0.39474791824318856,3.2992094475296763,Internet Retail,Consumer Cyclical,NHTC
2017Q2,2017,Q2,2017-08-02,2017-06-30,10303000.0,51465000.0,12867000.0,0.91,41672000.0,0.8097153405,156566000.0,94399000.0,149703000.0,54703000.0,62167000.0,9804000.0,49198000.0,313117550.0,176856550.0,8.396246553411011,2.736650640732684,0.0,0.0,0.10846870597626852,8.396246553411011,0.10914310532950561,6.084087243757894,7.5977276036106,3.3169583364230557,0.49471027855964284,0.9988780089759282,0.016278231609821933,0.3287112144399167,2.4909237153355392,0.06580611371562153,46.594873511904765,0.8097153405226853,-0.02150537634408604,10.827528197739639,3.5520842598357496,155.71558310546123,-0.1430627814678484,-0.01170263788968825,-0.009621305418719212,0.772941869048761,0.5826962944554045,4.622070381096157,Internet Retail,Consumer Cyclical,NHTC
2017Q1,2017,Q1,2017-04-27,2017-03-31,10425000.0,59874000.0,12992000.0,0.93,48629000.0,0.8121889301,153391000.0,89096000.0,146529000.0,56309000.0,64295000.0,9170000.0,43992000.0,324518100.0,189846100.0,7.934455427909876,2.602230549290522,0.0,0.0,0.11562032171763248,7.934455427909876,0.11700861991559666,5.420017035775127,7.782208633093525,3.642341968214061,0.4777937649880096,1.2262813522355507,0.015348912741692993,0.39033580848941596,2.391660302971106,0.06796357022250328,23.620212533663295,0.812188930086515,-0.4529411764705882,18.891924491792963,5.372107405771302,374.1254948631385,-0.03466004962779156,-0.4526984460310794,-0.35085440191865697,2.4345648836473477,1.6153974365827117,8.426262482116918,Internet Retail,Consumer Cyclical,NHTC
2016Q4,2016,Q4,2017-03-10,2016-12-31,19048000.0,62312000.0,20014000.0,1.7,50375000.0,0.8084317627,148051000.0,82439000.0,141244000.0,57154000.0,65612000.0,11257000.0,38548000.0,278792150.0,152871150.0,7.348159372493092,2.4712880988207298,0.0,0.0,0.2322042969060604,7.348159372493092,0.23105568966144666,4.474132590833227,3.6590737872742545,3.3817992697630976,0.25419991600167996,1.0604068579550503,0.017367777392584403,0.4208819933671505,2.203187878363719,0.12865836772463543,16.73422268907563,0.808431762742329,0.5178571428571427,37.82857070477245,6.342670424829885,99.66879513398325,-0.11703358339760218,0.5169228318865972,0.31601788532351394,11.093703028815314,2.2663084701825156,12.582668130856494,Internet Retail,Consumer Cyclical,NHTC
2016Q3,2016,Q3,2016-10-25,2016-09-30,12557000.0,70679000.0,15208000.0,1.12,57052000.0,0.8071987436,139854000.0,68728000.0,132980000.0,66181000.0,71126000.0,14842000.0,24342000.0,316766340.0,202266340.0,6.131501472031403,2.00933802753056,0.0,0.0,0.18213089093310353,6.131501472031403,0.18270573856361308,4.481760353145913,6.306568846061958,4.608985275288092,0.06267420562236203,0.9181377172887751,0.002484481147839129,0.5053770360518827,1.7315845937655823,0.08978649162698242,55.582793472539045,0.807198743615501,0.04672897196261686,6.362299901493075,5.407048742464891,53.81161621014528,-0.12673728035266027,0.029177936234734858,0.01882494808065921,8.481932404134263,3.973015756158267,14.343849140282703,Internet Retail,Consumer Cyclical,NHTC
2016Q2,2016,Q2,2016-07-27,2016-06-30,12201000.0,80391000.0,14927000.0,1.07,65332000.0,0.8126780361,131654000.0,57013000.0,124937000.0,69377000.0,74641000.0,12302000.0,12572000.0,319477270.0,209828270.0,5.030706785493691,1.8008417775343413,0.0,0.0,0.21377468220643034,5.030706785493691,0.21400382368933402,3.97404274110286,6.546128800917957,5.603586375037272,0.05622489959839357,1.2241099008291334,0.002147257612411675,0.6106233004694123,1.581821064617957,0.09267473832925699,19.56622182753552,0.8126780360985683,0.12631578947368433,16.178779460276925,9.505473895246444,23.054535907657147,0.08767022941431092,0.08164893617021277,0.06720526202902695,12.256115842293124,6.450283685896626,17.028588934105045,Internet Retail,Consumer Cyclical,NHTC
2016Q1,2016,Q1,2016-04-27,2016-03-31,11280000.0,74346000.0,13987000.0,0.95,60066000.0,0.8079251069,118936000.0,49328000.0,112312000.0,63958000.0,69608000.0,10269000.0,1057000.0,390274950.0,290643950.0,4.1899261020980205,1.756027392976641,0.0,0.0,0.2290664203613605,4.1899261020980205,0.22867337009406422,5.249441126624163,8.649710771276595,7.911834049626987,0.05106382978723404,1.3905930470347647,0.0014758825797043854,0.6250924867155445,1.5591325557397042,0.09484092284926347,28.73471874539832,0.807925106932451,-0.15929203539823006,22.228446445256093,11.977696202438151,15.453410345706278,0.025314511035624668,-0.17658223227972844,0.006765997264809616,35.95289315805876,7.080021916533585,20.20635209150571,Internet Retail,Consumer Cyclical,NHTC
2015Q4,2015,Q4,2016-03-04,2015-12-31,13699000.0,73656000.0,13893000.0,1.13,58583000.0,0.7953595091,124152000.0,56809000.0,117712000.0,61573000.0,67343000.0,10455000.0,-9647000.0,406316540.0,301402540.0,4.687984815976233,1.911747031978302,0.0,0.0,0.24065634881174774,4.687984815976233,0.24114136844514072,5.516407896165961,7.415076647930506,7.152326920030277,0.043652821373822905,1.4417025346724055,0.0014717589394711817,0.5932727624202591,1.7048219186981306,0.110340550293189,25.293609312749005,0.7953595090691865,-0.04237288135593224,32.14641795231177,9.439596871077812,19.275923210376554,-0.09563432029392695,-0.0572568990434244,-0.061474025535364456,22.509449221024703,7.2596793390046175,26.067034385379802,Internet Retail,Consumer Cyclical,NHTC
2015Q3,2015,Q3,2015-10-27,2015-09-30,14531000.0,80779000.0,14803000.0,1.18,64778000.0,0.8019163396,109711000.0,48788000.0,103189000.0,59487000.0,60923000.0,6613000.0,-22617000.0,399970520.0,305405520.0,3.9862733883487214,1.7346479062652345,0.0,0.0,0.3005808619312277,3.9862733883487214,0.2978396326965647,4.951417076220305,6.88133163581309,8.198133147495286,0.03372101025393985,2.4196280054438226,0.0012250902891543106,0.7362889774042712,1.5948022256963705,0.13244797695764327,15.744391434419777,0.8019163396427289,0.20408163265306117,17.949971336464735,12.331859157866562,19.26059844332266,0.1646111250943871,0.18398109671636925,0.20712713039223682,16.435547675901198,6.757787860719326,30.4600137195579,Internet Retail,Consumer Cyclical,NHTC
2015Q2,2015,Q2,2015-07-28,2015-06-30,12273000.0,69716000.0,12263000.0,0.98,55622000.0,0.7978369384,88304000.0,39841000.0,81649000.0,46939000.0,48463000.0,5287000.0,-36549000.0,514228380.0,439806380.0,3.212206724179634,1.7394703764460258,0.0,0.0,0.30476893736507416,3.212206724179634,0.3080494967495796,7.376045384129898,10.474789782449278,12.907014884164553,0.030228957875010187,2.6657839984868548,0.0007214693206936576,0.7894999094038775,1.591831952108055,0.13898577640876972,22.496648000699974,0.7978369384359401,0.8148148148148147,21.5447588135416,8.930095587249898,23.45332500201564,0.7502753390603858,0.821460373998219,0.7726221451286499,11.771340781771512,4.589670957743198,58.95570123302124,Internet Retail,Consumer Cyclical,NHTC
2015Q1,2015,Q1,2015-05-04,2015-03-31,6738000.0,40709000.0,6918000.0,0.54,31779000.0,0.7806381881,69448000.0,32675000.0,66082000.0,35170000.0,36773000.0,4859000.0,-48359000.0,222908699.99999997,163042699.99999997,2.6238657351642174,1.878930907023031,0.0,0.0,0.20951380003265405,2.6238657351642174,0.20621270084162205,5.475661401655652,8.270581032947462,6.821995409334353,0.037102997922232116,1.837826713315497,0.0011215354088916227,0.5861795876051146,1.7072504975831675,0.09702223246169796,13.683775322283608,0.7806381881156501,0.20000000000000004,7.710611327161556,4.463911700904111,40.050618898486874,0.13732016319519003,0.16132368148914167,0.1398912506178942,10.593080158912302,2.9066305546478524,124.38984190947575,Internet Retail,Consumer Cyclical,NHTC
2014Q4,2014,Q4,2015-03-06,2014-12-31,5802000.0,35406000.0,6069000.0,0.45,27942000.0,0.7891882732,52540000.0,26450000.0,49613000.0,24425000.0,26090000.0,3760000.0,-54799000.0,145323400.0,100507400.0,2.0839899149070282,2.031238485158649,0.0,0.0,0.224726421247586,2.0839899149070282,0.21935727788279774,4.104485115517144,6.261780420544639,5.494268431001889,0.022061358152361255,1.9851063829787234,0.000880794146021907,0.673886562618957,1.8392221084953941,0.11043014845831747,15.217109947643978,0.7891882731740383,0.0714285714285715,7.2253322642960605,3.335727063426168,240.23341037223796,0.11424811580332575,0.07703731204752182,0.11072474377745242,9.454513576724668,2.6879353071110326,28.983167423529107,Internet Retail,Consumer Cyclical,NHTC
2014Q3,2014,Q3,2014-11-04,2014-09-30,5387000.0,31833000.0,5464000.0,0.42,25077000.0,0.7877674112,47787000.0,25182000.0,45000000.0,22605000.0,22605000.0,4320000.0,-60399000.0,150705500.0,110957500.0,2.0218386190285025,1.9907100199071002,0.0,0.0,0.21514325827614209,2.0218386190285025,0.21392264315781115,4.734253761819495,6.993943753480601,5.984651735366532,0.02840170781511045,1.5638888888888889,0.0010152250581431997,0.6661435118337623,1.7628400796284007,0.11272940339422856,18.847611305652826,0.7877674111770804,-0.16000000000000003,2.5566669825472017,3.6025771823844885,36.83089131235141,-0.060082458770614695,-0.11833060556464811,-0.11413748378728923,1.842481998267861,1.5969784045894135,18.41442380370296,Internet Retail,Consumer Cyclical,NHTC
2014Q2,2014,Q2,2014-07-29,2014-06-30,6110000.0,34189000.0,6168000.0,0.5,26680000.0,0.7803679546,37538000.0,17654000.0,34806000.0,19884000.0,19884000.0,4321000.0,-65658000.0,79200700.0,49578700.0,1.4934438710768971,1.7504526252263126,0.0,0.0,0.34604109912477493,1.4934438710768971,0.34609720176730485,2.3165550323203368,3.2406178396072014,4.486275065141045,0.0,1.737792177736635,0.0,0.9107837391443337,1.4952222892778113,0.16276839469337737,17.568921916592725,0.7803679546052824,0.923076923076923,3.2153746557714946,2.4370784168856834,6.5179964470011,0.4896705750977108,0.9895799413871703,0.9775569092657903,7.247622198036506,3.283367001633034,7.547233397842249,Internet Retail,Consumer Cyclical,NHTC
2014Q1,2014,Q1,2014-05-07,2014-03-31,3071000.0,23162000.0,3119000.0,0.26,17910000.0,0.7732492876,31244000.0,9563000.0,28567000.0,21681000.0,21681000.0,3323000.0,-71706000.0,56805000.0,33471000.0,0.8417392835137752,1.3176052765093862,0.0,0.0,0.32206286084530644,0.8417392835137752,0.3211335355014117,2.452508418962093,4.624308042982742,5.9400815643626474,0.0,1.580499548600662,0.0,0.741326334656254,1.083990590839906,0.0982908718473947,6.910583941605839,0.7732492876262844,0.857142857142857,2.5166498480338655,1.0457526739982175,1.1253809598768272,0.21753908905506458,0.9473684210526315,0.8834541062801933,6.989071714637795,3.1897357984153776,3.9036319429675643,Internet Retail,Consumer Cyclical,NHTC
2013Q4,2013,Q4,2014-03-07,2013-12-31,1577000.0,19101000.0,1656000.0,0.14,14710000.0,0.7701167478,19827000.0,6077000.0,17170000.0,13750000.0,13750000.0,1828000.0,-74619000.0,35945600.0,21395600.0,0.5409952817591026,1.2487272727272727,0.0,0.0,0.26364235662777585,0.5409952817591026,0.25950304426526244,1.8818700591592064,5.698414711477489,5.915023860457463,0.0,2.4020787746170678,0.0,0.9633832652443638,1.0679272727272728,0.07953800373228426,6.619815837937385,0.7701167478142505,0.16666666666666682,5.071097829733588,0.5209013578772084,-0.06858896466265763,0.3601479426722145,0.19379258137774413,0.2479276563677468,4.867996959366116,1.920565107169697,3.109048688236091,Internet Retail,Consumer Cyclical,NHTC
2013Q3,2013,Q3,2013-11-06,2013-09-30,1321000.0,14177000.0,1327000.0,0.12,10815000.0,0.7628553291,13692000.0,4468000.0,11182000.0,9224000.0,9224000.0,1201000.0,-76196000.0,20573040.0,11442040.0,0.39960647527054827,1.2122723330442324,0.0,0.0,0.29235334026233245,0.39960647527054827,0.29565801253357205,1.4511560979050575,3.8934595003785013,4.604529991047449,0.0,2.7993338884263115,0.0,1.0354221443178497,1.0216825672159584,0.0964796961729477,8.147738613861387,0.7628553290541017,0.4999999999999999,1.495798487101623,0.11866833921821301,-0.3011021534722946,0.34715994020926755,0.461283185840708,0.399789029535865,2.6867144684325837,1.5611904342544294,2.8305451406306505,Internet Retail,Consumer Cyclical,NHTC
2013Q2,2013,Q2,2013-08-06,2013-06-30,904000.0,10598000.0,948000.0,0.08,8028000.0,0.7575014154,10785000.0,3106000.0,8413000.0,7679000.0,7679000.0,1031000.0,-77517000.0,10574450.0,3879450.0,0.27904051747372205,1.095585362677432,0.0,0.0,0.29990761219519024,0.27904051747372205,0.2910495814552479,0.9977778826193622,2.924350110619469,3.404523502897617,0.0,2.492725509214355,0.0,0.9826611033843301,0.894257064721969,0.08382012053778395,6.970632827949901,0.7575014153613889,1.6666666666666667,1.7307796873344141,-0.25680426502194437,-0.6530389429188557,0.24988323213451658,2.1498257839721253,2.2465753424657535,2.6862086172681594,0.6820443554310739,2.950493217141317,Internet Retail,Consumer Cyclical,NHTC
2013Q1,2013,Q1,2013-05-08,2013-03-31,287000.0,8651000.0,292000.0,0.03,6423000.0,0.7424575194,9019000.0,2187000.0,6646000.0,6832000.0,6832000.0,888000.0,-78421000.0,13836250.0,8663250.0,0.1975788237419821,0.9727751756440282,0.0,0.0,0.12815772128708253,0.1975788237419821,0.13122999542752628,1.5993815743844642,12.052482578397212,6.326588934613627,0.0,2.509009009009009,0.0,0.9591972502494733,0.7833723653395784,0.031821709723916174,13.781125498007968,0.7424575193619235,-0.4000000000000001,1.350361216468041,-0.3438254697457818,-0.7799491726729286,0.05416051206302314,-0.45849056603773586,-0.2980769230769231,1.3215722588610834,0.30630668929289817,3.9405374082056706,Internet Retail,Consumer Cyclical,NHTC
2012Q4,2012,Q4,2013-03-12,2012-12-31,530000.0,8111000.0,416000.0,0.05,6093000.0,0.7512020713,8219000.0,1909000.0,5837000.0,6310000.0,6310000.0,867000.0,-78708000.0,11132220.0,6925220.0,0.17319905643258937,0.9250396196513471,0.0,0.0,0.2483763947796797,0.17319905643258937,0.27763226820324777,1.3724842806065836,5.25104716981132,5.831440544787847,0.0,2.3275663206459054,0.0,0.9868597152938313,0.7239302694136291,0.06448473050249422,18.219672667757774,0.7512020712612502,-0.28571428571428575,1.030079468012155,-0.4574803610709605,-0.8267103772337814,-0.12318319182616204,-0.29049531459170014,-0.47275031685678076,-0.13479055392120448,0.14374478904884,19.048752999052397,Internet Retail,Consumer Cyclical,NHTC
2012Q3,2012,Q3,2012-11-13,2012-09-30,747000.0,9333000.0,789000.0,0.07,6949000.0,0.7445623058,7900000.0,1390000.0,5524000.0,6510000.0,6510000.0,1261000.0,-79238000.0,13164000.0,9513000.0,0.1267092069279854,0.8485407066052227,0.0,0.0,0.556452161105761,0.1267092069279854,0.537410071942446,1.4104789456766313,4.405622489959839,9.470503597122303,0.0,1.8905630452022204,0.0,1.1813924050632911,0.5863287250384025,0.09455696202531645,-12.982248520710058,0.7445623057966356,-0.12499999999999993,1.1615154119205022,-0.5814883450532483,-0.9490132794599522,-0.14167490118577075,-0.11702127659574468,-0.1124859392575928,1.2450791946531898,0.5320815440687819,3.245532249202173,Internet Retail,Consumer Cyclical,NHTC
2012Q2,2012,Q2,2012-08-13,2012-06-30,846000.0,10980000.0,889000.0,0.08,8096000.0,0.7373406193,9071000.0,585000.0,6725000.0,8486000.0,8486000.0,1258000.0,-79985000.0,13648750.0,9011750.0,0.05357633482919681,0.7924817346217299,0.0,0.0,1.4429077095743763,0.05357633482919681,1.4461538461538461,1.2430555555555556,4.033318557919622,23.331196581196583,0.0,2.292527821939587,0.0,1.2104508874435014,0.5703511666273863,0.09326424870466321,8.12909469922573,0.7373406193078325,0.6,1.4396172563346283,-0.669183935125335,-0.9814065204136964,0.20998356000597818,0.6686390532544378,0.6134301270417423,1.3320837978299978,0.1950242929716556,-0.7302967304698234,Internet Retail,Consumer Cyclical,NHTC
2012Q1,2012,Q1,2012-05-10,2012-03-31,507000.0,9090000.0,551000.0,0.05,6691000.0,0.7360836084,7304000.0,-231000.0,4998000.0,7535000.0,7535000.0,1008000.0,-80831000.0,14447790.0,11689790.0,-0.021264843965755315,0.6633045786330458,0.0,0.0,-2.4781509474132424,-0.021264843965755315,-2.1948051948051948,1.5894158415841584,7.124156804733728,-62.544545454545464,0.0,2.3799603174603177,0.0,1.2445235487404163,0.41088254810882546,0.06941401971522454,17.15889548693587,0.7360836083608361,0.14416475972540044,1.0759801385790442,-0.6810764382607383,-1.0079277890665694,0.09922786265812387,0.06736842105263158,0.9539007092198581,1.2618666841911326,-0.16033174603880854,-1.0536934599165921,Internet Retail,Consumer Cyclical,NHTC
2011Q4,2011,Q4,2012-03-27,2011-12-31,475000.0,8217000.0,282000.0,0.0437,6087000.0,0.740781307,6123000.0,-809000.0,3830000.0,6932000.0,6932000.0,1089000.0,-81338000.0,7060950.0,5443950.0,-0.07447298168093529,0.5525100980957877,0.0,0.0,-0.7797829968410932,-0.07447298168093529,-0.5871446229913473,0.8593099671412925,3.7162894736842107,-8.727997527812114,0.0,1.955922865013774,0.0,1.3419892209701128,0.24668205424120024,0.07757635146170178,271.575,0.7407813070463672,-0.7086666666666667,1.0705820016077112,-0.7759805258117017,-1.022638682105048,-0.2415898330426115,-0.7091243110838946,-0.7696078431372549,0.890928583746679,-0.3234432842378993,-1.1282173048654907,Internet Retail,Consumer Cyclical,NHTC
2011Q3,2011,Q3,2011-11-14,2011-09-30,1633000.0,10562000.0,1224000.0,0.15,8026000.0,0.7598939595,6344000.0,-1246000.0,3995000.0,7698000.0,7698000.0,1105000.0,-81813000.0,7297760.000000001,5570760.000000001,-0.11610137905329855,0.5189659651857625,0.0,0.0,-0.9728119673677418,-0.11610137905329855,-1.310593900481541,0.6909448967998486,1.1172320881812616,-5.856950240770466,0.0,2.295022624434389,0.0,1.6648802017654476,0.23616523772408418,0.25740857503152587,8.545386416861827,0.7598939594773717,1.5,1.5023053243329054,-0.7305023179842632,-1.030063830114537,0.5343146625884152,1.4409566517189836,0.8687022900763359,1.6385406467639592,-0.13171328946260796,-1.2030572796507124,Internet Retail,Consumer Cyclical,NHTC
2011Q2,2011,Q2,2011-11-14,2011-06-30,669000.0,7208000.0,655000.0,0.06,5231000.0,0.7257214206,6993000.0,-2435000.0,4498000.0,9548000.0,9548000.0,1193000.0,-83446000.0,4590250.0,3153250.0,-0.2281030444964871,0.4710934227063259,0.0,0.0,-0.2638588619827708,-0.2281030444964871,-0.27474332648870636,0.6368271365149833,1.7153400597907325,-1.8851129363449692,0.0,1.6571668063704945,0.0,1.0307450307450308,0.1644323418516967,0.09566709566709566,8.760019083969466,0.7257214206437292,2.3303769401330374,1.1834674300831,-0.8475585926606675,-1.0553943305357814,0.43472298409215576,2.39375,2.732804232804233,1.5639108536726962,-0.47293962034017606,-1.2836250239156812,Internet Retail,Consumer Cyclical,NHTC
2011Q1,2011,Q1,2011-11-14,2011-03-31,-480000.0,5175000.0,-378000.0,-0.0451,3646000.0,0.7045410628,5803000.0,-3083000.0,3313000.0,8989000.0,8989000.0,715000.0,-84115000.0,1488900.0000000002,530900.0000000002,-0.2898918664786084,0.36856157525864947,0.0,0.0,0.12442234198451715,-0.2898918664786084,0.15569250729808629,0.28771014492753627,-0.77546875,-0.4829386960752514,0.0,2.1384615384615384,0.0,0.8917801137342753,0.12448548225609078,-0.08271583663622264,29.778000000000006,0.7045410628019324,-0.2424242424242425,0.6847570572964575,-0.9049455559221535,-1.061464919226148,-0.15169846440204746,-0.24352331606217617,0.27586206896551724,0.39011737706485616,-0.591460263607563,-1.3228632696857796,Internet Retail,Consumer Cyclical,NHTC
2010Q4,2010,Q4,2011-11-14,2010-12-31,-386000.0,6192000.0,-522000.0,-0.0363,4298000.0,0.694121447,5363000.0,-2728000.0,2565000.0,8184000.0,8184000.0,751000.0,-83643000.0,1276200.0,628200.0,-0.25651151857075694,0.31341642228739003,0.0,0.0,0.17378989132309816,-0.25651151857075694,0.14149560117302054,0.2061046511627907,-0.8265544041450776,-0.46781524926686213,0.0,2.5219707057256993,0.0,1.1545776617564796,0.09200879765395895,-0.07197464105910871,12.511764705882353,0.6941214470284238,0.4814285714285715,0.9565684847094654,-0.8972240026370266,-1.0541372979992092,0.17721172281566694,0.47696476964769646,0.4020618556701031,0.9772958891481545,-0.5707652021429255,-1.256645649253967,Internet Retail,Consumer Cyclical,NHTC
2010Q3,2010,Q3,2010-09-30,2010-09-30,-738000.0,5216000.0,-873000.0,-0.07,3651000.0,0.6999616564,5800000.0,-2300000.0,2700000.0,8200000.0,8100000.0,800000.0,-83300000.0,1791120.0000000002,1091120.0000000002,-0.21829916476841307,0.32926829268292684,0.0,0.0,0.3950904519531489,-0.21829916476841307,0.3208695652173913,0.3433895705521473,-0.6067479674796749,-0.7787478260869566,0.0,1.95625,0.0,0.8993103448275862,0.0975609756097561,-0.12724137931034482,-15.051428571428573,0.6999616564417178,-0.4522821576763487,-5.091484657644378,-0.9407416159207198,-1.035768274150938,-0.14215225563909775,-0.4613861386138614,-0.031914893617021274,0.8338575559196141,-0.7564687266892021,-1.0878417502407605,Internet Retail,Consumer Cyclical,NHTC
2010Q2,2010,Q2,2010-06-30,2010-06-30,-505000.0,5935000.0,-846000.0,-0.0482,4256000.0,0.7171019377,6700000.0,-1500000.0,3300000.0,8200000.0,8200000.0,1000000.0,-82500000.0,2516400.0,1416400.0,-0.1430615164520744,0.4024390243902439,0.0,0.0,0.5343714821763602,-0.1430615164520744,0.33666666666666667,0.4239932603201348,-1.2457425742574257,-1.6775999999999998,0.0,1.679,0.0,0.8858208955223881,0.14634146341463414,-0.07537313432835821,8.955160142348754,0.7171019376579613,0.40198511166253104,0.8437916740860505,-0.9223539649675346,-1.0255792259508991,-0.033166742389822805,0.39880952380952384,-0.00954653937947494,0.7267185346319922,-0.8137829657391122,-1.049648998839086,Internet Retail,Consumer Cyclical,NHTC
2010Q1,2010,Q1,2010-03-31,2010-03-31,-840000.0,6233000.0,-838000.0,-0.0806,4402000.0,0.7062409755,7800000.0,-700000.0,3500000.0,8500000.0,8500000.0,1200000.0,-82000000.0,2291960.0,1291960.0,-0.06719139950086389,0.4117647058823529,0.0,0.0,1.213027744270205,-0.06719139950086389,1.2,0.36771378148564093,-0.6821309523809523,-3.2742285714285715,0.0,1.5258333333333334,0.0,0.7991025641025641,0.12941176470588237,-0.1076923076923077,-4.035140845070423,0.7062409754532328,-2.449640287769784,-1.1967421873041395,-0.9045733652442028,-1.0114877248582574,0.01172144334635716,-2.4507772020725387,0.5,0.868738659700516,-0.771973523898353,-1.025049760214007,Internet Retail,Consumer Cyclical,NHTC
2009Q4,2009,Q4,2009-12-31,2009-12-31,579000.0,6703000.0,-1676000.0,0.0556,4351000.0,0.6491123378,8860000.0,90000.0,4227000.0,8777000.0,8777000.0,1006000.0,-81195000.0,1458520.0000000002,-93479.99999999977,0.008638894221539644,0.4815996354107326,0.0,0.0,-24.603391546443937,0.008638894221539644,6.433333333333334,0.21759212293003136,0.6297582037996546,16.20577777777778,0.0,2.337972166998012,0.0,0.7565462753950338,0.19311837757776004,0.06534988713318285,-26.045000000000005,0.6491123377592123,1.1985714285714284,1.596125778092185,-0.8801773164957553,-0.9984088887469037,0.13781380753138076,1.2030866362679762,0.01004134672179563,1.0897107217520252,-0.8094507988501887,-0.9973739042588832,Internet Retail,Consumer Cyclical,NHTC
2009Q3,2009,Q3,2009-11-16,2009-09-30,-2851000.0,5698000.0,-1693000.0,-0.28,3824000.0,0.6711126711,9904000.0,-579000.0,4760000.0,10483000.0,10483000.0,1804000.0,-81774000.0,5130500.0,3657500.0,-0.05642724880615924,0.4540684918439378,0.0,0.0,2.9530087481500655,-0.05642724880615924,4.924006908462867,0.9004036504036504,-0.4498860049105577,-8.860967184801382,0.0,1.0388026607538803,0.0,0.5753231017770598,0.1497662882762568,-0.28786348949919227,-5.600982532751091,0.6711126711126711,-0.21739130434782614,-1.3011679570528227,-0.9252403431930493,-1.0144115706449959,-0.3591419473772415,-0.2137079608343976,-0.1998582565556343,0.0827878678880572,-0.8479374418835532,-1.0146115337799761,Internet Retail,Consumer Cyclical,NHTC
2009Q2,2009,Q2,2009-08-14,2009-06-30,-2349000.0,8472000.0,-1411000.0,-0.23,5967000.0,0.7043201133,13313000.0,2000000.0,7692000.0,11300000.0,11300000.0,1607000.0,-78946000.0,5638080.000000001,2470080.000000001,0.1986491855383393,0.68070796460177,0.13993840606925562,0.9315,-0.35337566598332254,0.1986491855383393,-1.1745,0.6654957507082154,-0.600051085568327,2.81904,0.0,1.5588052271313007,0.0,0.6363704649590626,0.4539823008849557,-0.17644407721775707,-42.39157894736843,0.7043201133144475,-0.2777777777777779,0.8072732975595721,-0.7408618049822889,-0.9333221769911948,-0.15625,-0.33087818696883853,-0.7462871287128713,0.31696878222020997,-0.8100239753995947,-0.9517584753475572,Internet Retail,Consumer Cyclical,NHTC
2009Q1,2009,Q1,2009-05-14,2009-03-31,-1765000.0,9869000.0,-808000.0,-0.18,7072000.0,0.7165872935,14874000.0,3922000.0,5977000.0,10941000.0,10941000.0,2057000.0,-76597000.0,3168960.0,2219960.0,0.3960416035544784,0.546293757426195,0.11341938953879252,0.43013768485466597,-0.15400100578167883,0.3960416035544784,-0.45002549719530854,0.32110244199006993,-0.4488611898016997,0.8079959204487507,0.0,1.3597472046669907,0.0,0.663506790372462,0.25025134814002375,-0.11866343955896194,-5.825294117647059,0.7165872935454454,-8.792207792207792,-1.2674118399776515,-0.8789842983311614,-0.9202896391821725,-0.11334002006018054,-8.707423580786026,-0.02929936305732484,-0.24485727132899268,-0.8053269037781186,-0.9160284644465303,Internet Retail,Consumer Cyclical,NHTC
2008Q4,2008,Q4,2009-03-23,2008-12-31,229000.0,11072000.0,-785000.0,0.0231,7976000.0,0.7203757225,16625000.0,5752000.0,6778000.0,10839000.0,10839000.0,2141000.0,-74853000.0,2970900.0,1013900.0,0.580834090679592,0.6253344404465356,0.09227067669172932,0.26668984700973575,-0.04336144094145934,0.580834090679592,0.03981223922114047,0.2683255057803468,3.243340611353712,0.5164986091794158,0.0,1.4460532461466604,0.0,0.665984962406015,0.32862810222345235,0.013774436090225564,44.341791044776116,0.7203757225433526,1.09625,-0.944132819489543,-0.7782285646851931,-0.5049114053042023,0.0012553351744915891,1.0988773747841105,0.39846743295019155,1.0276709375793114,-0.802640723411663,-0.8774137378686683,Internet Retail,Consumer Cyclical,NHTC
2008Q3,2008,Q3,2008-11-10,2008-09-30,-2316000.0,11016000.0,-1305000.0,-0.24,7966000.0,0.7231299927,17870000.0,5557000.0,7286000.0,12279000.0,12279000.0,1974000.0,-75082000.0,5053880.0,2423880.0,0.5717666426587097,0.5933707956673996,0.07493005036373811,0.24095735108871694,-0.1923124889920987,0.5717666426587097,-0.4167716393737628,0.4587763253449528,-0.5455397236614853,0.9094619398956273,0.0,1.5450861195542047,0.0,0.6164521544487969,0.34131443928658683,-0.12960268606603245,-3.5540646976090016,0.7231299927378358,-1.1818181818181819,-1.8693911809087576,-0.6847144876828908,-0.3938087192128109,-0.10272583915296238,-1.166510757717493,-2.625,-14.91929695018248,-0.864327968234719,-0.9063161508351439,Internet Retail,Consumer Cyclical,NHTC
2008Q2,2008,Q2,2008-08-12,2008-06-30,-1069000.0,12323000.0,-360000.0,-0.11,8878000.0,0.7204414509,20964000.0,7736000.0,9702000.0,13191000.0,13191000.0,2875000.0,-72766000.0,9715190.0,5382190.0,0.8042416051564611,0.7355014782806459,0.04178591871780195,0.11323681489141675,-0.043511668915138906,0.8042416051564611,-0.13818510858324715,0.7883786415645541,-2.272027595884004,1.2558415201654602,0.0,1.1982608695652175,0.0,0.5878172104560199,0.41869456447577896,-0.050992177065445524,-34.20841549295775,0.7204414509453867,-0.48648648648648657,-1.391653169206532,-0.5092942214453052,-0.20063485035192707,0.06899458157736303,-0.5098870056497176,0.48424068767908307,0.6395632913581522,-0.824266920810817,-0.8562025746154971,Internet Retail,Consumer Cyclical,NHTC
2008Q1,2008,Q1,2008-05-14,2008-03-31,-708000.0,11395000.0,-698000.0,-0.074,8305000.0,0.7288284335,22060000.0,8590000.0,9777000.0,13433000.0,13433000.0,2827000.0,-71697000.0,8418960.0,4264960.0,0.8978781227134943,0.7278344375790963,0.022801450589301903,0.05855646100116414,-0.08099514160923316,0.8978781227134943,-0.08242142025611175,0.7388293111013603,-2.9727966101694916,0.9800884749708964,0.0,1.0930314821365406,0.0,0.5165457842248413,0.37325988237921537,-0.032094288304623755,-6.0568057553956836,0.7288284335234753,0.95375,-1.1730804996972255,-0.44279159370970755,0.22546195551328085,-0.10177373999567381,0.9537073362102786,0.9529332434254889,-1.1805760073059728,-0.8100254649172179,-0.8464896265503628,Internet Retail,Consumer Cyclical,NHTC
2007Q4,2007,Q4,2008-03-31,2007-12-31,-15294000.0,12977000.0,-14830000.0,-1.6,9246000.0,0.7124913308,24696000.0,9562000.0,11907000.0,15101000.0,15101000.0,3585000.0,-70989000.0,11576070.0,5497070.0,0.9994773701264764,0.7884908284219588,0.008219954648526076,0.0212298682284041,-1.493302852339217,0.9994773701264764,-1.5994561807153316,0.892045156815905,-0.18922567673597487,1.2106327128215855,0.0,1.0407252440725243,0.0,0.5254697116942015,0.44367922654128866,-0.619290573372206,-3.634558869701727,0.7124913308160592,-2.80952380952381,-2.988322007690562,-0.5401624480084452,1.8750085843741364,-0.2253686327077748,-3.3822349570200574,-3.036472509526402,-75.6752750250218,-0.747388739441092,-0.8159162909000359,Internet Retail,Consumer Cyclical,NHTC
2007Q3,2007,Q3,2007-11-14,2007-09-30,-3490000.0,16828000.0,-3674000.0,-0.42,11936000.0,0.7092940338,38764000.0,20572000.0,13770000.0,18161000.0,18161000.0,5048000.0,-55696000.0,18211600.0,12012600.0,2.4851413384875576,0.7582181597929629,0.0,0.0,-0.18369790510698475,2.4851413384875576,-0.16964806533151858,1.0822201093415735,-1.3045558739255017,0.8852615205133191,0.0,0.9690966719492868,0.0,0.43411412650913217,0.3700787401574803,-0.09003198844288515,-2.958830219333875,0.7092940337532684,-1.3333333333333333,-1.3979492480935112,-0.4407675746679919,8721.14361412715,-0.3786892925927854,-1.3904109589041096,-1.1561032863849765,-1.4569842561289539,-0.7263209062853498,-0.3652926428250064,Internet Retail,Consumer Cyclical,NHTC
2007Q2,2007,Q2,2007-08-13,2007-06-30,-1460000.0,25181000.0,-1704000.0,-0.18,19211000.0,0.7629164847,44608000.0,23870000.0,19517000.0,20716000.0,20716000.0,4219000.0,-52200000.0,32059080.0,20501080.0,2.881458232737808,0.9421220312801699,0.0,0.0,-0.07974334326235996,2.881458232737808,-0.0611646418098031,1.273145625670148,-5.489568493150685,1.3430699622957687,0.0,1.4150272576439915,0.0,0.5644951578192252,0.6239621548561498,-0.03272955523672884,-168.732,0.7629164846511258,0.7049180327868853,-1.3949238070239627,-0.0087746469014744,5.161754628747904,0.21450246554558097,0.7101449275362319,0.6602870813397129,0.8544155981880918,-0.06390145109694992,-0.03282079144152824,Internet Retail,Consumer Cyclical,NHTC
2007Q1,2007,Q1,2007-05-11,2007-03-31,-5037000.0,21515000.0,-5016000.0,-0.61,15818000.0,0.7352079944,41713000.0,21995000.0,16427000.0,19695000.0,19695000.0,4361000.0,-49166000.0,15170000.0,6635000.0,2.6823170731707315,0.834069560802234,0.0,0.0,-0.23797328931330938,2.6823170731707315,-0.22900659240736532,0.7050894724610737,-0.7529283303553703,0.6897022050466016,0.0,1.30635175418482,0.0,0.5157864454726344,0.4738258441228738,-0.12075372186129024,-3.7670722622299477,0.735207994422496,0.01612903225806453,-83.84471908392801,0.13631167836842562,3.511577719572682,-0.11344019728729964,0.008464566929133858,0.050719152157456475,-1.9216389066669983,-0.6813874698751904,-0.46013635988915325,Internet Retail,Consumer Cyclical,NHTC
