Quarters,Year,Quarter,FillingDate,Date,NetIncome,Revenue,OperatingIncome,EPSDiluted,GrossProfit,GrossProfitRatio,TotalAssets,CommonStockEquity,CurrentAssets,CurrentLiability,TotalLiability,Inventory,RetainedEarnings,MarketCap,EnterpriseValue,bookValuePerShare,currentRatio,debtToAssets,debtToEquity,roic,shareholdersEquityPerShare,roe,priceToSalesRatio,peRatio,pbRatio,payoutRatio,inventoryTurnover,dividendYield,assetTurnover,quickRatio,returnOnAssets,priceToFreeCashFlowsRatio,grossProfitMargin,epsdilutedGrowth,fiveYNetIncomeGrowthPerShare,fiveYRevenueGrowthPerShare,fiveYShareholdersEquityGrowthPerShare,grossProfitGrowth,netIncomeGrowth,operatingIncomeGrowth,threeYNetIncomeGrowthPerShare,threeYRevenueGrowthPerShare,threeYShareholdersEquityGrowthPerShare,Industry,Sector,Symbol
2023Q1,2023,Q1,2023-05-16,2023-03-31,2442795.0,0.0,-432765.0,0.0971,0.0,0.0,212239079.0,199513152.0,240262.0,331865.0,12725927.0,0.0,-12386160.0,52853281.25000001,52852623.25000001,39.65478797515528,0.7239751103611408,0.0,0.0,-0.005272238869671857,39.65478797515528,0.0122437792973167,0.0,5.4090991313229315,0.2649112638449018,0.0,0.0,0.0,0.0,638.8982718876651,0.011509638147270702,-4157.0930666981285,0.0,-0.6403703703703704,0.0,0.0,0.0,0.0,-0.6350634688791176,0.34917369354249284,0.0,0.0,0.0,Shell Companies,Financial Services,PHYT
2022Q4,2022,Q4,2023-04-12,2022-12-31,6693753.0,0.0,-664947.0,0.27,0.0,0.0,210012487.0,198508137.0,361294.0,222020.0,11504350.0,0.0,-11043551.0,259864062.5,259850690.5,7.8910066881987575,1.6273038465003153,0.0,0.0,-0.0074383581763579,7.8910066881987575,0.033720295304569804,0.0,9.705469506418895,1.3090851913037702,0.0,0.0,0.0,0.0,0.28318169534276194,0.03187311904934491,-974.3574781685995,0.0,-0.09999999999999991,0.2508783942120352,0.0,10779.977944997428,0.0,-0.10202289751709694,-1.611896269993401,0.2508783942120352,0.0,10779.977944997428,Shell Companies,Financial Services,PHYT
2022Q3,2022,Q3,2022-11-14,2022-09-30,7454258.0,0.0,-254584.0,0.3,0.0,0.0,208395601.0,195493734.0,679947.0,81105.0,12901867.0,-39500.0,-12097198.0,51080771.875,50815696.875,38.855897440993786,8.383539855742557,0.0,0.0,-0.0026966205982763393,38.855897440993786,0.03813041905476111,0.0,1.7131407269174208,0.2612910952685573,0.0,0.0,0.0,0.0,2564.515184020714,0.0357697473662124,-563.8738905937807,0.0,0.42857142857142855,2751.4457235628365,0.0,211480.75465166595,0.0,0.43722832379359616,0.42945633587546755,2751.4457235628365,0.0,211480.75465166595,Shell Companies,Financial Services,PHYT
2022Q2,2022,Q2,2022-08-22,2022-06-30,5186551.0,0.0,-446213.0,0.21,0.0,0.0,207612968.0,191893897.0,831786.0,72085.0,15719071.0,0.0,-14673305.0,50312500.0,49917336.0,38.14040188819876,11.538960948879796,0.0,0.0,-0.004144811444105401,38.14040188819876,0.027028222789180212,0.0,2.425142450156183,0.26218916175327867,0.0,0.0,0.0,0.0,2872.468100159534,0.02498182579808791,-147.96227458269124,0.0,0.23529411764705868,0.0,0.0,0.0,0.0,0.2108708589102433,0.2827737299019348,0.0,0.0,0.0,Shell Companies,Financial Services,PHYT
2022Q1,2022,Q1,2022-05-20,2022-03-31,4283323.0,0.0,-622137.0,0.17,0.0,0.0,207771536.0,189695613.0,1193110.0,501651.0,18075923.0,0.0,-16586140.0,50010625.0,49279065.0,37.7034758757764,2.3783666333765905,0.0,0.0,-0.007673928903416158,37.7034758757764,0.022579979221765134,0.0,2.918915115670707,0.26363617064776296,0.0,0.0,0.0,0.0,1.458304677953398,0.02061554283354771,-216.0332836562345,0.0,-0.19047619047619038,0.0,0.0,0.0,0.0,-0.19956469918572176,-0.7473696923396678,0.0,0.0,0.0,Shell Companies,Financial Services,PHYT
2021Q4,2021,Q4,2022-03-31,2021-12-31,5351242.0,0.0,-356042.0,0.21,0.0,0.0,189529.45599999998,-18416.23,1356.301,130.023,207945.686,0.0,-18416.733,248292187.49999997,248291220.80499998,-0.0007320737391304348,10.431239088468963,0.0,0.0,41.422109041280535,-0.0007320737391304348,-290.5720660526069,0.0,11.599745792658974,-13482.248402631809,0.0033723012339939027,0.0,7.268049865644687e-05,0.0,7.434799996923622,28.23435529725786,-1328.796058441037,0.0,390.61038961038963,0.0,0.0,0.0,0.0,395.89646520551986,-25.27422330455317,0.0,0.0,0.0,Shell Companies,Financial Services,PHYT
2021Q3,2021,Q3,2021-12-10,2021-09-30,-13551.0,0.0,-13551.0,-0.000539,0.0,0.0,579499.0,4622.0,0.0,574877.0,574877.0,0.0,-20378.0,249046875.0,249046875.0,0.00018373167701863353,0.0,0.0,0.0,-2.931847684984855,0.00018373167701863353,-2.931847684984855,0.0,-4594.621706885101,53882.924058848985,,0.0,,0.0,0.0,-0.023383992034498764,0.0,0.0,0.0,0.0,0.0,0.0,0.0,0.0,0.0,0.0,0.0,0.0,Shell Companies,Financial Services,PHYT
2021Q2,2021,Q2,2021-06-30,2021-06-30,,,,,,,202442.0,18173.0,5000.0,184269.0,184269.0,0.0,-6827.0,0.0,0.0,0.0,0.027134243958560584,0.0,0.0,,0.0,,0.0,0.0,0.0,0.0,0.0,,,0.0,,0.0,0.0,0.0,0.0,0.0,0.0,0.0,0.0,0.0,0.0,0.0,0.0,Shell Companies,Financial Services,PHYT
2021Q1,2021,Q1,2021-02-28,2021-02-28,,,,,,,43173.0,18173.0,0.0,25000.0,25000.0,0.0,-6827.0,0.0,0.0,0.0,0.0,0.0,0.0,,0.0,,0.0,0.0,0.0,0.0,0.0,,,0.0,,0.0,0.0,0.0,0.0,0.0,0.0,0.0,0.0,0.0,0.0,0.0,0.0,Shell Companies,Financial Services,PHYT
