Quarters,Year,Quarter,FillingDate,Date,NetIncome,Revenue,OperatingIncome,EPSDiluted,GrossProfit,GrossProfitRatio,TotalAssets,CommonStockEquity,CurrentAssets,CurrentLiability,TotalLiability,Inventory,RetainedEarnings,MarketCap,EnterpriseValue,bookValuePerShare,currentRatio,debtToAssets,debtToEquity,roic,shareholdersEquityPerShare,roe,priceToSalesRatio,peRatio,pbRatio,payoutRatio,inventoryTurnover,dividendYield,assetTurnover,quickRatio,returnOnAssets,priceToFreeCashFlowsRatio,grossProfitMargin,epsdilutedGrowth,fiveYNetIncomeGrowthPerShare,fiveYRevenueGrowthPerShare,fiveYShareholdersEquityGrowthPerShare,grossProfitGrowth,netIncomeGrowth,operatingIncomeGrowth,threeYNetIncomeGrowthPerShare,threeYRevenueGrowthPerShare,threeYShareholdersEquityGrowthPerShare,Industry,Sector,Symbol
2023Q1,2023,Q1,2023-05-19,2023-03-31,-1581363.0,59791.0,-2307851.0,-0.0562,59791.0,1.0,236727983.0,219799391.0,1414821.0,6450342.0,16928592.0,0.0,-15514334.0,58725000.0,60975596.0,39.07544728888889,0.2193404628777823,0.01517412075445259,0.016342806882481308,-0.00840118971800657,39.07544728888889,-0.007194574074138358,982.1712297837468,-9.283921528453618,0.2671754445397895,-0.5649525124844833,0.0,0.01521319710515113,0.0002525725908795497,0.207980135006795,-0.006680084795889973,42.33799453805625,1.0,-1.1146938775510205,0.0,0.0,0.0,0.0,-1.115585929265662,-1.680138289199553,0.0,0.0,0.0,Shell Companies,Financial Services,PGSS
2022Q4,2022,Q4,2023-03-28,2022-12-31,13681276.0,0.0,-861094.0,0.49,0.0,0.0,231085639.0,221743998.0,490348.0,968018.0,9341641.0,0.0,-8851856.0,289124989.71999997,288896552.71999997,7.884231320328225,0.5065484319506456,0.0008677735270256236,0.0009043311287280028,-0.010720465898090788,7.884231320328225,0.06169851776551805,0.0,5.283224125439761,1.3038683902506347,0.05600625263316082,0.0,0.0026501929174024496,0.0,0.44313948707565354,0.059204354105276094,185.59064829792587,0.0,0.4000000000000001,-0.4962267855512548,0.0,2556.1517877152623,0.0,0.370560207311958,-1.6615831136195742,-0.4962267855512548,0.0,2556.1517877152623,Shell Companies,Financial Services,PGSS
2022Q3,2022,Q3,2022-11-14,2022-09-30,9982251.0,0.0,-323527.0,0.35,0.0,0.0,229239834.0,216792700.0,750308.0,366884.0,12447134.0,0.0,-11697389.0,56420437.5,56077282.5,38.54092444444444,2.0450823693592524,0.0006898408415354201,0.000729447993405682,-0.0030823923770007984,38.54092444444444,0.04604514358647685,0.0,1.413018904754048,0.2602506334392256,0.0767599412196708,0.0,0.013580841162389072,0.0,1.3663555783299353,0.04354501059357773,-662.4760761336684,0.0,1.9166666666666665,6970.704268038371,0.0,136113.65377616647,0.0,1.936550396080148,0.09967078807712965,6970.704268038371,0.0,136113.65377616647,Shell Companies,Financial Services,PGSS
2022Q2,2022,Q2,2022-08-15,2022-06-30,3399312.0,0.0,-359343.0,0.12,0.0,0.0,228576845.0,211963338.0,1034958.0,328007.0,16613507.0,0.0,-15579112.0,55912500.0,55442179.0,37.6823712,3.1552924175398696,0.0005080960847105926,0.0005479202257137506,-0.0038891502826151627,37.6823712,0.016037263953637113,0.0,4.112045319758822,0.2637838247291614,0.0,0.0,0.0,0.0,1.7879496474160612,0.014871637588663016,-165.58914641441933,0.0,1.0408163265306123,1741.6301250679717,0.0,70070.54992101106,0.0,1.0549508344184462,0.28179376176713955,1741.6301250679717,0.0,70070.54992101106,Shell Companies,Financial Services,PGSS
2022Q1,2022,Q1,2022-05-16,2022-03-31,1654206.0,0.0,-500334.0,0.0588,0.0,0.0,228813492.0,210482366.0,1509921.0,443626.0,18331126.0,0.0,-16821768.0,55575000.00000001,54738161.00000001,37.41908728888889,3.4035899609130214,0.0003814416677841707,0.00041466181542258035,-0.006812808848155727,37.41908728888889,0.00785911918150901,0.0,8.399044617175853,0.26403637062878704,0.0,0.0,0.0,0.0,2.083101531470202,0.0072294950159669785,-518.0417416269727,0.0,-0.6905263157894738,0.0,0.0,0.0,0.0,-0.6954433766447048,0.276677133390004,0.0,0.0,0.0,Shell Companies,Financial Services,PGSS
2021Q4,2021,Q4,2022-03-31,2021-12-31,5431522.0,0.0,-691716.0,0.19,0.0,0.0,229066.875,-17356.621,1754.123,238.195,19161.445,0.0,-17357.184,55181250.0,55180218.603,-0.003085621511111111,7.364230987216357,0.0,0.0,91.33844493679958,-0.003085621511111111,-312.9366021185806,0.0,2.539861294863576,-3179.262253868423,0.0,0.0,0.0,0.0,4.330053107747854,23.71151219485576,-40.54615566049867,0.0,746.0980392156863,0.0,0.0,0.0,0.0,756.1121924092868,-95.16516057277909,0.0,0.0,0.0,Shell Companies,Financial Services,PGSS
2021Q3,2021,Q3,2021-11-30,2021-09-30,-7193.0,0.0,-7193.0,-0.000255,0.0,0.0,540243.0,7999.0,2242.0,532244.0,532244.0,0.0,-17001.0,276850000.0,277003860.0,0.0002831504424778761,0.004212353732498629,0.28479776693080705,19.23490436304538,-0.04443991375209287,0.0002831504424778761,-0.8992374046755844,0.0,-9622.20214097039,34610.57632204026,0.0,0.0,0.0,0.0,0.0,-0.01331437889986543,0.0,0.0,0.26512968299711803,0.0,0.0,0.0,0.0,0.26661908646003263,0.26661908646003263,0.0,0.0,0.0,Shell Companies,Financial Services,PGSS
2021Q2,2021,Q2,2021-06-30,2021-06-30,-9808.0,0.0,-9808.0,-0.000347,0.0,0.0,251011.0,15192.0,0.0,235819.0,235819.0,0.0,-9808.0,276850000.0,276909500.0,0.0005377699115044248,0.0,0.23704140455995953,3.916535018430753,-0.13131259037112408,0.0005377699115044248,-0.6456029489204844,0.0,-7056.739396411094,18223.407056345444,0.0,0.0,0.0,0.0,0.0,-0.03907398480544677,0.0,0.0,0.0,0.0,0.0,0.0,0.0,0.0,0.0,0.0,0.0,0.0,Shell Companies,Financial Services,PGSS
2021Q1,2021,Q1,2021-04-30,2021-04-30,,,,,,,50846.0,15192.0,0.0,35654.0,35654.0,0.0,-9808.0,0.0,0.0,0.0,0.0,0.0,0.0,,0.0,,0.0,0.0,0.0,0.0,0.0,,,0.0,,0.0,0.0,0.0,0.0,0.0,0.0,0.0,0.0,0.0,0.0,0.0,0.0,Shell Companies,Financial Services,PGSS
