Quarters,Year,Quarter,FillingDate,Date,NetIncome,Revenue,OperatingIncome,EPSDiluted,GrossProfit,GrossProfitRatio,TotalAssets,CommonStockEquity,CurrentAssets,CurrentLiability,TotalLiability,Inventory,RetainedEarnings,MarketCap,EnterpriseValue,bookValuePerShare,currentRatio,debtToAssets,debtToEquity,roic,shareholdersEquityPerShare,roe,priceToSalesRatio,peRatio,pbRatio,payoutRatio,inventoryTurnover,dividendYield,assetTurnover,quickRatio,returnOnAssets,priceToFreeCashFlowsRatio,grossProfitMargin,epsdilutedGrowth,fiveYNetIncomeGrowthPerShare,fiveYRevenueGrowthPerShare,fiveYShareholdersEquityGrowthPerShare,grossProfitGrowth,netIncomeGrowth,operatingIncomeGrowth,threeYNetIncomeGrowthPerShare,threeYRevenueGrowthPerShare,threeYShareholdersEquityGrowthPerShare,Industry,Sector,Symbol
2023Q1,2023,Q1,2023-05-09,2023-03-31,-6485000.0,1826000.0,-5851000.0,-5.76,1067000.0,0.5843373494,18479000.0,13664000.0,16610000.0,4107000.0,4815000.0,2742000.0,-273902000.0,5472360.0,-5112640.0,12.13499111900533,4.044314584855125,0.050327398668759134,0.06806206088992975,-0.377016556849792,12.13499111900533,-0.47460480093676816,2.9969112814895946,-0.21096222050886662,0.4004947306791569,0.0,0.27680525164113784,0.0,0.09881487093457438,3.2605308010713414,-0.35093890362032576,-0.8820696324951645,0.5843373493975904,-0.15199999999999997,0.9998664005903801,-0.9998420553208034,-0.9999010468187454,-0.19834710743801653,-2.4203586497890295,-0.2904719894133216,0.993092088021389,-0.9945490012967343,-0.9913697278892745,Medical Devices,Healthcare,NUWE
2022Q4,2022,Q4,2023-03-03,2022-12-31,-1896000.0,2339000.0,-4534000.0,-5.0,1331000.0,0.5690466011,24673000.0,12357000.0,22769000.0,4688000.0,12316000.0,2661000.0,-267417000.0,4062880.0000000005,-12690120.0,32.6042216358839,4.856868600682594,0.03988165200826815,0.07963097839281379,-0.3170111986016268,32.6042216358839,-0.15343529983005583,1.7370158187259515,-0.535717299578059,0.3287917779396294,0.0,0.3788049605411499,0.0,0.09479998378794634,4.204778156996587,-0.07684513435739472,-1.2914431023521935,0.5690466011115861,0.8638344226579521,0.9999972917232577,-0.9999554404046368,-0.9999879526216396,0.057188244638602066,0.5100775193798449,-0.15663265306122448,0.9985052817903989,-0.9940000521141957,-0.9782256228371408,Medical Devices,Healthcare,NUWE
2022Q3,2022,Q3,2022-11-08,2022-09-30,-3870000.0,2065000.0,-3920000.0,-36.72,1259000.0,0.60968523,18437000.0,14016000.0,16440000.0,3611000.0,4421000.0,2919000.0,-265545000.0,5683143.4,-5333856.6,133.0043651546783,4.552755469399059,0.05619135434181266,0.07391552511415525,-0.2437858582347245,133.0043651546783,-0.2761130136986301,2.752127554479419,-0.36712812661498706,0.4054754138127854,0.0,0.276121959575197,0.0,0.11200303737050496,3.642481307117142,-0.20990399739653956,-1.7331940835620616,0.609685230024213,0.09712318662404727,0.9998194101491495,-0.9997133328296084,-0.9997332672808816,0.18438381937911572,0.0970601959869342,0.08858405022087887,0.9921892786830968,-0.9849901573311132,-0.970596775891347,Medical Devices,Healthcare,NUWE
2022Q2,2022,Q2,2022-08-11,2022-06-30,-4286000.0,2213000.0,-4301000.0,-40.67,1063000.0,0.4803434252,21998000.0,17664000.0,19920000.0,3459000.0,4334000.0,3010000.0,-261675000.0,6205828.2,-8051171.800000001,167.62193964699185,5.758889852558543,0.04945904173106646,0.06159420289855073,-0.21688548067076294,167.62193964699185,-0.24264039855072464,2.804260370537732,-0.3619825128324778,0.35132632472826086,0.0,0.38205980066445183,0.0,0.10060005455041367,4.81584272911246,-0.19483589417219746,-1.5714935933147633,0.48034342521464074,0.041931684334511214,0.999768345826125,-0.9996597191469322,-0.99975310813729,-0.03539019963702359,0.04180639391906998,0.026041666666666668,0.9928755397535822,-0.9902825597635521,-0.9845773505850053,Medical Devices,Healthcare,NUWE
2022Q1,2022,Q1,2022-05-12,2022-03-31,-4473000.0,1926000.0,-4416000.0,-42.45,1102000.0,0.5721703011,26107000.0,21713000.0,23895000.0,3392000.0,4394000.0,3294000.0,-257389000.0,10643380.0,-7520620.0,206.0447902827861,7.044516509433962,0.043513233998544454,0.05231888730253765,-0.18419743160320648,206.0447902827861,-0.206005618753742,5.526157840083074,-0.5948680974737313,0.4901846819877493,0.0,0.2501517911353977,0.0,0.07377331750105336,5.970224056603773,-0.1713333588692688,-2.1734490504390442,0.5721703011422637,-0.02734753146176192,0.9998645328153835,-0.9999391452402372,-0.9998395289795305,0.232662192393736,-0.027331189710610933,-0.019625952435927036,0.9938130825196555,-0.9896356747713742,-0.9886681944041474,Medical Devices,Healthcare,NUWE
2021Q4,2021,Q4,2022-03-03,2021-12-31,-4354000.0,1642000.0,-4331000.0,-41.32,894000.0,0.5444579781,30417000.0,25947000.0,28126000.0,3307000.0,4470000.0,2843000.0,-252916000.0,12013320.0,-11014680.0,246.22319225659518,8.504989416389478,0.038695466351053684,0.04536169884765098,-0.15310378959276016,246.22319225659518,-0.16780359964543107,7.316272838002436,-0.6897864033073037,0.4629945658457625,0.0,0.2631023566654942,0.0,0.053982970049643295,7.54611430299365,-0.14314363678206266,-2.8467582938388625,0.5444579780755177,0.4436515416722768,0.9999857576222073,-0.9999791129969059,-0.9998598615866496,-0.2017857142857143,0.17412746585735964,0.17520472290992192,0.9983399364205732,-0.9982225007093362,-0.992906980142204,Medical Devices,Healthcare,NUWE
2021Q3,2021,Q3,2021-11-10,2021-09-30,-5272000.0,1853000.0,-5251000.0,-74.27,1120000.0,0.6044252563,34095000.0,29981000.0,32725000.0,3795000.0,4114000.0,2805000.0,-248562000.0,15615600.0,-12647400.0,422.38658777120315,8.623188405797102,0.004927408710954685,0.005603548914312398,-0.17326888509330785,422.38658777120315,-0.17584470164437477,8.427199136535348,-0.7404969650986344,0.5208498715853374,0.0,0.26131907308377894,0.0,0.054348144889279956,7.7733860342556,-0.15462677811995895,-3.4395594713656386,0.6044252563410686,-0.025403838188595734,0.9984451099393853,-0.9960576657134244,-0.9859204470742933,-0.25876902713434813,-0.11435214542380047,-0.11108760050782904,0.9970577442799161,-0.9967822459159442,-0.9926488193571364,Medical Devices,Healthcare,NUWE
2021Q2,2021,Q2,2021-08-12,2021-06-30,-4731000.0,2508000.0,-4726000.0,-72.43,1511000.0,0.6024720893,29640000.0,25996000.0,28224000.0,3603000.0,3644000.0,2656000.0,-243290000.0,27434400.0,3682400.0,397.9791794243723,7.833472106577852,0.007624831309041835,0.008693645176180952,-0.17880364227784584,397.9791794243723,-0.18198953685182337,10.938755980861243,-1.449714648065948,1.055331589475304,0.0,0.3753765060240964,0.0,0.08461538461538462,6.981681931723564,-0.1596153846153846,-7.03265829274545,0.6024720893141946,0.4156986124556308,0.9987375244991815,0.0,-0.9921245648961835,0.5641821946169773,0.093851752537828,0.09428899961671139,0.9981464240660627,-0.9962617577522739,-0.9951658789648758,Medical Devices,Healthcare,NUWE
2021Q1,2021,Q1,2021-05-13,2021-03-31,-5221000.0,1918000.0,-5218000.0,-123.96,966000.0,0.503649635,33563000.0,30352000.0,32138000.0,3163000.0,3211000.0,2957000.0,-238559000.0,24892920.0,-2716080.0,720.6077872744539,10.160607018653177,0.008461698894616095,0.009356879283078545,-0.16882275604090638,720.6077872744539,-0.1720150237216658,12.978581856100105,-1.1919613100938518,0.8201410121244069,0.0,0.3219479201893811,0.0,0.057146262253076306,9.109073664242807,-0.1555582039746149,-4.577587348289812,0.5036496350364964,-0.09903360226970465,0.9981352306049338,0.0,-0.9931839515654545,-0.15706806282722513,-0.6918340894361633,-0.21773628938156359,0.9971245999247071,-0.9955649057063393,-0.9941238990380494,Medical Devices,Healthcare,NUWE
2020Q4,2020,Q4,2021-03-25,2020-12-31,-3086000.0,2044000.0,-4285000.0,-112.79,1146000.0,0.560665362,20012000.0,16318000.0,18536000.0,3585000.0,3694000.0,2957000.0,-233338000.0,19069920.0,4971920.0,596.4181286549708,5.170432357043236,0.016939836098340995,0.020774604730971934,-0.2522816461888187,596.4181286549708,-0.1891163132736855,9.329706457925637,-1.5448736228127027,1.168643216080402,0.0,0.30368616841393303,0.0,0.10213871676993803,4.279497907949791,-0.1542074755146912,-5.448548571428572,0.5606653620352251,0.4575317429780684,0.9988140986227251,0.0,-0.9964717685265666,0.3052391799544419,0.2755868544600939,-0.006577401926239136,0.9999389376174352,-0.999460594928959,-0.9997796213344051,Medical Devices,Healthcare,NUWE
2020Q3,2020,Q3,2020-11-12,2020-09-30,-4260000.0,1904000.0,-4257000.0,-207.92,878000.0,0.4611344538,23719000.0,20328000.0,22151000.0,3223000.0,3391000.0,2921000.0,-230252000.0,17917630.5,363630.5,992.1421250427059,6.8727893267142415,0.01656899532020743,0.01933293978748524,-0.20176186416595623,992.1421250427059,-0.20956316410861867,9.410520220588236,-1.0515041373239435,0.8814261363636363,0.0,0.3512495720643615,0.0,0.08027319870146296,5.893577412348743,-0.17960285003583626,-3.9457455406298174,0.46113445378151263,0.3298955781874436,0.9977172943132363,0.0,-0.9961250755083767,-0.2677231025854879,-0.0861805201427843,-0.08596938775510204,0.9989775798378744,-0.9986405530036174,-0.9980103151768231,Medical Devices,Healthcare,NUWE
2020Q2,2020,Q2,2020-08-05,2020-06-30,-3922000.0,1863000.0,-3920000.0,-310.28,1199000.0,0.6435856146,13143000.0,9602000.0,11729000.0,3335000.0,3541000.0,2789000.0,-225992000.0,18201600.0,10799600.0,759.6518987341772,3.5169415292353823,0.03188008825991022,0.04363674234534472,-0.37567049808429126,759.6518987341772,-0.40845657154759424,9.770048309178744,-1.160224375318715,1.8956050822745263,0.0,0.23807816421656508,0.0,0.14174845925587765,2.6383808095952026,-0.29840979989347943,-5.48736810370817,0.6435856146001073,0.6278411476137359,0.9964862368151756,0.0,-0.9977697383498263,0.43764988009592326,0.14141856392294222,0.14166849135099627,0.9982327146697428,-0.9976117484177215,-0.9988811018850838,Medical Devices,Healthcare,NUWE
2020Q1,2020,Q1,2020-05-14,2020-03-31,-4568000.0,1630000.0,-4567000.0,-833.73,834000.0,0.5116564417,10047000.0,7704000.0,8732000.0,2131000.0,2343000.0,2195000.0,-222070000.0,7232280.0,1966280.0,1406.0960029202408,4.0976067573908965,0.04011147606250622,0.05231048805815161,-0.5368978188037778,1406.0960029202408,-0.592938733125649,4.436981595092025,-0.39581217162872157,0.9387694704049845,0.0,0.3626423690205011,0.0,0.16223748382601771,3.001407789770061,-0.45466308350751466,-1.3120972423802613,0.5116564417177915,0.7508933693469739,0.9915009949951906,-0.636949709367972,-0.9966335612605907,0.2017291066282421,-0.02697841726618705,-0.027215474583895637,0.9973391634597087,-0.9990094354815349,-0.9989049096550465,Medical Devices,Healthcare,NUWE
2019Q4,2019,Q4,2020-03-05,2019-12-31,-4448000.0,1367000.0,-4446000.0,-3346.88,694000.0,0.5076810534,5602000.0,1990000.0,4036000.0,3351000.0,3612000.0,1797000.0,-217502000.0,3428820.0,2596820.0,1497.3664409330324,1.204416592062071,0.07979293109603713,0.22462311557788944,-1.542649332495019,1497.3664409330324,-2.235175879396985,2.50828090709583,-0.19271695143884893,1.7230251256281406,0.0,0.3745130773511408,0.0,0.24401999285969297,0.6201133989853775,-0.79400214209211,-0.8453698224852071,0.5076810534016094,0.2881659460160748,0.9667446563038312,-0.6106456151985478,-0.9965660259612352,-0.025280898876404494,0.013528498558438679,0.013534501885955182,0.9988463021884205,-0.9986211891058809,-0.9991477709499528,Medical Devices,Healthcare,NUWE
2019Q3,2019,Q3,2019-11-08,2019-09-30,-4509000.0,1252000.0,-4507000.0,-4701.77,712000.0,0.5686900958,7584000.0,4338000.0,6051000.0,2937000.0,3246000.0,1612000.0,-213054000.0,4315500.0,1171500.0,4523.4619395203335,2.0602655771195098,0.06460970464135021,0.11295527893038267,-0.8476870587010414,4523.4619395203335,-1.0394190871369295,3.446884984025559,-0.23927145708582834,0.9948132780082988,0.0,0.3349875930521092,0.0,0.16508438818565402,1.4170922710248552,-0.5945411392405063,-1.1449986733881665,0.5686900958466453,0.17639382282667335,0.9488107296796203,0.48254714480125843,-0.9913561134576504,-0.1543942992874109,-0.01783295711060948,-0.017841011743450767,0.9015712637861273,-0.8028486548872079,-0.8492179353493222,Medical Devices,Healthcare,NUWE
2019Q2,2019,Q2,2019-08-08,2019-06-30,-4430000.0,1677000.0,-4428000.0,-5708.76,842000.0,0.5020870602,11428000.0,8434000.0,10302000.0,2637000.0,2994000.0,1690000.0,-208545000.0,6937440.0,68440.0,10868.556701030928,3.906712172923777,0.04663983199159958,0.06319658525017785,-0.4663157894736842,10868.556701030928,-0.5252549205596395,4.136815742397138,-0.3915033860045147,0.822556319658525,0.0,0.4940828402366864,0.0,0.1467448372418621,3.160409556313993,-0.38764438221911096,-1.6986875612144956,0.5020870602265951,0.16790051117456456,0.9400490417865107,0.0,-0.9820301236589326,0.3963515754560531,0.06283054791622594,0.06285714285714286,0.900491955415079,0.0,-0.7849269072444408,Medical Devices,Healthcare,NUWE
2019Q1,2019,Q1,2019-05-09,2019-03-31,-4727000.0,1215000.0,-4725000.0,-6860.67,603000.0,0.4962962963,15363000.0,12528000.0,14251000.0,2432000.0,2835000.0,1790000.0,-204115000.0,8764080.0,-2150920.0,18182.873730043542,5.8597861842105265,0.03736249430449782,0.04581736909323116,-0.34564200058496636,18182.873730043542,-0.3773148148148148,7.213234567901234,-0.46351174106198434,0.69955938697318,0.0,0.3418994413407821,0.0,0.07908611599297012,4.979851973684211,-0.30768730065742367,-1.771236863379143,0.4962962962962963,0.7243480926630317,0.9281149287409639,0.972645199380089,-0.9740295252833242,0.170873786407767,-0.1106672932330827,-0.11098048436397837,0.8967889532665727,0.0,-0.8280127550495093,Medical Devices,Healthcare,NUWE
2018Q4,2018,Q4,2019-02-21,2018-12-31,-4256000.0,1499000.0,-4253000.0,-24888.89,515000.0,0.3435623749,8776000.0,5936000.0,8127000.0,2840000.0,2840000.0,1658000.0,-199388000.0,3506252.4000000004,-1973747.5999999996,34713.45029239766,2.8616197183098593,0.0,0.0,-0.7169811320754716,34713.45029239766,-0.7169811320754716,2.3390609739826553,-0.205959375,0.5906759433962264,0.0,0.5934861278648975,0.0,0.1708067456700091,2.206338028169014,-0.48495897903372837,-1.2805888970051134,0.34356237491661107,0.014069057857198027,0.9965494400542231,0.0,-0.9993289104279699,0.14955357142857142,-0.003536901674133459,-0.0007058823529411765,0.7383177570093458,0.0,-0.7946455984674528,Medical Devices,Healthcare,NUWE
2018Q3,2018,Q3,2018-11-07,2018-09-30,-4241000.0,1363000.0,-4250000.0,-25244.05,448000.0,0.3286867205,11791000.0,9653000.0,11197000.0,2012000.0,2138000.0,1948000.0,-195132000.0,8467200.000000017,245200.00000001676,57458.333333333336,5.565109343936382,0.0,0.0,-0.4403814729607962,57458.333333333336,-0.439345281259712,6.212179016874554,-0.4991275642537148,0.8771573604060932,0.0,0.4697125256673511,0.0,0.11559664150623357,4.477634194831014,-0.3596811127130862,-2.475065770242624,0.32868672046955244,0.3539552504083837,0.7239259083915256,8.075665859564165,-0.934453643528761,0.9563318777292577,-0.014350633819660369,-0.01698971045704714,0.7228466867076199,0.0,-0.7755899104963384,Medical Devices,Healthcare,NUWE
2018Q2,2018,Q2,2018-08-09,2018-06-30,-4181000.0,1099000.0,-4179000.0,-39074.77,229000.0,0.2083712466,10938000.0,8809000.0,10167000.0,2003000.0,2129000.0,2315000.0,-190891000.0,8268960.000000011,1273960.0000000112,82327.10280373832,5.0758861707438845,0.0,0.0,-0.47462822113747305,82327.10280373832,-0.47462822113747305,7.52407643312103,-0.494436737622579,0.9386945169712806,0.0,0.3758099352051836,0.0,0.10047540683854453,3.817773339990015,-0.3822453830682026,-2.3585168282943556,0.2083712465878071,0.09358019026693104,0.5462882579616424,0.0,-0.8021856501062532,0.6838235294117647,0.03973357831878732,0.04019292604501608,0.5575050051006459,0.0,-0.7582958978197212,Medical Devices,Healthcare,NUWE
2018Q1,2018,Q1,2018-05-10,2018-03-31,-4354000.0,1037000.0,-4354000.0,-43108.91,136000.0,0.131147541,14411000.0,12386000.0,13817000.0,1899000.0,2025000.0,2525000.0,-186710000.0,11835180.0,1331180.0,122633.66336633664,7.275934702474987,0.0,0.0,-0.35152591635717745,122633.66336633664,-0.35152591635717745,11.412902603664417,-0.6795578778135049,0.9555288228645245,0.0,0.3568316831683168,0.0,0.07195892026923878,5.877830437072143,-0.3021303171188675,-2.32381307677204,0.13114754098360656,0.9766621438659892,0.6371633978684493,0.0,-0.54181101236449,7.8,0.6071460795813408,0.3903668440212826,0.5605491173497924,11.529619063601274,-0.7063936500390303,Medical Devices,Healthcare,NUWE
2017Q4,2017,Q4,2018-03-22,2017-12-31,-11083000.0,831000.0,-7142000.0,-1847166.67,-20000.0,-0.0240673887,18455000.0,16238000.0,17864000.0,2091000.0,2217000.0,1588000.0,-182356000.0,871920.0,-14723080.0,2706333.3333333335,8.543280726924916,0.0,0.0,-0.6830129613784228,2706333.3333333335,-0.6825347949254834,1.0492418772563177,-0.019667959938644772,0.05369626801330213,0.0,0.5358942065491183,0.0,0.04502844757518288,7.718794835007174,-0.6005418585749119,-0.27213483146067413,-0.024067388688327317,-8.0833627479222,-15.354648303000493,0.0,6.523978685612789,-1.1142857142857143,-2.8928696873902355,-1.494586098498079,-17.35387315240496,51.42655367231639,5.2065491471276175,Medical Devices,Healthcare,NUWE
2017Q3,2017,Q3,2017-11-02,2017-09-30,-2847000.0,957000.0,-2863000.0,-203357.14,175000.0,0.1828631139,9340000.0,6981000.0,4738000.0,2227000.0,2359000.0,1337000.0,-175219000.0,6892536.000000014,4379536.000000014,498642.85714285716,2.1275258194881004,0.0,0.0,-0.4108346864077937,498642.85714285716,-0.40782122905027934,7.202231974921645,-0.6052455216016872,0.9873278899871099,0.0,0.5848915482423336,0.0,0.10246252676659529,1.4786708576560395,-0.3048179871520343,-2.11622229045134,0.18286311389759666,-0.15825872125094625,-1.2218079340992847,0.0,0.09893742621015351,-0.29435483870967744,-0.15825874694873882,-0.14565826330532214,-1.2139955429685687,76.62590799031477,-0.0471430201194618,Medical Devices,Healthcare,NUWE
2017Q2,2017,Q2,2017-08-10,2017-06-30,-2458000.0,864000.0,-2499000.0,-175571.43,248000.0,0.287037037,11805000.0,9505000.0,7169000.0,2164000.0,2300000.0,864000.0,-172372000.0,12112800.000000015,6554800.000000015,678928.5714285715,3.3128465804066543,0.0,0.0,-0.26302126186397623,678928.5714285715,-0.25860073645449766,14.019444444444462,-1.231977217249798,1.2743608627038416,0.0,0.7129629629629629,0.0,0.07318932655654384,2.8539741219963033,-0.20821685726387124,-2.9514619883040973,0.28703703703703703,-2.2481380983853527,-0.6070611310885912,0.0,24.262458471760798,-0.35917312661498707,-1.6148936170212767,-0.08275563258232235,-0.8437751903269145,0.0,0.12252829962525702,Medical Devices,Healthcare,NUWE
2017Q1,2017,Q1,2017-05-12,2017-03-31,-940000.0,901000.0,-2308000.0,140666.67,387000.0,0.4295227525,7822000.0,3852000.0,2985000.0,3798000.0,3970000.0,830000.0,-169914000.0,4586400.0,2925400.0,1284000.0,0.7859399684044234,0.0,0.0,0.2689887541150217,1284000.0,-0.24402907580477673,5.0903440621531635,-1.2197872340425533,1.1906542056074767,0.0,0.619277108433735,0.0,0.11518793147532601,0.5442338072669827,-0.12017386857581182,-2.841635687732342,0.4295227524972253,1.0484890279214063,-0.8540433925049309,0.0,9.449643947100713,0.759090909090909,0.675973802137194,0.2464903689193601,-2.2830608033021114,334.9661016949152,0.8339284554956826,Medical Devices,Healthcare,NUWE
2016Q4,2016,Q4,2017-03-08,2016-12-31,-2901000.0,746000.0,-3063000.0,-2901000.0,220000.0,0.2949061662,7471000.0,1757000.0,2419000.0,3260000.0,5714000.0,677000.0,-168974000.0,8820000.00000002,7497000.0000000205,1757000.0,0.7420245398773007,0.0,0.0,-1.749342600935882,1757000.0,-1.6511098463289697,11.823056300268124,-0.7600827300930731,5.019920318725111,0.0,0.7769571639586411,0.0,0.09985276402088074,0.49233128834355827,-0.3883014322045242,-3.2236842105263235,0.2949061662198391,-59.730664631285734,-11.75774378585086,0.0,7.785,-0.38202247191011235,0.25938218023997955,0.24593796159527326,0.5978095106058505,0.0,-0.9660332128288901,Medical Devices,Healthcare,NUWE
2016Q3,2016,Q3,2016-11-14,2016-09-30,-3917000.0,543000.0,-4062000.0,-47768.29,356000.0,0.6556169429,6621000.0,2460000.0,1328000.0,2798000.0,4161000.0,202000.0,-166073000.0,1157184000.0,1156392000.0,30000.0,0.4746247319513939,0.0,0.0,-1.6242659038845535,30000.0,-1.5922764227642277,2131.0939226519336,-73.85652284911922,470.4,0.0,0.9257425742574258,0.0,0.08201178069777978,0.32273052180128664,-0.5916024769672255,-256.69565217391306,0.6556169429097606,0.1673626186293639,0.0,0.0,0.0,0.0,0.06470869149952245,-0.020090406830738324,0.47759613635904374,6.407606448945845,-0.9657771017699115,Medical Devices,Healthcare,NUWE
2016Q2,2016,Q2,2016-08-11,2016-06-30,-4188000.0,0.0,-3982000.0,-57369.86,0.0,0.0,12997000.0,3689000.0,12331000.0,6943000.0,9308000.0,0.0,-162156000.0,848055600.0,841909600.0,50534.24657534246,1.7760334149503096,0.45418173424636454,1.6001626457034426,-0.4149394582995774,50534.24657534246,-1.1352670100298183,0.0,-50.62414040114613,229.88766603415561,0.0,0.0,0.0,0.0,1.7354169667290797,-0.3222282065091944,-245.0319560820572,0.0,0.13693479772452313,0.0,0.0,0.0,0.0,0.12494776431257835,0.12579582875960482,0.3338570408362007,0.0,-0.87857705672575,Medical Devices,Healthcare,NUWE
2016Q1,2016,Q1,2016-05-05,2016-03-31,-4786000.0,0.0,-4555000.0,-66472.22,0.0,0.0,17778000.0,7612000.0,17017000.0,6832000.0,10166000.0,0.0,-157968000.0,1524096000.0000072,1514427000.0000072,105722.22222222222,2.49077868852459,0.38255146810664864,0.8934576983709932,-0.31623235922560966,105722.22222222222,-0.6287440882816605,0.0,-79.61220225658208,200.2228060956394,0.0,0.0,0.0,0.0,2.4107142857142856,-0.26920913488581394,-267.19775596073055,0.0,0.3011098282839933,0.6066732412886259,0.0,-0.13959534305414267,0.0,0.30110981308411217,0.2831287378029588,0.4405204226064099,0.0,-0.6049962413185679,Medical Devices,Healthcare,NUWE
2015Q4,2015,Q4,2016-03-15,2015-12-31,-6848000.0,0.0,-6354000.0,-95111.11,0.0,0.0,24570000.0,12171000.0,23652000.0,8058000.0,12399000.0,0.0,-153182000.0,2449440000.000007,2434126000.000007,169041.66666666666,2.9352196574832465,0.31741961741961744,0.6407854736669132,-0.3299330582791206,169041.66666666666,-0.5626489195628954,0.0,-89.42172897196288,201.25215676608389,0.0,0.0,0.0,0.0,2.8683296103251426,-0.2787138787138787,-512.3279648609092,0.0,-0.04422082504010337,0.0,0.0,0.0,0.0,-0.04422079902409271,-0.01291248206599713,0.15789473684210523,0.0,-0.5300409298015291,Medical Devices,Healthcare,NUWE
2015Q3,2015,Q3,2015-11-05,2015-09-30,-6558000.0,0.0,-6273000.0,-91083.33,0.0,0.0,29367000.0,18435000.0,28664000.0,6052000.0,10932000.0,0.0,-146578000.0,3991680000.000007,3971528000.000007,256041.66666666666,4.736285525446133,0.26379950284332754,0.42023325196636835,-0.23970173929474842,256041.66666666666,-0.3557363710333605,0.0,-152.16834400731958,216.5272579332795,0.0,0.0,0.0,0.0,4.609881031064111,-0.2233118806823986,-725.3643467199722,0.0,-0.031456343179297026,0.0,0.0,0.0,0.0,-0.031456432840515886,0.010411736867013724,0.004855842185129072,0.0,-0.43572084481175394,Medical Devices,Healthcare,NUWE
2015Q2,2015,Q2,2015-08-05,2015-06-30,-6358000.0,0.0,-6339000.0,-88305.56,0.0,0.0,34913000.0,24524000.0,34186000.0,4588000.0,10389000.0,0.0,-140020000.0,6259680000.000014,6233957000.000014,340611.1111111111,7.451176983435048,0.22043364935697304,0.3138150383297994,-0.19273963955433515,340611.1111111111,-0.25925623878649484,0.0,-246.13400440390112,255.24710487685587,0.0,0.0,0.0,0.0,7.284001743679163,-0.1821098158279151,-1089.0187891440526,0.0,0.09981587653554304,0.0,0.0,0.0,-1.0,0.09981594223417811,0.09339244851258581,0.19171116196287816,0.0,11.67390180878553,Medical Devices,Healthcare,NUWE
2015Q1,2015,Q1,2015-05-07,2015-03-31,-7063000.0,59000.0,-6992000.0,-98097.22,59000.0,1.0,38795000.0,30073000.0,38007000.0,3679000.0,8722000.0,0.0,-133662000.0,7693056000.0,7661777000.0,417680.55555555556,10.330796412068496,0.14816342312153627,0.19113490506434344,-0.1953310416946818,417680.55555555556,-0.23486183619858345,130390.77966101695,-272.3012884043608,255.81272237555282,0.0,0.0,0.0,0.001520814537955922,10.08045664582767,-0.18205954375563863,-1075.0497484628283,1.0,0.025283433452445474,0.41954306377383305,0.0,2.399231377868204,-0.6666666666666666,-0.047456621681744034,-0.05048076923076923,0.41954306377383305,0.0,2.399231377868204,Medical Devices,Healthcare,NUWE
2014Q4,2014,Q4,2015-03-20,2014-12-31,-6743000.0,177000.0,-6656000.0,-100641.79,177000.0,1.0,32373000.0,29215000.0,31712000.0,3158000.0,3158000.0,0.0,-126599000.0,7158816000.0,7127523000.0,436044.77611940296,10.04179860671311,0.0,0.0,-0.22837005402324098,436044.77611940296,-0.2308060927605682,40445.28813559322,-265.41658015720003,245.03905527982204,0.0,0.0,0.0,0.005467519228987119,9.927802406586448,-0.20829085966700644,-1317.8969072164948,1.0,-0.09571005136049508,0.0,0.0,0.0,2.0,-0.09571010724731882,-0.08936170212765958,0.5574070374703918,0.0,1.1802238805970149,Medical Devices,Healthcare,NUWE
2014Q3,2014,Q3,2014-10-31,2014-09-30,-6154000.0,59000.0,-6110000.0,-91850.75,59000.0,1.0,37791000.0,35062000.0,37197000.0,2729000.0,2729000.0,0.0,-119856000.0,9522576000.0,9486001000.0,523313.4328358209,13.63026749725174,0.0,0.0,-0.1748879433517136,523313.4328358209,-0.17551765444070502,161399.59322033898,-386.8449788755281,271.5924932975871,0.0,0.0,0.0,0.0015612182794845335,13.423964822279222,-0.16284300494826812,-1722.6078147612156,1.0,0.03542315225970633,0.0,0.0,0.0,0.0,0.03542319749216301,0.08203125,0.0,0.0,0.0,Medical Devices,Healthcare,NUWE
2014Q2,2014,Q2,2014-08-12,2014-06-30,-6380000.0,0.0,-6656000.0,-95223.88,0.0,0.0,43372000.0,40523000.0,42800000.0,2849000.0,2849000.0,0.0,-113724000.0,9455040000.0,9412915000.0,604820.895522388,15.022815022815022,0.0,0.0,-0.1577020784321,604820.895522388,-0.15744145300199885,0.0,-370.4952978056426,233.32527206771465,0.0,0.0,0.0,0.0,14.785889785889786,-0.14709951120538597,-1783.2968691059978,0.0,0.0022580823284808794,0.0,0.0,0.0,-1.0,-0.012859183997459915,-0.045718774548311074,0.0,0.0,0.0,Medical Devices,Healthcare,NUWE
2014Q1,2014,Q1,2014-05-13,2014-03-31,-6299000.0,59000.0,-6365000.0,-95439.39,59000.0,1.0,48876000.0,46209000.0,48304000.0,2667000.0,2667000.0,0.0,-107344000.0,9713088000.0,9665667000.0,700136.3636363636,18.111736032995875,0.0,0.0,-0.13702586111849446,700136.3636363636,-0.13631543638685104,164628.61016949153,-385.50119066518494,210.1990521327014,0.0,0.0,0.0,0.0012071364268761765,17.802774653168353,-0.12887715852361076,-1442.609238081093,1.0,0.9912671568843735,0.43526985834678145,0.0,4.697956163876815,0.0,0.12671565229446832,0.09006433166547534,0.43526985834678145,0.0,4.697956163876815,Medical Devices,Healthcare,NUWE
2013Q4,2013,Q4,2014-03-14,2013-12-31,-7213000.0,0.0,-6995000.0,-10928787.88,0.0,0.0,55230000.0,51727000.0,54643000.0,3503000.0,3503000.0,0.0,-101012000.0,244692000.000001,190556000.000001,51727000.0,15.598915215529546,0.0,0.0,-0.13730406870564574,51727000.0,-0.13944361745316758,0.0,-8.480937196728165,4.730450248419607,0.0,0.0,0.0,0.0,15.471024835854982,-0.13059931196813326,-42.05775180474407,0.0,-118.51947492213148,0.0,0.0,0.0,-1.0,-0.1951946975973488,-0.1329770003239391,0.0,0.0,0.0,Medical Devices,Healthcare,NUWE
2013Q3,2013,Q3,2013-11-12,2013-09-30,-6035000.0,59000.0,-6174000.0,-91439.39,59000.0,1.0,60808000.0,57856000.0,60377000.0,2952000.0,2952000.0,0.0,-93908000.0,19259856000.00007,19200049000.00007,876606.0606060605,20.45291327913279,0.0,0.0,-0.10436141254662473,876606.0606060605,-0.10431070243362832,326438.23728813673,-797.8399337199696,332.892975663718,0.0,0.0,0.0,0.0009702670701223523,20.27981029810298,-0.0992468096303118,-4532.7973640856835,1.0,-0.06173698031117325,0.0,0.0,0.0,0.0,-0.43009478672985785,-0.1649056603773585,0.0,0.0,0.0,Medical Devices,Healthcare,NUWE
2013Q2,2013,Q2,2013-08-08,2013-06-30,-4220000.0,0.0,-5300000.0,-86122.45,0.0,0.0,22643000.0,20393000.0,22230000.0,2250000.0,2250000.0,0.0,-87873000.0,6655572000.0,6634046000.0,416183.67346938775,9.88,0.0,0.0,-0.20705095042875682,416183.67346938775,-0.20693375177757073,0.0,-394.2874407582938,326.36551757956164,0.0,0.0,0.0,0.0,9.56711111111111,-0.18637106390495958,-1920.8,0.0,0.27512951052181195,0.0,0.0,0.0,0.0,0.040036396724294813,-0.20399818264425262,0.0,0.0,0.0,Medical Devices,Healthcare,NUWE
2013Q1,2013,Q1,2013-05-14,2013-03-31,-4396000.0,0.0,-4402000.0,-118810.81,0.0,0.0,11922000.0,9903000.0,11474000.0,2019000.0,2019000.0,0.0,-83653000.0,5752908000.0,5741938000.0,267648.64864864864,5.683011391778108,0.0,0.0,-0.4442086190124682,267648.64864864864,-0.4439058871049177,0.0,-327.1671974522293,580.9257800666464,0.0,0.0,0.0,0.0,5.433382862803368,-0.36873007884583126,-1395.320882852292,0.0,0.9891883916141769,0.29697745082360466,0.0,1.1782189106705891,0.0,-0.08116084604033448,-0.07104622871046229,0.29697745082360466,0.0,1.1782189106705891,Medical Devices,Healthcare,NUWE
2012Q4,2012,Q4,2013-03-12,2012-12-31,-4066000.0,0.0,-4110000.0,-10989189.19,0.0,0.0,15036000.0,12949000.0,14557000.0,2087000.0,2087000.0,0.0,-79254000.0,5524848000.0,5510624000.0,359694.44444444444,6.975083852419742,0.0,0.0,-0.31423044645395115,359694.44444444444,-0.3140010811645687,0.0,-339.6979832759469,426.6621360722836,0.0,0.0,0.0,0.0,6.815524676569238,-0.27041766427241287,-1604.6610514086553,0.0,-119.06397609556356,0.0,0.0,0.0,0.0,-0.2339908952959029,-0.24658780709736125,0.0,0.0,0.0,Medical Devices,Healthcare,NUWE
2012Q3,2012,Q3,2012-11-09,2012-09-30,-3295000.0,0.0,-3297000.0,-91527.78,0.0,0.0,18606000.0,16335000.0,18113000.0,2271000.0,2271000.0,0.0,-75188000.0,7747488000.000036,7730042000.000036,453750.0,7.9757815940114485,0.0,0.0,-0.20177531047456027,453750.0,-0.20171411080501989,0.0,-587.8215477996993,474.28760330578734,0.0,0.0,0.0,0.0,7.682078379568472,-0.17709341072772225,-2693.8414464534203,0.0,0.16221711670480551,0.0,0.0,0.0,0.0,-0.2566742944317315,0.017580452920143028,0.0,0.0,0.0,Medical Devices,Healthcare,NUWE
2012Q2,2012,Q2,2012-07-30,2012-06-30,-2622000.0,0.0,-3356000.0,-109250.0,0.0,0.0,2907000.0,645000.0,2404000.0,2262000.0,2262000.0,0.0,-71892000.0,1971648000.0000048,1969876000.0000048,26875.0,1.0627763041556144,0.0,0.0,-4.0699672531498035,26875.0,-4.065116279069767,0.0,-187.99084668192265,3056.81860465117,0.0,0.0,0.0,0.0,0.7833775419982316,-0.9019607843137255,-954.7932203389854,0.0,0.35355029585798814,0.0,0.0,0.0,0.0,0.35355029585798814,0.1826595226497808,0.0,0.0,0.0,Medical Devices,Healthcare,NUWE
2012Q1,2012,Q1,2012-05-14,2012-03-31,-4056000.0,0.0,-4106000.0,-169000.0,0.0,0.0,4998000.0,2949000.0,4477000.0,2049000.0,2049000.0,0.0,-69270000.0,5352480000.000025,5348648000.000025,122875.0,2.1849682772083945,0.0,0.0,-1.3838070028016092,122875.0,-1.375381485249237,0.0,-329.9112426035518,1815.0152594099777,0.0,0.0,0.0,0.0,1.8701805758906784,-0.8115246098439376,-1102.013588634965,0.0,0.9922447418749912,0.0,0.0,0.0,0.0,0.22447418738049713,0.23108614232209737,0.0,0.0,0.0,Medical Devices,Healthcare,NUWE
2011Q4,2011,Q4,2012-03-23,2011-12-31,-5230000.0,0.0,-5340000.0,-21791666.67,0.0,0.0,7430000.0,4600000.0,6910000.0,2840000.0,2840000.0,0.0,-65190000.0,6952881600.000023,6946321600.000023,200000.0,2.433098591549296,0.0,0.0,-1.134831369362048,200000.0,-1.1369565217391304,0.0,-332.35571701720954,1511.496000000005,0.0,0.0,0.0,0.0,2.3098591549295775,-0.7039030955585465,-1805.9432727272788,0.0,-0.21345707697697602,0.0,0.0,0.0,1.0,-0.21345707656612528,-0.23897911832946636,0.0,0.0,0.0,Medical Devices,Healthcare,NUWE
2011Q3,2011,Q3,2011-09-30,2011-09-30,-4310000.0,-50000.0,-4310000.0,-17958333.33,-50000.0,1.0,10660000.0,9380000.0,10540000.0,1280000.0,1280000.0,0.0,-59950000.0,0.0,-10340000.0,0.0,8.234375,0.0,0.0,-0.4594882729211087,0.0,-0.4594882729211087,0.0,0.0,0.0,0.0,0.0,,-0.004690431519699813,8.078125,-0.40431519699812385,0.0,1.0,0.0,0.0,0.0,0.0,0.0,0.0,0.0,0.0,0.0,0.0,Medical Devices,Healthcare,NUWE
2011Q2,2011,Q2,2011-06-30,2011-06-30,,,,,,,6833474.7664749995,6261270.119488,6699483.786846,572204.646987,572204.646987,0.0,0.0,0.0,-6434016.629972,0.0,11.708195349553332,0.0,0.0,,0.0,,0.0,0.0,0.0,0.0,0.0,,,11.482055103860885,,0.0,0.0,0.0,0.0,0.0,0.0,0.0,0.0,0.0,0.0,0.0,0.0,Medical Devices,Healthcare,NUWE
2010Q4,2010,Q4,2010-12-31,2010-12-31,,,,,,,12720545.580111,11961149.252519,12600583.969776,759396.327592,759396.327592,0.0,0.0,0.0,-12244115.61586,0.0,16.59289558290556,0.0,0.0,,0.0,,0.0,0.0,0.0,0.0,0.0,,,16.40267502259807,,0.0,0.0,0.0,0.0,0.0,0.0,0.0,0.0,0.0,0.0,0.0,0.0,Medical Devices,Healthcare,NUWE
2010Q2,2010,Q2,2010-06-30,2010-06-30,,,,,,,4474989.164152,4017458.88752,4361227.21285,457530.276633,457530.276633,0.0,0.0,0.0,-3350288.530999,0.0,9.532106257414485,0.0,0.0,,0.0,,0.0,0.0,0.0,0.0,0.0,,,9.244848640200175,,0.0,0.0,0.0,0.0,0.0,0.0,0.0,0.0,0.0,0.0,0.0,0.0,Medical Devices,Healthcare,NUWE
2009Q4,2009,Q4,2009-12-31,2009-12-31,,,,,,,7429930.56117,7114622.57795,7283897.018532,315307.98322,315307.98322,0.0,0.0,0.0,-6987197.384141,0.0,23.100896286060106,0.0,0.0,,0.0,,0.0,0.0,0.0,0.0,0.0,,,22.69092659910547,,0.0,0.0,0.0,0.0,0.0,0.0,0.0,0.0,0.0,0.0,0.0,0.0,Medical Devices,Healthcare,NUWE
2009Q2,2009,Q2,2009-06-30,2009-06-30,,,,,,,1982938.954708,1637384.188269,1830437.098492,345554.76644,345554.76644,0.0,0.0,0.0,-1625250.992672,0.0,5.297096947467011,0.0,0.0,,0.0,,0.0,0.0,0.0,0.0,0.0,,,5.079727678254393,,0.0,0.0,0.0,0.0,0.0,0.0,0.0,0.0,0.0,0.0,0.0,0.0,Medical Devices,Healthcare,NUWE
2008Q4,2008,Q4,2008-12-31,2008-12-31,,,,,,,4334638.836445,3446803.020768,4179442.696315,887835.815677,887835.815677,0.0,0.0,0.0,-4029053.213062,0.0,4.707449984013155,0.0,0.0,,0.0,,0.0,0.0,0.0,0.0,0.0,,,4.578235385849505,,0.0,0.0,0.0,0.0,0.0,0.0,0.0,0.0,0.0,0.0,0.0,0.0,Medical Devices,Healthcare,NUWE
2008Q2,2008,Q2,2008-06-30,2008-06-30,,,,,,,9738190.411496,9505173.123104,9496411.247501,233017.288392,233017.288392,0.0,0.0,0.0,-9349907.674056,0.0,40.75410589932448,0.0,0.0,,0.0,,0.0,0.0,0.0,0.0,0.0,,,40.367859840986554,,0.0,0.0,0.0,0.0,0.0,0.0,0.0,0.0,0.0,0.0,0.0,0.0,Medical Devices,Healthcare,NUWE
2007Q4,2007,Q4,2007-12-31,2007-12-31,,,,,,,7781445.92047,7446358.893419,7502146.52111,335087.027051,335087.027051,0.0,0.0,0.0,-7185988.864045,0.0,22.388651053232746,0.0,0.0,,0.0,,0.0,0.0,0.0,0.0,0.0,,,22.03030223732432,,0.0,0.0,0.0,0.0,0.0,0.0,0.0,0.0,0.0,0.0,0.0,0.0,Medical Devices,Healthcare,NUWE
2007Q2,2007,Q2,2007-06-30,2007-06-30,,,,,,,7108996.607294,6890371.501272,6804586.938083,218625.106022,218625.106022,0.0,0.0,0.0,-6546648.006785,0.0,31.124453462349663,0.0,0.0,,0.0,,0.0,0.0,0.0,0.0,0.0,,,30.656089603083217,,0.0,0.0,0.0,0.0,0.0,0.0,0.0,0.0,0.0,0.0,0.0,0.0,Medical Devices,Healthcare,NUWE
