Year,Date,FillingDate,NetIncome,Revenue,OperatingIncome,EPSDiluted,GrossProfit,GrossProfitRatio,TotalAssets,CommonStockEquity,CurrentAssets,CurrentLiability,TotalLiability,Inventory,RetainedEarnings,EnterpriseValue,bookValuePerShare,currentRatio,debtToAssets,debtToEquity,roic,shareholdersEquityPerShare,roe,priceToSalesRatio,peRatio,pbRatio,payoutRatio,inventoryTurnover,dividendYield,assetTurnover,quickRatio,returnOnAssets,priceToFreeCashFlowsRatio,grossProfitMargin,epsdilutedGrowth,fiveYNetIncomeGrowthPerShare,fiveYRevenueGrowthPerShare,fiveYShareholdersEquityGrowthPerShare,grossProfitGrowth,netIncomeGrowth,operatingIncomeGrowth,threeYNetIncomeGrowthPerShare,threeYRevenueGrowthPerShare,threeYShareholdersEquityGrowthPerShare,Industry,Sector,Price,MarketCap,AvgVolume,Symbol
2022,2022-12-31,2023-03-23,373349000.0,37544000.0,495227000.0,23.11,19205000.0,0.5115331345,1197479000.0,613487000.0,589908000.0,246302000.0,385311000.0,0.0,549434000.0,618076902.95,37.982006362910255,2.395059723428961,0.2649081946322232,0.5170802315289484,0.4410594434600272,37.982006362910255,0.608568722727621,11.035049620445344,1.1096853157501425,0.675319775235661,0.0,0.0,0.0,0.03135253311331556,1.9529886074818719,0.31177916272435674,-9.12836343696294,0.5115331344555721,56.775,43.53459537023658,-0.7142966536137857,4.257834290169712,-0.09320553378346476,56.928471683475564,27.400929058897745,18.530317655785588,-0.22485318177425642,1.536966928546503,Real Estate—Development,Real Estate,19.61,316740720,7586,ARL
2021,2021-12-31,2022-03-29,6445000.0,42039000.0,17437000.0,0.4,21179000.0,0.503794096,770569000.0,240138000.0,325941000.0,234475000.0,433718000.0,0.0,176085000.0,526419343.95000005,14.867345264001587,1.3900884955752213,0.4838554366967786,1.552623907919613,0.03408993471743087,14.867345264001587,0.026838734394389892,4.860328360569947,31.702613491078356,0.8508580230950538,0.0,0.0,0.0,0.05455578929336633,1.2963215694636956,0.0083639492375115,-17.731783732534932,0.5037940959585148,-0.28571428571428575,3.265941165223742,-0.6625581893405816,0.8925420437819742,-0.3890555587607454,-0.2862679955703212,-0.2286902286902287,-0.9632849930003222,-0.6560914506580013,-0.08015963624282303,Real Estate—Development,Real Estate,19.61,316740720,7586,ARL
2020,2020-12-31,2021-03-26,9030000.0,59026000.0,22607000.0,0.56,34666000.0,0.5873005116,865764000.0,236791000.0,346981000.0,277649000.0,535358000.0,0.0,172738000.0,618684176.4,14.757198707998032,1.2497109660038395,0.5551154818172158,2.0296337276332292,0.03192942685119249,14.757198707998032,0.03813489532963668,2.963087053163013,19.368679557032117,0.7386225675806936,0.0,0.0,0.0,0.06817793301638783,1.0688855353341808,0.010430094113407349,49.9997645511721,0.5873005116389388,1.4242424242424243,5.338770646128832,-0.46646776173279997,0.8136227192987794,0.5562039863530257,1.4281041103683687,-0.027739549286082917,2.0355742888959485,-0.5478481259958202,1.042833247206456,Real Estate—Development,Real Estate,19.61,316740720,7586,ARL
2019,2019-12-31,2020-03-30,-21093000.0,47970000.0,23252000.0,-1.32,22276000.0,0.4643735668,830641000.0,239499000.0,325507000.0,32004000.0,534125000.0,0.0,163708000.0,700160911.88,14.971423527649678,10.17082239720035,0.5746875003762155,1.9931565476265036,0.03146632796142402,14.971423527649678,-0.08807134894091416,5.712526826766729,-12.991509594652253,1.1441797747798528,0.0,0.0,0.0,0.05775058057572405,9.168353955755531,-0.025393641777855896,-6.742696092123717,0.4643735668125912,-1.122109158186864,-1.5415079858151022,-0.5210417004304424,0.5272388393282395,-0.553533491000922,-1.121434205147986,0.6746128916096507,-6.487742732531954,-0.6112207402412155,0.905790709653397,Real Estate—Development,Real Estate,19.61,316740720,7586,ARL
2018,2018-12-31,2019-04-01,173699000.0,120956000.0,13885000.0,10.81,49894000.0,0.4124971063857932,826149000.0,258325000.0,303050000.0,30474000.0,505022000.0,0.0,179666000.0,597125112.96,16.162962455000862,9.944542889020148,0.5333710989179918,1.705773734636601,0.019734269151769346,16.162962455000862,0.6724049162876222,1.5948701425311684,1.1105942634096917,0.746769042717507,0.005187134065250808,0.0,0.004670593245570642,0.1464094249342431,7.64136641071077,0.21025141953812207,-1.1194039003783396,0.4124971063857932,18.721311475409838,2.034658550947051,-0.026905390272169354,1.0742751643666966,-0.02260617458078671,21.602419641798125,-0.20329355060821666,84.78997361269653,0.09764150799940019,0.9863875590206389,Real Estate—Development,Real Estate,19.61,316740720,7586,ARL
2017,2017-12-31,2018-04-02,-8431000.0,126221000.0,17428000.0,-0.61,51048000.0,0.4044334936341813,1296720000.0,112074000.0,238944000.0,43002000.0,1130837000.0,0.0,5967000.0,1166942526.0,7.223888062414434,5.556578763778429,0.7792761737306435,9.016390955975517,0.01584634744003591,7.223888062414434,-0.07522708210646536,1.5794481583888575,-23.646011860989205,1.778820475757089,-0.13106393073182304,0.0,0.005542749936112911,0.09733866987476093,4.4957443839821405,-0.006501789129495959,-5.338319078859285,0.4044334936341813,-1.44,-0.12144412357319971,-0.2154707753900707,0.6496229520275532,0.11470684572551589,-2.08601756954612,0.1909252425857592,-1.2231784955717702,0.2994702605697906,-0.2630892847628283,Real Estate—Development,Real Estate,19.61,316740720,7586,ARL
2016,2016-12-31,2017-03-31,-2732000.0,119663000.0,14634000.0,-0.25,45795000.0,0.3826997484602592,1174909000.0,121877000.0,207157000.0,56303000.0,998778000.0,0.0,14398000.0,913782241.2,7.855754281839534,3.679324369927002,0.7243922720823485,6.98322899316524,0.01533330543063933,7.855754281839534,-0.022416042403406715,0.6702927488028881,-29.35916588579795,0.6581163074246987,-0.40300146412884336,0.0,0.013726597877352816,0.10184873892361025,2.9973180825178054,-0.00232528646899462,4.597572005044136,0.3826997484602592,-0.19047619047619052,-7.993658976320137,-0.24943606513828603,0.6231003855848413,0.1332310509514736,-0.39387755102040817,1.3199112238427393,-1.04917052201073,-0.008256994146507698,0.008168895371365968,Real Estate—Development,Real Estate,19.61,316740720,7586,ARL
2015,2015-12-31,2016-03-30,-1960000.0,104188000.0,6308000.0,-0.21,40411000.0,0.38786616500940607,1117368000.0,122957000.0,209333000.0,44383000.0,940479000.0,0.0,17130000.0,874435799.1223,8.136862507822888,4.716513079332176,0.7202282506748001,6.5450523353692756,0.007758389404947568,8.136862507822888,-0.01594053205592199,0.8149479702297769,-43.32030567464285,0.6905487212789837,-0.6204081632653061,0.0,0.0143214170261143,0.09324412369067309,3.686591713043282,-0.0017541221871397784,-2.4604537692283173,0.38786616500940607,-1.0921052631578947,0.9843073677350096,-0.49668454667494466,1.4028424551399976,0.42568354207091197,-1.0634612271329125,2.9718662081900593,0.7323346183689072,-0.33513603550836635,0.8581067472840707,Real Estate—Development,Real Estate,19.61,316740720,7586,ARL
2014,2014-12-31,2015-03-31,30885000.0,79412000.0,-3199000.0,2.28,28345000.0,0.3569359794489498,965498000.0,124340000.0,217345000.0,52442000.0,785910000.0,0.0,19090000.0,716014399.76,9.802935298734875,4.144483429312383,0.6826104248791816,5.300458420460029,0.0005093953182326625,9.802935298734875,0.24839150715779315,0.8720898574522743,2.2423312209810584,0.5569760315264597,0.06614861583292861,0.0,0.029499930792555903,0.08224978197779799,3.2050455741581176,0.03198867320284454,-1.8240202212389383,0.3569359794489498,-0.3234421364985164,1.3900981198928284,-0.6169311368271275,-0.20965273362453274,-0.20985142028823905,-0.251744355073166,0.7423485824742269,95.70534977415565,-0.3907534512724317,1.02541315479053,Real Estate—Development,Real Estate,19.61,316740720,7586,ARL
2013,2013-12-31,2014-03-31,41276000.0,89636000.0,-12416000.0,3.37,35873000.0,0.4002075059128029,943322000.0,89807000.0,200267000.0,73271000.0,808461000.0,0.0,-11795000.0,703112139.7111,7.792101420611487,2.733236887718197,0.698639488954991,7.3384257351876805,-0.0033180754228182494,7.792101420611487,0.45960782567060476,0.6750316804754787,1.4659157794141875,0.6737463639927845,0.05940498110282004,0.0,0.04052414329461655,0.09502163630234427,2.2838230677894393,0.04375600272229419,-1.4351107563943837,0.4002075059128029,5.814285714285715,0.7229077992362294,-0.5344913393351268,-0.6066038673944434,-0.281706779864643,8.390510295434199,-1.72156680420759,1.433289354081354,-0.4322649332713542,1.3010333639288163,Real Estate—Development,Real Estate,19.61,316740720,7586,ARL
2012,2012-12-31,2013-04-08,-5585000.0,119521000.0,17207000.0,-0.7,49942000.0,0.41785125626458947,1135345000.0,50471000.0,120610000.0,107236000.0,1050241000.0,0.0,-53071000.0,884180311.97,4.3791146658911035,1.1247155805886082,0.7661609466725973,17.234788294267997,0.015339647863431548,4.3791146658911035,-0.11065760535753205,0.2632534196501033,-5.633717452103849,0.6234136825107487,-0.43903312444046555,0.0,0.07792956039648624,0.10527284657967402,1.1247155805886082,-0.004919209579467034,-1.3614431210246203,0.41785125626458947,-2.6842105263157894,-1.1865865135989486,-0.40053948091475844,-0.7671982238673023,-0.02369316182507722,-20.25862068965517,1.3797113602259687,0.9223666077578098,-0.36549642788523623,-0.6469403092175446,Real Estate—Development,Real Estate,19.61,316740720,7586,ARL
2011,2011-12-31,2012-04-04,290000.0,118357000.0,-45316000.0,-0.19,51154000.0,0.4322008837669086,1235471000.0,55744000.0,20312000.0,199351000.0,1140214000.0,0.0,-47486000.0,897572595.97,4.839968218607083,0.10189063511093499,0.7255103519224652,16.079703645235362,-0.03286105216621619,4.839968218607083,0.005202353616532721,0.1819714589758105,74.26757231034483,0.3863661733998278,8.46896551724138,0.0,0.11403315409115272,0.09579909200620654,0.10189063511093499,0.00023472829390572503,-0.6958835531502424,0.4322008837669086,0.9775943396226415,-0.9804420659453184,-0.4280341433794435,-0.6939301917848371,-0.1574456870851383,1.0030607829271638,0.2175429508762842,-0.9878867019178881,-0.3849092170093769,-0.7556468176739398,Real Estate—Development,Real Estate,19.61,316740720,7586,ARL
2010,2010-12-31,2011-03-31,-94747000.0,157030000.0,-57915000.0,-8.48,60713000.0,0.38663312742788003,1557275000.0,38818000.0,12649000.0,205259000.0,1457040000.0,0.0,-47776000.0,1330263517.8,3.386348734773295,0.06162458162614063,0.8038278402979564,32.247436756144054,-0.0419370006572653,3.386348734773295,-2.4408006594878664,0.5803446335095205,-0.9618406683061206,2.347661337523829,0.0,0.0,0.0,0.10083639691127129,0.06162458162614063,-0.06084153408999695,-1.2565878107634818,0.38663312742788003,-0.31269349845201244,-2.769103215775863,-0.31390954921276715,-0.7684046624310857,-0.20564954010807132,-0.35080765885858484,-0.9924656827329962,-4.182560422389904,-0.20813141213483624,-0.8199754835833886,Real Estate—Development,Real Estate,19.61,316740720,7586,ARL
2009,2009-12-31,2010-03-31,-70141000.0,183657000.0,-29067000.0,-6.46,76431000.0,0.4161616491612081,1806054000.0,139377000.0,4887000.0,175776000.0,1594705000.0,0.0,46971000.0,1551696058.5,12.403326633482441,0.027802430365920262,0.7856514810742093,10.180510414200334,-0.01794970863852214,12.403326633482441,-0.5032465901834593,0.7495170807537965,-1.9625334469140732,0.9876382652804981,0.0,0.0,0.0,0.10168965047556718,0.027802430365920262,-0.038836601784885724,-1.4818082425508095,0.4161616491612081,-4.491891891891892,-2.9856637461977975,-0.5240043616081045,0.27147927096126384,0.19522417001579434,-4.098921975788636,-10.76385623110514,-5.848413148306042,-0.09032485373570162,-0.21563869172832223,Real Estate—Development,Real Estate,19.61,316740720,7586,ARL
2008,2008-12-31,2009-03-31,22634000.0,181920000.0,2977000.0,1.85,63947000.0,0.35151165347405455,1842153000.0,215678000.0,9088000.0,147920000.0,1626475000.0,0.0,119599000.0,1488068055.35,19.807264929125097,0.061438615467820444,0.7581644955657864,6.475648883984459,0.0010260360461152758,19.807264929125097,0.10494348055898145,0.5357028108509234,4.305692999469824,0.45185440958280393,0.0,0.0,0.0,0.09875401228888155,0.059606544077879936,0.012286710170110734,-0.37118099648072395,0.35151165347405455,-0.2127659574468085,1.1015006075414642,-0.32550302156408145,1.8238313091647163,-0.00820460326322973,-0.14788043069046006,-0.6757786974515356,-0.5550930873918053,-0.1632430483608209,0.3546360894471627,Real Estate—Development,Real Estate,19.61,316740720,7586,ARL
TTM,,,,,,,,,,,,,,,,490251720.0,38.166379324274956,2.0762063770004477,0.20553879039356218,0.3712311323432798,0.4860040861011273,38.166379324274956,0.7085008044902501,7.642435034382917,0.8648139357658893,0.5138029948658885,0.0,0.0,0.0,0.037223150293689715,1.8514720853524453,0.3289450521815667,-7.986201053932074,0.5073712148630716,,,,,,,,,,,Real Estate—Development,Real Estate,19.61,316740720,7586,ARL
