Quarters,Year,Quarter,FillingDate,Date,NetIncome,Revenue,OperatingIncome,EPSDiluted,GrossProfit,GrossProfitRatio,TotalAssets,CommonStockEquity,CurrentAssets,CurrentLiability,TotalLiability,Inventory,RetainedEarnings,MarketCap,EnterpriseValue,bookValuePerShare,currentRatio,debtToAssets,debtToEquity,roic,shareholdersEquityPerShare,roe,priceToSalesRatio,peRatio,pbRatio,payoutRatio,inventoryTurnover,dividendYield,assetTurnover,quickRatio,returnOnAssets,priceToFreeCashFlowsRatio,grossProfitMargin,epsdilutedGrowth,fiveYNetIncomeGrowthPerShare,fiveYRevenueGrowthPerShare,fiveYShareholdersEquityGrowthPerShare,grossProfitGrowth,netIncomeGrowth,operatingIncomeGrowth,threeYNetIncomeGrowthPerShare,threeYRevenueGrowthPerShare,threeYShareholdersEquityGrowthPerShare,Industry,Sector,Symbol
2023Q1,2023,Q1,2023-04-26,2023-03-31,253993000.0,935672000.0,159471000.0,1.07,203083000.0,0.2170450756,2045920000.0,988116000.0,813603000.0,673828000.0,1057804000.0,66261000.0,27798000.0,1853606100.0,2083522100.0,4.237967386922173,1.2074342413791057,0.2191762141237194,0.45381007897858144,0.17338107221251758,4.237967386922173,0.2570477555266791,1.981042608948435,1.8244657333076109,1.875899287128232,0.0,11.056111438100844,0.0,0.45733557519355594,1.0483476495485495,0.12414610541956675,25.004129121027358,0.21704507562479158,0.9814814814814815,15.812811536869756,-0.12321366466379143,-0.07036261907634765,0.13323140279118562,0.9099372109636426,0.9716256815400022,4.231249820815122,0.360913144789995,0.10310594695568112,Oil & Gas Equipment & Services,Energy,NEX
2022Q4,2022,Q4,2023-02-16,2022-12-31,132985000.0,870857000.0,80883000.0,0.54,179207000.0,0.20578235,1727168000.0,789919000.0,726015000.0,553338000.0,937249000.0,66395000.0,-226195000.0,2231635560.0,2425718560.0,3.2706288118119073,1.3120642356028323,0.23886443009597214,0.5222801325199166,0.06375312755782347,3.2706288118119073,0.16835270451780499,2.5625740621020445,4.195276835733353,2.8251448059864366,0.0,10.417200090368251,0.0,0.5042109395264387,1.1126526643751198,0.07699598417756698,34.54972070844687,0.20578235002991307,0.28571428571428586,0.39959541352553135,-0.19681857433469355,-0.2879403056740843,0.14301112989125236,0.2697404854202074,0.09372295543054955,2.1762208387214015,0.2092683831623956,-0.3466318023306244,Oil & Gas Equipment & Services,Energy,NEX
2022Q3,2022,Q3,2022-10-26,2022-09-30,104734000.0,896010000.0,73952000.0,0.42,156785000.0,0.174981306,1802324000.0,762926000.0,843417000.0,648522000.0,1039398000.0,60008000.0,-359180000.0,1810676400.0,1979047400.0,3.1179797781646683,1.3005218018818174,0.23224348119428026,0.5486482306278722,0.05898954629616779,3.1179797781646683,0.13727936916555472,2.0208216426155956,4.322083564076613,2.3733316206289996,0.0,12.318774163444875,0.0,0.49714146845961105,1.1254452431837316,0.05811052840665718,17.264596960277657,0.17498130601220968,0.5555555555555554,10.741617817002084,-0.1444992349513708,-0.2522194564109404,0.1678410749932962,0.5299015454731368,0.8008961620884473,11.619553041829242,-0.13475701222530045,-0.3070546843889129,Oil & Gas Equipment & Services,Energy,NEX
2022Q2,2022,Q2,2022-07-27,2022-06-30,68458000.0,842912000.0,41064000.0,0.27,134252000.0,0.1592716677,1654206000.0,644083000.0,726753000.0,610362000.0,1010123000.0,57229000.0,-463914000.0,2320145190.0,2586318190.0,2.64001983858605,1.1906917534184631,0.25650311992581337,0.6587800019562696,0.03586765460598364,2.64001983858605,0.10628754368613982,2.752535484131202,8.472878224604868,3.6022456577801303,0.0,12.38288280417271,0.0,0.5095568508396173,1.00721866695502,0.04138420486928472,38.05076162361624,0.15927166774230286,6.605633802816903,3.429448132483448,0.10142335455327237,-0.1694695551604532,1.4310444734173549,6.786396724294813,2.349546470356251,6.905920600828965,-0.15318329330310199,-0.4051194185183088,Oil & Gas Equipment & Services,Energy,NEX
2022Q1,2022,Q1,2022-04-28,2022-03-31,8792000.0,635043000.0,-30428000.0,0.0355,55224000.0,0.0869610404,1532378000.0,565685000.0,590742000.0,540592000.0,966693000.0,50948000.0,-532372000.0,2247805560.0,2582357560.0,2.325347660408848,1.0927686684227662,0.28344181396496165,0.7678124751407586,-0.028120204947158355,2.325347660408848,0.0155422187259694,3.539611585357212,63.91621815286624,3.973599370674492,0.0,11.380603752846039,0.0,0.4144166778692986,0.9091329505431083,0.00573748774780113,-1917.922832764505,0.08696104043348246,-0.19864559819413097,1.0515258350959922,0.11974822374805309,-0.28789196082531926,0.6574326960593055,-0.18997604569743873,-2.638909835182592,1.1730680533408822,-0.3535243883324206,-0.4822478946078913,Oil & Gas Equipment & Services,Energy,NEX
2021Q4,2021,Q4,2022-02-23,2021-12-31,10854000.0,509730000.0,18566000.0,0.0443,33319000.0,0.0653659781,1457581000.0,547017000.0,507709000.0,471703000.0,910564000.0,38094000.0,-541164000.0,858791150.0,1189658150.0,2.2612137421304355,1.0763319292012135,0.3029416547004935,0.8072180572084597,0.018032434904401165,2.2612137421304355,0.01984216212658839,1.684796166598003,19.78052215772987,1.569953310409,0.0,12.506195201344044,0.0,0.349709553019695,0.874353141701452,0.007446584443677573,-10.125701838161602,0.0653659780668197,1.2215,1.119618395213679,0.43317113195788504,0.43166191026697043,8.088652482269504,1.2467154611992544,1.4963374859648184,-0.23545357765639993,-0.5477834940569442,-0.5153331895522519,Oil & Gas Equipment & Services,Energy,NEX
2021Q3,2021,Q3,2021-11-09,2021-09-30,-43994000.0,393164000.0,-37406000.0,-0.2,3666000.0,0.00932435319612172,1417975000.0,528171000.0,496868000.0,461613000.0,889804000.0,38108000.0,-552018000.0,1032612599.9999999,1334905600.0,2.3528539163670867,1.0763734990132428,0.3087628484282163,0.8289322965478984,-0.03668240363464823,2.3528539163670867,-0.0832949934774912,2.626416965948052,-5.867917215983997,1.9550725049273814,0.0,10.220898499002834,0.0,0.27727146106243056,0.8685045698453033,-0.031025934871912412,-12.551966158970181,0.00932435319612172,-0.3333333333333335,0.6088194867441987,0.5470441333482068,0.2123708719707852,1.206117170808501,-0.3842862087410717,-0.01976500095417246,-1.6827146305389076,-0.6640043274751862,-0.5078274403418126,Oil & Gas Equipment & Services,Energy,NEX
2021Q2,2021,Q2,2021-08-05,2021-06-30,-31781000.0,292145000.0,-36681000.0,-0.15,-17786000.0,-0.060880727036232006,1137542000.0,481733000.0,491106000.0,282583000.0,655809000.0,30974000.0,-508024000.0,1026732000.0,1143933000.0,2.2333472415391746,1.7379177091332458,0.32318542963688374,0.7631551087428098,-0.04238838410445155,2.2333472415391746,-0.06597222942999545,3.5144602851323827,-8.07661810515717,2.131330010607536,0.0,10.006166462194098,0.0,0.25682128659864867,1.4444570267850507,-0.027938309091004993,-39.99890919007363,-0.060880727036232006,0.4,0.6674451045024008,0.5250412501480013,0.0,0.4953324064353205,0.4168837840813181,0.21487585616438357,-1.5266283345562595,-0.7433872219644295,-0.5156096928068289,Oil & Gas Equipment & Services,Energy,NEX
2021Q1,2021,Q1,2021-05-05,2021-03-31,-54502000.0,228402000.0,-46720000.0,-0.25,-35243000.0,-0.15430250172940693,1133028000.0,509328000.0,488020000.0,245828000.0,623700000.0,31621000.0,-476243000.0,800209200.0,863659200.0,2.367756031797685,1.9852091706396342,0.29574644227680164,0.6579041403574907,-0.05368654747498613,2.367756031797685,-0.10700766500172777,3.5035122284393307,-3.6705497045979967,1.5711078126472529,0.0,8.337655355618102,0.0,0.20158548597210307,1.7702580666156824,-0.04810295950320734,-17.202880729211454,-0.15430250172940693,0.10714285714285723,0.48959155220290274,0.7893692034176417,0.0,0.196411063228219,0.09474138790153805,0.2711047318907281,-2.4452275395518464,-0.76801507569438,-0.480610794019071,Oil & Gas Equipment & Services,Energy,NEX
2020Q4,2020,Q4,2021-02-24,2020-12-31,-60206000.0,215054000.0,-64097000.0,-0.28,-43857000.0,-0.20393482567169177,1157888000.0,557288000.0,486779000.0,220157000.0,600600000.0,30068000.0,-421741000.0,737243600.0,796793600.0,2.600321955999347,2.2110539296956264,0.2897862314835286,0.6020944287334377,-0.06867680424697363,2.600321955999347,-0.10803390706421097,3.428178969003134,-3.061337740424542,1.3229131077647462,0.0,8.61084874284954,0.0,0.1857295351536591,1.8104080269989145,-0.05199639343356179,-21.570706302299726,-0.20393482567169177,0.4166666666666666,-0.12587521417412095,0.9170020654400007,2.3453842649488603,0.2685745734727573,0.4122401960305761,0.30648965636631176,-1.7140660094647617,-0.776481709375994,-0.43387508528915075,Oil & Gas Equipment & Services,Energy,NEX
2020Q3,2020,Q3,2020-11-04,2020-09-30,-102433000.0,163675000.0,-92424000.0,-0.48,-59961000.0,-0.36634183595539943,1211178000.0,613918000.0,488315000.0,209967000.0,597260000.0,30199000.0,-361535000.0,396364350.0,427259350.0,2.8654148638746144,2.32567498702177,0.2775042149048282,0.5474786535009561,-0.09276360631025322,2.8654148638746144,-0.16685127329708527,2.4216548037268977,-0.9673746497710699,0.6456307682784997,0.0,7.405410775191232,0.0,0.13513703188135848,1.9143579705382274,-0.08457303550758022,-9.65517757965507,-0.36634183595539943,0.09433962264150951,0.04570997404438208,-0.32521093118805977,0.476481600879686,-0.03731575669503841,0.08938731242443639,0.15131814550563347,-14.114942952697657,-0.8215255061720765,-0.3127917315173912,Oil & Gas Equipment & Services,Energy,NEX
2020Q2,2020,Q2,2020-08-05,2020-06-30,-112488000.0,196227000.0,-108903000.0,-0.53,-57804000.0,-0.29457719885642647,1309586000.0,711589000.0,518212000.0,208667000.0,597997000.0,43153000.0,-259102000.0,523712000.00000006,523243000.00000006,3.328915606287425,2.483440122300124,0.257087354324191,0.47313547567486286,-0.09909730646446734,3.328915606287425,-0.15808001528972482,2.668908967675193,-1.1639285968281063,0.73597540153094,0.0,5.8867517901420525,0.0,0.14983895673899997,2.0305894080041407,-0.08589584800081858,31.598407143719083,-0.29457719885642647,-0.5588235294117647,-0.18775177097600548,0.03363118000206994,0.0,-2.954290350936507,-0.567645911143319,-0.6537287595098173,-3.55614801976984,-0.7073564113469668,0.047251887623680315,Oil & Gas Equipment & Services,Energy,NEX
2020Q1,2020,Q1,2020-05-07,2020-03-31,-71756000.0,627625000.0,-65853000.0,-0.34,29578000.0,0.04712686715793667,1786859000.0,817707000.0,929687000.0,582846000.0,969152000.0,50955000.0,-146614000.0,249025139.99999997,271709140.0,3.841849822873305,1.5950817196995433,0.2865956407304661,0.6262707791421621,-0.04758394370161256,3.841849822873305,-0.0877527035967651,0.39677377414857595,-0.8676108618094653,0.30454079517479976,0.0,11.736767736237857,0.0,0.35124483800904266,1.4260387821139717,-0.04015761736096692,75.14337356668678,0.04712686715793667,0.27659574468085096,0.32084812396185475,3.9693954667798397,0.0,-0.21730616565228897,0.1347192745514181,0.14326416444415535,0.5193543460174074,0.2648729996087795,0.17651746908627292,Oil & Gas Equipment & Services,Energy,NEX
2019Q4,2019,Q4,2020-03-12,2019-12-31,-82928000.0,528216000.0,-76865000.0,-0.47,37790000.0,0.07154270222787648,1664907000.0,886772000.0,688054000.0,386194000.0,778135000.0,61641000.0,-73333000.0,1186898300.0,1269506300.0,5.005797379606998,1.7816278865026385,0.20278790346848202,0.38073258966228074,-0.059679828295559206,5.005797379606998,-0.0935167100449721,2.246994222060672,-3.578098772429095,1.3384481016540892,0.0,7.956165539170358,0.0,0.31726456793082136,1.5685898796977684,-0.04980938875264504,39.409579307367935,0.07154270222787648,-16.666666666666668,-0.8761412795509285,4.696399918616876,5.4400932156201405,-0.09608438778195039,-24.307476110174257,-10.732210686249683,-0.24804386014107221,1.0281025511888002,2.1693640036635475,Oil & Gas Equipment & Services,Energy,NEX
2019Q3,2019,Q3,2019-11-07,2019-09-30,3558000.0,443953000.0,7898000.0,0.03,41807000.0,0.09416987834297774,1058827000.0,472004000.0,381405000.0,213369000.0,586823000.0,21585000.0,9595000.0,635687940.0,816979940.0,4.4996043813573054,1.7875370836438282,0.3195205637937076,0.7167672307861798,0.011913569682343871,4.4996043813573054,0.007538071711256684,1.431881167601075,44.66610033726813,1.346785069618054,0.0,18.63080843178133,0.0,0.41928757011296464,1.655568522137705,0.0033603223189435103,17.193301598463744,0.09416987834297774,1.5999999999999999,1.0677014461644057,2.7383003695704273,1.3185414314938777,0.2538087811900192,1.7143143946998594,6.160471441523119,1.0677014461644057,2.7383003695704273,1.3185414314938777,Oil & Gas Equipment & Services,Energy,NEX
2019Q2,2019,Q2,2019-07-31,2019-06-30,-4981000.0,427733000.0,1103000.0,-0.05,33344000.0,0.07795517297005375,1064837000.0,465256000.0,349333000.0,223458000.0,599581000.0,26620000.0,6037000.0,702407900.0,924293900.0,4.43789883342713,1.5633049611112604,0.31833792402029604,0.7285838334164417,0.0014454772365117847,4.43789883342713,-0.010705933937445192,1.6421643875969354,-35.25436157398113,1.509723464071393,0.0,14.815514650638617,0.0,0.4016887091639378,1.4149907365142442,-0.004677711236555454,25.89713158573904,0.07795517297005375,0.7619047619047619,0.8927622016285381,3.594004869044682,0.0,1.6607085860197894,0.7715766302852426,1.069436575385584,0.8927622016285381,3.594004869044682,0.0,Oil & Gas Equipment & Services,Energy,NEX
2019Q1,2019,Q1,2019-05-07,2019-03-31,-21806000.0,421654000.0,-15885000.0,-0.21,12532000.0,0.029721050909039166,1060567000.0,468984000.0,314321000.0,212902000.0,591583000.0,30959000.0,11018000.0,1172659060.0,1428752060.0,4.49123747869223,1.4763647124028896,0.32043331538695813,0.7246323968408304,-0.01904097530399961,4.49123747869223,-0.046496255735803356,2.7810931711782647,-13.444224754654684,2.5004244494481687,0.0,13.214961723569882,0.0,0.39757412780144963,1.3119228565255376,-0.020560700078354314,-1179.7374849094567,0.029721050909039166,-4.578430156657964,0.5793217918452733,5.804948986521157,0.0,-0.7050738962628259,-4.558420365535248,-2.122773536895674,0.5793217918452733,5.804948986521157,0.0,Oil & Gas Equipment & Services,Energy,NEX
2018Q4,2018,Q4,2019-02-27,2018-12-31,6128000.0,486549000.0,14148000.0,0.05868495144701308,42492000.0,0.08733344431907167,1054579000.0,487181000.0,332263000.0,220580000.0,567398000.0,35669000.0,31494000.0,854171960.0,1114695960.0,4.665501522667637,1.5063151690996464,0.3230957566953258,0.6993909861016747,0.018655517448537245,4.665501522667637,0.012578487256276414,1.7555723267337924,34.84709366840731,1.7532948945053275,0.0,12.44938181614287,0.0,0.4613679961387435,1.3175899900262944,0.005810849637627906,25.887136622620925,0.08733344431907167,-0.7904108876892391,1.23519593008035,7.901479618933328,5.002293426018813,-0.2105087139088105,-0.8009032132297995,-0.43239990371499637,1.23519593008035,7.901479618933328,5.002293426018813,Oil & Gas Equipment & Services,Energy,NEX
2018Q3,2018,Q3,2018-11-02,2018-09-30,30779000.0,558908000.0,24926000.0,0.28,53822000.0,0.09629849635360381,1114329000.0,512575000.0,367947000.0,251468000.0,601754000.0,28772000.0,24558000.0,1376717640.0,1634900640.0,4.780546721257963,1.4631961124278239,0.30604157300043344,0.6653289762473784,0.026574775793498123,4.780546721257963,0.0600477978832366,2.4632276510624287,11.18228045095682,2.685885265570892,0.0,17.554775476157374,0.0,0.5015646187077605,1.3090850525713014,0.027621106513426464,68.33023823704586,0.09629849635360381,0.03703703703703707,1.572978072766683,3.6043573172328722,1.4633044816898644,-0.24665472257992274,0.0036521342159324356,-0.43391170058139533,1.572978072766683,3.6043573172328722,1.4633044816898644,Oil & Gas Equipment & Services,Energy,NEX
2018Q2,2018,Q2,2018-08-01,2018-06-30,30667000.0,578533000.0,44032000.0,0.27,71444000.0,0.1234916590756275,1099005000.0,505381000.0,409354000.0,244141000.0,593624000.0,40561000.0,-6221000.0,1498396040.0,1730148040.0,4.610635696821516,1.6767114085712764,0.31053270913235154,0.675286565976956,0.05305433930240667,4.610635696821516,0.06068095159889272,2.5899923427012808,12.215052336387648,2.9648839984091206,0.0,12.501886048174354,0.0,0.5264152574374092,1.4595541101248868,0.027904331645442922,173.46562167168327,0.1234916590756275,4.857142857142857,1.6314793065166389,4.94296691623286,0.0,0.4416530459874488,4.720368797767803,1.954374664519592,1.6314793065166389,4.94296691623286,0.0,Oil & Gas Equipment & Services,Energy,NEX
2018Q1,2018,Q1,2018-05-04,2018-03-31,-8243000.0,513016000.0,14904000.0,-0.07,49557000.0,0.0965993263368004,1046809000.0,510970000.0,389806000.0,253158000.0,535839000.0,37787000.0,-35615000.0,1658872800.0,1838094800.0,4.558731688168014,1.5397735801357255,0.26242609683332874,0.5376245180734681,0.030503630425633844,4.558731688168014,-0.01613206254770339,3.23356932337393,-50.311561324760405,3.246517016654598,0.0,12.26503824066478,0.0,0.490076031062018,1.344468671738598,-0.00787440688798052,388.2220454013574,0.0965993263368004,-1.1794871794871795,0.8518505840506863,6.713299511912693,0.0,-0.20619894281595386,-1.1875668418777163,-0.6295946516887442,0.8518505840506863,6.713299511912693,0.0,Oil & Gas Equipment & Services,Energy,NEX
2017Q4,2017,Q4,2018-03-01,2017-12-31,43947000.0,501490000.0,40237000.0,0.39,62430000.0,0.1244890227123173,1043116000.0,513092000.0,376094000.0,242154000.0,530024000.0,33437000.0,-27372000.0,2123550070.0000002,2302484070.0,4.593194696840842,1.5531190895050258,0.26368495929503527,0.5360715037459169,0.052595426691108976,4.593194696840842,0.08565130619849852,4.234481385471296,12.080176519443878,4.138731591995199,0.0,13.13096270598439,0.0,0.48076148769647864,1.3798574460880266,0.0421305013057033,-1548.9059591539024,0.1244890227123173,8.75,2.5767102750319073,7.576488573209021,4.909268746205119,0.5603989102451948,9.811070110701108,2.6200629779577147,2.5767102750319073,7.576488573209021,4.909268746205119,Oil & Gas Equipment & Services,Energy,NEX
2017Q3,2017,Q3,2017-11-07,2017-09-30,4065000.0,477302000.0,11115000.0,0.04,40009000.0,0.0838232397936736,1009227000.0,464953000.0,358839000.0,254151000.0,544274000.0,39381000.0,-71319000.0,1859970120.0,2063809120.0,4.1696454994664105,1.4119126031375049,0.2730485807454616,0.5926792600542421,0.012421131448559008,4.1696454994664105,0.00874281916666846,3.8968412451655348,114.38930627306273,4.000340077384166,0.0,11.104161905487418,0.0,0.4729381992356526,1.1445754689141494,0.004027835164933161,-107.46302981280333,0.0838232397936736,1.3636363636363635,1.0727635666733364,2.7808711729001425,1.1485212978298898,2.3304753184050613,1.3416540595057993,2.077139257680008,1.0727635666733364,2.7808711729001425,1.1485212978298898,Oil & Gas Equipment & Services,Energy,NEX
2017Q2,2017,Q2,2017-08-03,2017-06-30,-11898000.0,323136000.0,-10319000.0,-0.11,12013000.0,0.03717629728659141,642617000.0,327449000.0,259529000.0,157900000.0,315168000.0,30501000.0,-75384000.0,1648208000.0,1717533000.0,3.1787153077766885,1.6436288790373654,0.2254484397393782,0.4424414183582787,-0.023362906077049033,3.1787153077766885,-0.0363354293340337,5.100663497722321,-34.632038998150946,5.033480022843252,0.0,10.200419658371857,0.0,0.50284384011005,1.3820709309689676,-0.018514916349863138,-177.8002157497303,0.03717629728659141,0.8428571428571429,0.7393079053133997,2.5320479247798366,0.0,1.845271601463552,0.8353331949346066,0.6751353733786677,0.7393079053133997,2.5320479247798366,0.0,Oil & Gas Equipment & Services,Energy,NEX
2017Q1,2017,Q1,2017-05-05,2017-03-31,-72255000.0,240153000.0,-31764000.0,-0.7,-14212000.0,-0.05917894009235779,627351000.0,336383000.0,243032000.0,133052000.0,290968000.0,21101000.0,-63486000.0,1473085900.0,1532356900.0,3.265442225738499,1.826594113579653,0.23123737748086798,0.4312554439433622,-0.06510290715988616,3.265442225738499,-0.21479979666035443,6.133947525119403,-5.096830323161027,4.379192468109268,0.0,12.054641960096678,0.0,0.38280484130893233,1.5950680936776598,-0.11517475862794513,-25.556660305343513,-0.05917894009235779,-0.8662287249925351,-0.41299909904676235,2.9287702941851514,0.0,0.32249606712113266,-0.8751946434132669,-0.09455547898001378,-0.41299909904676235,2.9287702941851514,0.0,Oil & Gas Equipment & Services,Energy,NEX
2016Q4,2016,Q4,2017-03-21,2016-12-31,-38532000.0,151033000.0,-29020000.0,-0.375088,-20977000.0,-0.1388901763190826,536940000.0,162252000.0,145706000.0,99692000.0,374688000.0,15891000.0,-288771000.0,2224061611.35,2452966611.35,1.5794327738374863,1.4615616097580548,0.4977055164450404,1.6470551980869266,-0.06632157508027378,1.5794327738374863,-0.23748243473115893,14.725666651327854,-14.429964778301152,13.707452674543303,0.0,10.824365993329558,0.0,0.2812846873021194,1.1555290294105847,-0.07176220806794055,-189.66924879327988,-0.1388901763190826,0.251319862913898,-0.5032655016938743,1.8087336684616133,1.031982823107688,0.3411953142175183,0.2542241662957013,0.2962289317327513,-0.5032655016938743,1.8087336684616133,1.031982823107688,Oil & Gas Equipment & Services,Energy,NEX
2016Q3,2016,Q3,2016-09-30,2016-09-30,-51667000.0,116753000.0,-41235000.0,-0.500999,-31841000.0,-0.2727210435706149,548359000.0,200141000.0,143246000.0,68616000.0,348218000.0,13781000.0,-250239000.0,2232721200.0,2448822200.0,1.9407047552556047,2.0876471959892737,0.49013693583947743,1.3429082496839728,-0.08630487062118158,1.9407047552556047,-0.2581530021334959,19.123458926108967,-10.803419977935626,11.15574120245227,0.0,10.782526667150425,0.0,0.21291343809438706,1.717325405153317,-0.09422112156452252,-81.85962236480293,-0.2727210435706149,-0.1307930689694866,0.0,0.0,0.0,-0.5039913088659015,-0.13079162198244731,-0.1288909573739973,0.0,0.0,0.0,Oil & Gas Equipment & Services,Energy,NEX
2016Q2,2016,Q2,2016-06-30,2016-06-30,-45691000.0,91589000.0,-36527000.0,-0.443051,-21171000.0,-0.23115221260195,,,,,,,,2232721200.0,,,0.0,0.0,0.0,0.0,,0.0,24.37761303213268,-12.216416799807401,0.0,0.0,0.0,0.0,0.0,0.0,0.0,700.3516938519448,-0.23115221260195,0.10747719091141676,0.0,0.0,0.0,0.06973372001054574,0.10747563143398511,0.14891187846591175,0.0,0.0,0.0,Oil & Gas Equipment & Services,Energy,NEX
2016Q1,2016,Q1,2016-03-31,2016-03-31,-51193000.0,61195000.0,-42918000.0,-0.496403,-22758000.0,-0.3718931285235722,,,,,,,,2232721200.0,,,0.0,0.0,0.0,0.0,,0.0,36.485353378544,-10.903449690387356,0.0,0.0,0.0,0.0,0.0,0.0,0.0,-52.857982954545456,-0.3718931285235722,-0.9894702543136948,0.0,0.0,0.0,-0.7745029239766081,-0.9894683662365926,-1.1742742793454581,0.0,0.0,0.0,Oil & Gas Equipment & Services,Energy,NEX
2015Q4,2015,Q4,2015-12-31,2015-12-31,-25732000.0,53982000.0,-19739000.0,-0.2495151656194244,-12825000.0,-0.2375791930643548,324795000.0,80160000.0,75598000.0,32346000.0,244635000.0,4668000.0,-101684000.0,2232721200.0,2394473200.0,0.7772864789387945,2.337166883076733,0.6285472374882618,2.5467689620758485,-0.06750314620267017,0.7772864789387945,-0.32100798403193614,41.360475714126935,-21.692068241877816,27.85330838323353,0.0,14.311696658097686,0.0,0.16620329746455456,2.135101712731095,-0.07922535753321326,-249.10422849492357,-0.2375791930643548,0.0,0.0,0.0,0.0,0.0,0.0,0.0,0.0,0.0,0.0,Oil & Gas Equipment & Services,Energy,NEX
