Quarters,Year,Quarter,FillingDate,Date,NetIncome,Revenue,OperatingIncome,EPSDiluted,GrossProfit,GrossProfitRatio,TotalAssets,CommonStockEquity,CurrentAssets,CurrentLiability,TotalLiability,Inventory,RetainedEarnings,MarketCap,EnterpriseValue,bookValuePerShare,currentRatio,debtToAssets,debtToEquity,roic,shareholdersEquityPerShare,roe,priceToSalesRatio,peRatio,pbRatio,payoutRatio,inventoryTurnover,dividendYield,assetTurnover,quickRatio,returnOnAssets,priceToFreeCashFlowsRatio,grossProfitMargin,epsdilutedGrowth,fiveYNetIncomeGrowthPerShare,fiveYRevenueGrowthPerShare,fiveYShareholdersEquityGrowthPerShare,grossProfitGrowth,netIncomeGrowth,operatingIncomeGrowth,threeYNetIncomeGrowthPerShare,threeYRevenueGrowthPerShare,threeYShareholdersEquityGrowthPerShare,Industry,Sector,Symbol
2023Q4,2023,Q4,2023-03-31,2023-03-31,6311000.0,124186000.0,7254000.0,0.0,13604000.0,0.1095453594,199311000.0,115431000.0,143656000.0,45088000.0,83880000.0,0.0,0.0,0.0,0.0,0.0,3.186124911284599,0.0,0.0,0.04656575256465111,0.0,0.05467335464476614,0.0,0.0,0.0,,0.0,,0.6230764985374616,0.0,0.03166408276512586,0.0,0.10954535938028441,-1.0,-1.0,-1.0,-1.0,1.2193096909312715,3.586839238225647,2.216818631118175,1.0,-1.0,-1.0,Steel,Basic Materials,FRD
2023Q3,2023,Q3,2023-02-09,2022-12-31,1375893.0,111860093.0,2255023.0,0.19,6129834.0,0.0547991141,203883283.0,108658458.0,148356358.0,48521932.0,95224825.0,97834103.0,73487615.0,71224325.47999999,113571429.47999999,14.93543528353538,3.0575113538347978,0.22508766449478843,0.422347351919903,0.011008607517589773,14.93543528353538,0.012662548551903801,0.6367268573610071,12.941472461884754,0.6554880935269668,0.10711007323970687,1.0807096478413054,0.002069124544273606,0.5486476936905121,0.9607496255507716,0.006748434593335443,-6.120576760149747,0.05479911410408,-0.44117647058823534,9.783710732213915,2.844460869763676,0.7171591463102307,0.31024377606664855,-0.4431629991889621,-0.4107183361677797,2.502536960550769,2.822980321628048,0.4946856443130406,Steel,Basic Materials,FRD
2023Q2,2023,Q2,2022-12-02,2022-09-30,2470908.0,149692409.0,3826732.0,0.34,4678392.0,0.0312533684,211846535.0,106689752.0,156467005.0,66861317.0,105156783.0,88593950.0,72259234.0,51498298.800000004,82514465.80000001,14.72988728551942,2.3401723450945484,0.1777323192942476,0.3529108962592771,0.02023511536312446,14.72988728551942,0.023159750151073553,0.3440274569968341,5.210462995789403,0.4826920846155871,0.05964285193944898,1.6368388247730234,0.0028616867631363384,0.7066077762376429,0.9060346807108212,0.011663669646520299,0.7191201800390109,0.031253368365526134,-0.7806451612903226,6.71259517664691,4.555083796965164,0.6970082999792835,-0.7494424785699688,-0.7790749844381099,-0.6781487928052344,2.5463614244588206,2.6168295279667806,0.4546118637547721,Steel,Basic Materials,FRD
2023Q1,2023,Q1,2022-10-12,2022-06-30,11184374.0,161803090.0,11889755.0,1.55,18671928.0,0.1153990817,262059616.0,102715030.0,208971608.0,55339686.0,159344586.0,123879630.0,69935698.0,57558477.24,157621903.24,14.526102570673219,3.776161794629626,0.39102629990879634,0.9976359058649936,0.04419295066715492,14.526102570673219,0.10888741404252134,0.35573163182483103,1.2865824506583918,0.5603705440187284,0.013182856724927116,1.1554051461083634,0.0025616035564181992,0.617428554882718,1.4255385547362882,0.042678739176661235,-2.3827452078791143,0.11539908168626446,2.3963963963963963,63.98010715092796,5.948453861533065,0.6821619589693505,8.672497491389363,2.49899346705166,3.7220097683016005,55.8412748477243,2.908796940131559,0.40280343244249717,Steel,Basic Materials,FRD
2022Q4,2022,Q4,2022-08-02,2022-03-31,-7461256.0,75091475.0,-4368006.0,-1.11,-2433618.0,-0.0324087122,159275070.0,79686648.0,125361815.0,60810607.0,79588422.0,67946122.0,58909018.0,59172153.56,75115197.56,11.86435386652167,2.0615123114952625,0.11640959253698649,0.23267569241963848,-0.034884503498151406,11.86435386652167,-0.09363244893925014,0.7880009489758991,-1.9826472097995298,0.742560454544405,-0.018377602912968003,1.1409789215048947,0.0023173062285279443,0.47145780566914836,0.6293105905027391,-0.046845096348097665,6.705035580607527,-0.03240871217405172,-0.9137931034482761,-19.656706541035906,2.721825793517232,0.37785702224025225,0.32474921760999725,-0.8709741645914302,-0.1283545446302616,-5.680882329679086,0.8571186960010585,0.1474954045556348,Steel,Basic Materials,FRD
2022Q3,2022,Q3,2022-02-14,2021-12-31,-3987899.0,51655943.0,-3871129.0,-0.58,-3604021.0,-0.0697697262,150440012.0,91056681.0,121851033.0,43818798.0,59383331.0,84554493.0,66506491.0,64786637.580000006,87963708.58000001,13.183454176415989,2.7807935991306745,0.17444493423730914,0.2882105707323112,-0.033492246516478544,13.183454176415989,-0.04379578693407461,1.2541952351929768,-4.061451755673852,0.7114979029380613,-0.03463252203729332,0.6535426094979956,0.0021317821877923117,0.3433657197528009,0.6688892972372268,-0.026508233727075215,-23.216115873745654,-0.06976972620555974,-1.3036649214659686,-15.591067207539242,2.180509645721416,0.47596295338062417,-1.1213680142995204,-1.2279800717046356,-1.1590920850277144,-7.087959386916613,0.20996237302855442,0.2486591016316913,Steel,Basic Materials,FRD
2022Q2,2022,Q2,2021-11-19,2021-09-30,17492314.0,92570895.0,24332631.0,1.91,29694982.0,0.3207809754891103,137822506.0,80335001.0,111655044.0,39427280.0,57487505.0,67737618.0,69606348.0,82220089.5,111610100.5,11.636935300465709,2.8319235818448547,0.23460325122806866,0.40248469032819206,0.21596637444951503,11.636935300465709,0.21774212712090463,0.8881850985668875,1.1750888061465168,1.0234653448252276,0.015777272235108518,0.9282273994340929,0.003356612741220623,0.6716674778791208,0.8947410270249432,0.12691914047768077,-2.9901692746003437,0.3207809754891103,0.16463414634146342,29.530041114261703,3.9775466359893636,0.29631943459607857,0.7135079848828054,0.5463779981200158,0.7434478919136195,7.876378122677738,0.7590986007978762,0.10691503851006694,Steel,Basic Materials,FRD
2022Q1,2022,Q1,2021-08-23,2021-06-30,11311797.0,65916439.0,13956615.0,1.64,17329935.0,0.26290763370879305,155566855.0,62942275.0,131052701.0,80182955.0,92624580.0,67176033.0,56566844.0,92453795.8,102529335.8,9.122680985695126,1.6344209439524897,0.07049315228491314,0.17422945071496065,0.14949500681391228,9.122680985695126,0.17971700260278167,1.4025908741823871,2.0433047861449425,1.4688664462795475,0.012198857529002686,0.7232714084203216,0.0014925401256483618,0.4237177578732951,0.38505996692189753,0.07271341314960697,-144.81929393115374,0.26290763370879305,0.09333333333333327,8.629037425719813,1.9008154093362895,0.005174629010887304,-0.023197759287293552,0.0872967301597707,-0.03205674854752492,2.192314222530361,0.3895383339308109,-0.11233594958313549,Steel,Basic Materials,FRD
2021Q4,2021,Q4,2021-07-07,2021-03-31,10403597.0,49214204.0,14418836.0,1.5,17741498.0,0.36049547809408844,95008809.0,65339976.0,77534635.0,29072271.0,29668833.0,36016093.0,45392912.0,55990922.36,49592995.36,9.440823325633103,2.6669617588526195,0.01887271316073439,0.027442220058360597,0.1604807395183726,9.440823325633103,0.15922254088370036,1.137698424625541,1.345470282057254,0.8569167879706597,0.013400173036306577,0.8738511975743732,0.002489867895078555,0.5179962207504359,0.9826878677623774,0.10950139370760874,17.4544108399489,0.36049547809408844,3812.649984091138,20.51385422236159,2.031552306223478,0.01507458701166142,2.946195257002626,3756.3073321253914,4.215602638830511,3.8874947071944623,0.13375654634510156,0.04949076626125008,Steel,Basic Materials,FRD
2021Q3,2021,Q3,2021-02-22,2020-12-31,2768.897,28502049.0,2764558.0,0.0003933239826038931,4495849.0,0.15773774720547284,79369221.0,69352898.0,64237668.0,8531576.0,10016323.0,30130320.0,35127356.0,48292588.96,45278280.96,9.851633356705422,7.529402305037194,0.16973190400848207,0.19424550939457497,0.03322067341200221,9.851633356705422,3.9924748350097784e-05,1.6943549904078827,4360.273148477535,0.6963312327626165,153.4112680970076,0.7967456037639162,0.008795966609945858,0.35910707754080134,3.3545000361011845,3.4886281673345385e-05,79.24209460956203,0.15773774720547284,1.0098330995650975,-0.9944871693734084,0.48419252603213786,0.04942457916567102,3.120485163097323,1.0110753664926702,9.719737829841726,-0.9775725627808007,0.012338215324631521,0.1326634947968707,Steel,Basic Materials,FRD
2021Q2,2021,Q2,2020-11-16,2020-09-30,-250005.0,24861680.0,-317046.0,-0.04,1091097.0,0.043886696313362575,73048145.0,65281496.0,58444158.0,6496674.0,7766649.0,26499508.0,33135478.0,40993808.4,24007328.4,9.236338158813272,8.996012113275192,0.02453298437626308,0.027451714648205977,-0.003755422443881561,9.236338158813272,-0.003829645693168551,1.6488752328885257,-40.99298854022919,0.627954488052786,-0.5664246715065698,0.8970197861786717,0.003454399713689446,0.3403464933982923,4.626612940713971,-0.003422468838873321,9.723562065264444,0.043886696313362575,0.6666666666666666,-0.2442666158590019,0.03244774149519474,-0.009646606504675114,3.249581311294079,0.7089113268487837,0.7221217701342649,-1.7996973632428983,-0.054515708226470234,0.06410471533820557,Steel,Basic Materials,FRD
2021Q1,2021,Q1,2020-08-14,2020-06-30,-858862.0,23524600.0,-1140953.0,-0.12,256754.0,0.010914276969640292,71248119.0,65974090.0,57966934.0,3572518.0,5274029.0,31383892.0,33528664.0,35756242.199999996,22403923.199999996,9.317789957804907,16.225792004406976,0.02514592701036781,0.027156115378021886,-0.01263938972366775,9.317789957804907,-0.013018171224491311,1.5199511235047565,-10.408028938292764,0.5419740113126228,-0.16487980606896102,0.7413945344955941,0.0039603993956613265,0.33017854127489316,7.169735183979479,-0.01205452174814608,-10.414586088833287,0.010914276969640292,0.7209302325581396,-2.568168274082889,-0.05747462634392525,-0.005012784898293942,-0.8626049376902364,0.7154995193521224,-3.8047990835476146,-5.983294212035969,0.008899747117217357,0.07902527415236497,Steel,Basic Materials,FRD
2020Q4,2020,Q4,2020-06-29,2020-03-31,-3018842.0,32980607.0,406786.0,-0.43,1868728.0,0.05666141923949429,77344088.0,66865367.0,65211517.0,9645359.0,10478721.0,35668243.0,34530755.0,30871777.23,13914754.23,9.55164538384433,6.76092170338087,0.0013023361268413949,0.0015064300776214986,0.004633665494933563,9.55164538384433,-0.045148065963655,0.9360584912824679,-2.556591006584644,0.4617005576294826,-0.046371423214596856,0.8722571223931608,0.004534497607865772,0.4264140654163509,2.982065778992778,-0.039031321954433026,-6.045562002217166,0.05666141923949429,-2.3076923076923075,-5.47682288413972,0.26510225253305986,0.027347900273826966,34.30364800785899,-2.42659673122566,1.3545099611315428,-7.018773512204572,0.568348148914997,0.10927251615574199,Steel,Basic Materials,FRD
2020Q3,2020,Q3,2020-02-14,2019-12-31,-881003.0,28150817.0,-1147460.0,-0.13,52933.0,0.0018803361905979496,84229802.0,69940956.0,69291512.0,12870516.0,14288846.0,35543889.0,37689580.0,42136652.879999995,19903573.879999995,9.992358821643547,5.383740014774855,0.0011901250818564194,0.001433266082322352,-0.012581286522917038,9.992358821643547,-0.012596382011135221,1.4968181165043983,-11.957011746838546,0.6024603506992383,-0.1588973022793339,0.7905123719016791,0.003322261984089516,0.3342144506050246,2.5002065962234927,-0.010459516454757902,13.456849671791575,0.0018803361905979496,0.40909090909090906,-5.560945445436537,0.16107785356437548,0.06596949260532729,1.0676330415894717,0.4294528270483772,0.4365526327290119,-2.6168176913599495,0.7103558817570134,0.11870161190497518,Steel,Basic Materials,FRD
2020Q2,2020,Q2,2019-11-14,2019-09-30,-1544137.0,39995580.0,-2036499.0,-0.22,-782650.0,-0.019568412309560208,81927595.0,70878716.0,69359042.0,9509506.0,11048879.0,36092963.0,38710576.0,45426391.56,26073849.560000002,10.126335177479811,7.29365352942624,0.0,0.0,-0.021826726553178105,10.126335177479811,-0.02178562320457385,1.1357852932749068,-7.354656931347413,0.6409031388209685,-0.1813168132102268,1.1298110936472574,0.0061633334804988855,0.48818203439268537,3.39218630284265,-0.018847581208749017,5.1322882683833955,-0.019568412309560208,-8.333333333333334,-2.9591268854458477,0.2316819221701932,0.0811380716333902,-1.5319358618495995,-8.927920851046352,-8.745226975385645,-1.4839543080867466,1.1210725068231278,0.1280431447681651,Steel,Basic Materials,FRD
2020Q1,2020,Q1,2019-07-01,2019-06-30,194772.0,40975320.0,262936.0,0.03,1471324.0,0.035907565822548795,83504005.0,72479607.0,70930060.0,9255771.0,11024398.0,43757046.0,40394703.0,47456230.32,36678206.32,10.35505205842064,7.6633335029572365,0.0,0.0,0.0026230879600004538,10.35505205842064,0.00268726622648492,1.1581661917466417,60.91254174111268,0.6547528647609804,1.4374653440946337,0.9028030822738811,0.0058997100720409685,0.49069885929423385,2.8818035796261596,0.0023324869268246473,-82.05253148536217,0.035907565822548795,1.1764705882352942,2.6000561832218407,0.4264535691242486,0.11659684990214182,0.752548437585613,1.1670918914467194,3.464324207803406,1.1294854800450738,0.7774816049303969,0.14096235827304646,Steel,Basic Materials,FRD
2019Q4,2019,Q4,2019-07-01,2019-03-31,-1165658.0,42203066.0,-106697.0,-0.17,839534.0,0.019892725329481987,86601982.0,72481577.0,74456207.0,12364902.0,14120405.0,49062086.0,40479909.0,53418226.92,41751065.92,10.339347608207735,6.021576798586839,0.0,0.0,-0.0011712257409108025,10.339347608207735,-0.016082128014405648,1.2657427998240698,-11.456668019264656,0.7369904068174454,-0.3607970777020361,0.8430854733734722,0.007873080486738102,0.4873221723724522,2.0097670001751733,-0.013459945985993715,5.616143206943137,0.019892725329481987,-2.8888888888888893,-3.9031501371624637,0.2799111247057075,0.11042626155291192,-0.5651173488099357,-2.75346772507307,-1.1217468598240041,-1.158565776175934,1.5665705507307506,0.11168365738564077,Steel,Basic Materials,FRD
2019Q3,2019,Q3,2019-02-14,2018-12-31,664773.0,43326080.0,876384.0,0.09,1930484.0,0.04455708894042572,93859735.0,74006335.0,79882115.0,17858005.0,19853400.0,59415035.0,41925545.0,49416580.199999996,46841311.199999996,10.558089200798237,4.473182474750119,0.0,0.0,0.008936934494481909,10.558089200798237,0.008982649931252506,1.1405735344623837,18.584005442459304,0.6677344608404132,0.632647535324088,0.6967192058373777,0.008510645582876656,0.46160454213939556,1.1077857241052402,0.0070826217440311335,-73.86324668025851,0.04455708894042572,-0.689655172413793,0.32286976778151844,0.4864191229317567,0.13847636295184235,-0.5105935012464061,-0.6677656633261966,-0.6699246695890894,0.3292725098139044,1.2658771381188774,0.12467830614096731,Steel,Basic Materials,FRD
2019Q2,2019,Q2,2018-11-14,2018-09-30,2000916.0,53432029.0,2655103.0,0.29,3944541.0,0.07382353007781157,90720692.0,73689889.0,76833781.0,14976566.0,17030803.0,54647180.0,41681339.0,65468206.96,61797067.96,10.51294353731908,5.130266911653846,0.0,0.0,0.027250472832220266,10.51294353731908,0.027153196010378033,1.2252614805250985,8.179779530974812,0.8884286277049488,0.10509336723780509,0.9055817335862527,0.003211986546820802,0.5889728993689775,1.4103232343115237,0.022055784142387274,111.16730902199974,0.07382353007781157,-0.43137254901960786,69.1749664316092,0.9699924330005202,0.13996243336893063,-0.36301089806051795,-0.4441734796006437,-0.4350529752935164,11.041539812575037,1.2374120640598445,0.12723561316061838,Steel,Basic Materials,FRD
2019Q1,2019,Q1,2018-08-14,2018-06-30,3599893.0,48193318.0,4699738.0,0.51,6192478.0,0.12849246030331424,95900901.0,72037300.0,81681098.0,21712785.0,23863601.0,59598607.0,40100990.0,56776496.4,53477715.4,10.277177476558768,3.7618895042713314,0.0,0.0,0.049313932801444464,10.277177476558768,0.04997262529273029,1.1780989306442855,3.9429294426251005,0.7881541423679123,0.03894254634790534,0.7047285517931652,0.0024691379160197706,0.5025324840274441,0.9923447867235824,0.037537634813253735,-93.48433637338084,0.12849246030331424,0.6582196439770369,3.319914439980724,0.5803271873074235,0.10529675950277156,0.5708297714203091,0.6698516942076689,0.7261618451421629,5.639506333861987,0.9504487907493842,0.09743407426154917,Steel,Basic Materials,FRD
2018Q4,2018,Q4,2018-06-28,2018-03-31,2155816.0,43962778.0,2722652.0,0.3075587735632099,3942170.0,0.08967063000431866,74363205.0,63054316.0,59979304.0,11030635.0,11308889.0,38039332.0,31190246.0,41145436.28,37092854.28,8.995623047990682,5.437520505392482,0.0,0.0,0.03428578158217188,8.995623047990682,0.03418982453159907,0.9359152936149758,4.771445740267258,0.6525395704871337,0.03251437042864511,1.05208493145989,0.0017035911230347514,0.5911899305577267,1.9501026912775195,0.028990358874392247,7.142500138439263,0.08967063000431866,14.377938678160493,0.673557290903619,0.3343441677221016,-0.028469689110670486,1.3618055830149047,16.537082380886527,3.064181372534385,5.619264173917432,0.6841919374607475,-0.032456285946357695,Steel,Basic Materials,FRD
2018Q3,2018,Q3,2018-02-14,2017-12-31,122929.0,28033521.0,669914.0,0.02,1669134.0,0.05954064778377286,71946823.0,60966450.0,55957995.0,10809932.0,10980373.0,46399435.0,29174620.0,39813641.919999994,41439838.919999994,8.697758338607171,5.176535338057631,0.05212182892356484,0.061509239918020486,0.00191112960139891,8.697758338607171,0.002016338494368624,1.4202155312563125,80.96877449584719,0.6530418274313167,0.5702071927698102,0.5682049145641537,0.0017605774458123223,0.3896422361832433,0.8490325378550022,0.0017086091487319738,-8.371840118158103,0.05954064778377286,-0.5,-0.8963129696416167,-0.14269497642478599,-0.04999166534608005,0.21200287546199817,-0.6035047203738885,0.4799986744579085,-0.36450547710332043,0.15459044490875448,-0.07213649864868914,Steel,Basic Materials,FRD
2018Q2,2018,Q2,2017-11-13,2017-09-30,310039.0,26077710.0,452645.0,0.04,1377170.0,0.05281023525455264,69369957.0,60841376.0,52438252.0,8220860.0,8528581.0,40143166.0,29121786.0,43108080.6,39904145.6,8.679914697941806,6.378682035699428,0.0,0.0,0.00504707573085588,8.679914697941806,0.005095857792565375,1.6530623509502944,34.76020807059757,0.7085323086709939,0.2260812349414106,0.6153112088867131,0.0016260060532595367,0.3759222454181426,1.4582314988942762,0.0044693555165386655,-68.88079400993232,0.05281023525455264,1.0,-0.8170984263489758,-0.24112378852582178,-0.09737620475225119,0.09003081311643052,0.8171316375571446,1.0114962960329557,-0.6071985924469702,-0.19807086481724004,-0.07328899606791299,Steel,Basic Materials,FRD
2018Q1,2018,Q1,2017-08-14,2017-06-30,170620.0,23083269.0,225029.0,0.02,1263423.0,0.05473327889563649,69003232.0,60529191.0,51595779.0,8168039.0,8474041.0,39415741.0,28881841.0,39813641.919999994,35909401.919999994,8.635376928612311,6.316789011413878,0.0,0.0,0.0027650473466571245,8.635376928612311,0.002818805227381942,1.724783518313632,58.336715977024966,0.6577593597773346,0.41081936467002694,0.5535820321125005,0.0017605523287933364,0.33452446111509676,1.4891267047084373,0.0024726378034002814,15.817807100000236,0.05473327889563649,1.3718952244016576,-0.9208796137692329,-0.432183731512891,-0.09144161571118202,1.3593068985221455,1.4526233691817125,1.4354200487994597,2.3996473270052854,-0.1975599957423604,-0.06883764351863814,Steel,Basic Materials,FRD
2017Q4,2017,Q4,2017-06-29,2017-03-31,-376958.0,21056040.0,-516809.0,-0.05377858785946503,535506.0,0.025432417491608107,63263297.0,60356425.0,45432836.0,2356590.0,2906872.0,34918550.0,28781315.0,45210913.800000004,43749218.800000004,8.610729324608343,19.279058300340747,0.0,0.0,-0.00642901986935723,8.610729324608343,-0.006245532269348293,2.1471707785509526,-29.984052467383634,0.7490654690035071,-0.18595175059290425,0.5876685601206235,0.0015504221018421442,0.33283184719253567,4.413472856967059,-0.005958557613587543,-10.323590125449295,0.025432417491608107,-0.7926195953155011,-1.1658421360425382,-0.5311016477400758,-0.07677871204050835,-0.06309802281781265,-0.5930607501320655,-0.3398067061757584,-1.93894950839542,-0.3613492380403896,-0.07522405324891518,Steel,Basic Materials,FRD
2017Q3,2017,Q3,2017-02-14,2016-12-31,-236625.0,15988745.0,-385734.0,-0.03,571571.0,0.035748334218852075,63580354.0,60733339.0,45601120.0,2311153.0,2847015.0,34563506.0,29230469.0,45284297.04,39358377.04,8.93210371318596,19.73089622365979,0.0,0.0,-0.004051091599644507,8.93210371318596,-0.0038961302621612817,2.832260883515248,-47.8439482725832,0.7456250189043616,-0.28734495509772845,0.44605353403673803,0.0015014697023990723,0.2514730414995802,4.6967561212953015,-0.003721668488980102,-40.26516383734702,0.035748334218852075,0.6666666666666666,-1.1315131304710295,-0.5677229132409376,-0.02194914994935298,13.504014351031481,0.608160203483462,0.598837281860349,-1.485416478620135,-0.43452106434672194,-0.03685328325055469,Steel,Basic Materials,FRD
2017Q2,2017,Q2,2016-11-14,2016-09-30,-603882.0,18317506.0,-961540.0,-0.09,-45711.0,-0.002495481644717354,64662854.0,61037957.0,46652420.0,3103456.0,3624897.0,34051404.0,29535087.0,36683000.379999995,29549685.379999995,8.976904140985646,15.032409030448635,0.0,0.0,-0.01004767986035077,8.976904140985646,-0.009893548697902847,2.0026198097055348,-15.186327949831258,0.6009867004559146,-0.11259650064085368,0.5392792908039856,0.0018535833845551978,0.28327710372944565,3.975006573316973,-0.009338932055179624,5.733316971480799,-0.002495481644717354,0.5714285714285714,-1.260866522557268,-0.564276430791563,-0.0023376547255857423,0.963518405603246,0.586727246223872,0.590090623931573,-22.833110379984813,-0.30379136833846754,-0.02659674216349468,Steel,Basic Materials,FRD
2017Q1,2017,Q1,2016-08-15,2016-06-30,-1461219.0,22393764.0,-2345738.0,-0.21,-1252988.0,-0.055952541073488134,65867022.0,61709833.0,48050348.0,3650168.0,4157189.0,39859532.0,30206963.0,39640758.52,38822914.52,9.07571751454972,13.16387300529729,0.0,0.0,-0.02382870304272923,9.07571751454972,-0.02367886816352266,1.770169522193768,-6.782138495324794,0.6423734531901909,-0.04653238152528813,0.5932521234820318,0.0017152547665225653,0.33998446141985894,2.2370318297678353,-0.022184379308965874,-20.905654502171217,-0.055952541073488134,-1.7261385900434345,-1.7978651433239181,-0.42484906302368725,0.03280060415735255,-8.088680067210156,-1.7897837812037611,-1.8345916813688765,-2.8076362111388624,-0.24299726213218356,-0.023918660364199963,Steel,Basic Materials,FRD
2016Q4,2016,Q4,2016-06-29,2016-03-31,-523775.0,15948862.0,-827540.0,-0.07703203379570447,176759.0,0.011082859704974562,66890397.0,63239047.0,49701656.0,2865750.0,3651350.0,41939128.0,31736177.0,36852986.48,34056224.48,9.30062031542579,17.343332809910144,0.0,0.0,-0.008406908652313189,9.30062031542579,-0.008282461941591246,2.3106969312293253,-17.590084711946922,0.5827568287042656,-0.12981910171352204,0.3760713145967174,0.0018450607805394882,0.23843276038562009,2.658692488877257,-0.007830346708810833,-23.247238142819203,0.011082859704974562,-2.100457625652921,-1.1635480824024418,-0.6202481106828829,0.07544801570898821,-0.8795336160769964,-2.0796813159630605,-3.2511540857491834,-1.4191638570357346,-0.5009746550878685,0.004470118223498977,Steel,Basic Materials,FRD
2016Q3,2016,Q3,2016-02-16,2015-12-31,485120.0,18548247.0,367607.0,0.07,1467289.0,0.07910661314786244,69681139.0,63830818.0,52661472.0,5078918.0,5850321.0,43169645.0,32327948.0,37600925.32,33138654.32,9.38765257865202,10.368639934726255,0.0,0.0,0.004013184345036069,9.38765257865202,0.007600090602003565,2.0271956330967558,19.37712592760554,0.5890716506249379,0.14015707453825857,0.3956705689842944,0.0018082799670845972,0.26618748295718875,1.8235313111965974,0.00696199871244929,13.376742160390307,0.07910661314786244,3.3333333333333335,-0.7201490169565051,-0.40428075808471425,0.13279898726264355,0.6164857888538432,3.509751984024336,2.2047435052911353,-0.5781777962502761,-0.41524928718298865,0.025361690375837225,Steel,Basic Materials,FRD
2016Q2,2016,Q2,2015-11-13,2015-09-30,-193294.0,23165705.0,-305133.0,-0.03,907703.0,0.039183050979886,66981946.0,63413691.0,49712648.0,2432024.0,3568255.0,40416968.0,31910821.0,40796664.0,39065068.0,9.32630535673211,20.44085420209669,0.0,0.0,-0.003230788292725957,9.32630535673211,-0.003048143026401034,1.7610801829687464,-52.765041853342574,0.6433415774520994,-0.351769842830093,0.5507093456391879,0.0016666803932792152,0.3458499847108055,3.6818740275589388,-0.0028857626799914113,-20.32123324108333,0.039183050979886,-1.375,-1.1083224848705275,-0.21079623109690507,0.07916072355888909,-0.5762145914851956,-1.3675147210090712,-1.3870099957257207,-1.1175519011098143,-0.30504420852299163,-0.030158079925708233,Steel,Basic Materials,FRD
2016Q1,2016,Q1,2015-08-13,2015-06-30,525949.0,23968569.0,788437.0,0.08,2141893.0,0.08936257312649745,66893687.0,63674980.0,49664066.0,2105648.0,3218707.0,40169832.0,32172110.0,42496525.0,38672096.0,9.364733351726994,23.586119807299227,0.0,0.0,0.008083053569405385,9.364733351726994,0.0082599005135141,1.7730105205696678,20.19992670391996,0.6673975398186227,0.12927869432207306,0.5433599025258558,0.001599989646212249,0.3583083856627607,4.50033006466418,0.007862460922508278,25.23922805596321,0.08936257312649745,2.201530132377921,-0.6335200054071494,-0.1797830843311352,0.10697571549204438,5.011808095295567,2.1617559678299343,2.1438990560809223,-0.7485727971454987,-0.392197063657275,-0.014703460696767874,Steel,Basic Materials,FRD
2015Q4,2015,Q4,2015-06-11,2015-03-31,-452719.0,25321147.0,-689254.0,-0.06658176756805409,356281.0,0.014070492146347082,66958024.0,63217025.0,50117355.0,2651111.0,3740999.0,40850666.0,31714155.0,42156552.800000004,39930628.800000004,9.297381521194968,18.904283902107455,0.0,0.0,-0.007323443830034892,9.297381521194968,-0.007161346172174347,1.6648753233808882,-23.27964631482222,0.666854424104899,-0.30038279815956476,0.6111250670919294,0.0032258092981454593,0.3781644900393118,3.4408630947553687,-0.006761235964788925,-9.197165924244587,0.014070492146347082,-3.2193922522684697,-1.426185540612544,0.085398239951305,0.12169638923454365,-0.7169670725303603,-3.4126612769994082,-3.4401222089660033,-1.2053245165869575,-0.41870638414903405,-0.0031575469318545547,Steel,Basic Materials,FRD
2015Q3,2015,Q3,2015-02-13,2014-12-31,187643.0,23552636.0,282467.0,0.03,1258797.0,0.053446119576594314,78910278.0,63737738.0,63061836.0,14004344.0,15172540.0,50820078.0,32234868.0,47663422.4956,40702613.4956,9.373963224051849,4.50301963447913,0.0,0.0,0.002793185664524718,9.373963224051849,0.002943985869093754,2.0236980054207097,63.502798526457156,0.7478053660391901,0.7247219453963111,0.43868171552196356,0.0028531102652679563,0.2984736158197288,0.8569063284935017,0.0023779285126837345,-412.25271798783916,0.053446119576594314,-0.7272727272727273,5.5501345813429035,0.7484317283388173,0.15124573309148978,-0.4800355565983141,-0.7549248682500604,-0.748712054423318,-0.895710434903432,-0.36322301246429173,0.02643374887070562,Steel,Basic Materials,FRD
2015Q2,2015,Q2,2014-11-12,2014-09-30,765655.0,31544474.0,1124077.0,0.11,2420929.0,0.07674653253054718,71201761.0,63686083.0,55694511.0,6339173.0,7515678.0,40046075.0,32183213.0,53987585.36,46759920.36,9.36636627936049,8.78576921626843,0.0,0.0,0.011861075187330114,9.36636627936049,0.012022328331921434,1.7114752130595046,17.627908575010938,0.8477140187754991,0.17761132625007348,0.7272509228432499,0.0025188939103906608,0.44302940765748755,2.412140195574407,0.010753315497351252,-15.835507899922389,0.07674653253054718,6.5,4.712320664058144,0.9609490791249464,0.14804766084287022,1.323212364727209,7.474883720930232,13.150213478895314,-0.6692503546577229,-0.24964289352039834,0.040945831904580406,Steel,Basic Materials,FRD
2015Q1,2015,Q1,2014-08-13,2014-06-30,-118250.0,27904521.0,-92515.0,-0.02,1042061.0,0.037343805328176036,70368073.0,63056417.0,57837429.0,6126842.0,7311656.0,38913148.0,31553547.0,57455301.8,46667123.8,9.273760766321482,9.44000661352129,0.0,0.0,-0.0022454968278985445,9.273760766321482,-0.0018753047766732448,2.058996167681932,-121.46998266384777,0.9111729548477198,-1.1500126849894292,0.6903183468990995,0.0023668659939055444,0.3965508761338398,3.083917293770592,-0.001680449598214804,-13.872707333168018,0.037343805328176036,-1.3491908381265407,0.2734165704033229,1.2786233857160318,0.13110507442102332,-0.3848325833098674,-1.303641125718981,-1.1598655619011413,-1.0645677021706215,-0.28331336353168696,0.05533757600021309,Steel,Basic Materials,FRD
2014Q4,2014,Q4,2014-06-11,2014-03-31,389440.0,31981814.0,578705.0,0.05727527133100883,1693947.0,0.05296594495859428,72284399.0,63310656.0,59846668.0,7770689.0,8973743.0,35288559.0,31807786.0,57319312.92,42238288.92,9.311151911832791,7.701590940005449,0.0,0.0,0.005990757667462035,9.311151911832791,0.00615125516942993,1.7922470851715917,36.79598456758422,0.9053659611424655,0.3491885784716516,0.8582914082720124,0.0023724638882150787,0.4424442126163351,3.1436482659388374,0.005387607912462549,-30.870210492981414,0.05296594495859428,-0.1817818381284454,2.294448470022004,0.4587415970325824,0.12824355523164566,-0.08275548008477467,-0.20109627708895764,-0.2015571363922339,-0.878397851728687,-0.23849398845581413,0.07666580377838948,Steel,Basic Materials,FRD
2014Q3,2014,Q3,2014-02-13,2013-12-31,487468.0,28274696.0,724792.0,0.07,1846778.0,0.06531557403835571,71632791.0,63057204.0,60294922.0,7366865.0,8575587.0,38027470.0,31554334.0,57795274.0,40705978.0,9.273876511079436,8.184610685820902,0.0,0.0,0.007568697532786703,9.273876511079436,0.007730567945892431,2.044063497623458,29.6405476872328,0.9165530713984716,1.115880427022902,0.6949691367845402,0.009411773011059693,0.3947172182639093,2.990144790219449,0.0068050957277373154,15.756609183964459,0.06531557403835571,16.20747295968535,-0.8929621566192706,-0.4967362975750616,0.11103876529047697,0.7132904046987094,16.624209118189377,21.46929348668506,-0.7187945271226781,-0.09189367240445076,0.11906973886522837,Steel,Basic Materials,FRD
2014Q2,2014,Q2,2013-11-13,2013-09-30,27659.0,26310369.0,32257.0,0.004068,1077913.0,0.04096913274002353,72926473.0,62705725.0,61364682.0,9006357.0,10220748.0,39497612.0,31202855.0,67994440.0,54013690.0,9.222184196237222,6.813485408140051,0.0,0.0,0.00029793135895647726,9.222184196237222,0.0004410921012395599,2.5843210332777926,614.5778950793593,1.0843418204637614,19.666509996746086,0.6388349756435908,0.00800000705940074,0.36077939762697697,2.3882255611231047,0.0003792724214154714,-22.248856135312902,0.04096913274002353,-0.9661,-0.9949197666975544,-0.6298179759895794,0.18274867500860295,-0.5589272474020437,-0.9657837668659593,-0.9716781509889862,-0.9844998209513285,-0.10366456034767116,0.06711270855192326,Steel,Basic Materials,FRD
2014Q1,2014,Q1,2013-08-13,2013-06-30,808359.0,29582144.0,1138944.0,0.12,2443844.0,0.0826121325080427,69951666.0,63222019.0,58086905.0,5504711.0,6729647.0,32021184.0,31719149.0,65954606.8,48358313.8,9.298115993013546,10.552217001037839,0.0,0.0,0.012614300133518044,9.298115993013546,0.012786035827169645,2.2295411312986646,20.397684320951456,1.0432220900759275,0.6729138909816059,0.847510822835283,0.008247429958145093,0.4228940594495634,4.7331249542437375,0.011555964942993638,29.54353247881816,0.0826121325080427,-0.34702927644767684,-0.7966730052368663,-0.5036444421535665,0.3065519607717924,-0.2097901736115153,-0.35309078075595546,-0.3822076828069003,-0.436737398589821,0.01231637610706813,0.09910108675929898,Steel,Basic Materials,FRD
2013Q4,2013,Q4,2013-06-13,2013-03-31,1249571.0,31960024.0,1843571.0,0.18377546752352103,3092652.0,0.09676626025061809,76575129.0,62957619.0,64283557.0,12312082.0,13617510.0,39219168.0,31454749.0,67246501.16,51323207.16,9.259230460608249,5.221176808276618,0.0,0.0,0.01968233113750634,9.259230460608249,0.019847812224283768,2.104081685295355,13.453917616525993,1.0681233221351654,0.70738517459192,0.7360526363027385,0.013144594659235353,0.41736820319297147,2.0273453344446537,0.01631823565063795,305.46181033582104,0.09676626025061809,0.08103216190306481,-0.0615898520783158,-0.3482572389224155,0.40040442433316054,0.07224476974826975,0.08652867942312474,0.0839619207994492,0.1763347510680079,0.3699756096515481,0.1170935979208781,Steel,Basic Materials,FRD
2013Q3,2013,Q3,2013-02-12,2012-12-31,1150058.0,31719922.0,1700771.0,0.17,2884278.0,0.09092954263885013,69725192.0,62252002.0,57033046.0,6175907.0,7473190.0,32906704.0,30749132.0,68810373.28,52207798.28,9.15545476953704,9.234764383595802,0.0,0.0,0.018307068524703693,9.15545476953704,0.018474233166027334,2.1693109232740233,14.95802239539223,1.105351973740539,3.724725187773138,0.8762847837936002,0.062252968496031395,0.45492771106316926,3.771110542953448,0.016494153217964606,315.400852920685,0.09092954263885013,-0.2916666666666666,0.7195909592333661,-0.17733446755796578,0.4042527659098985,-0.23631658351863138,-0.30059130502472436,-0.3070095984555764,28.88763064089818,1.3547308269542513,0.12441002658272707,Steel,Basic Materials,FRD
2013Q2,2013,Q2,2012-11-13,2012-09-30,1644329.0,33334070.0,2454249.0,0.24,3776798.0,0.11330143603826355,76281931.0,65385595.0,63496207.0,9600476.0,10896336.0,34212932.0,33882725.0,69014356.60000001,48330799.60000001,9.61631495163428,6.613860291927192,0.0,0.0,0.02499008266716109,9.61631495163428,0.025148184397496116,2.070384942492771,10.492784077882224,1.0554978753347737,0.5375609139046991,0.8639210459951225,0.012807871340787085,0.43698513609992384,3.019131238909404,0.021555943569388666,8.932757139347652,0.11330143603826355,-0.22580645161290325,0.7626593141787894,-0.20043127449945697,0.48348971680518454,-0.1873935777206989,-0.213937014724737,-0.20521017046415033,8.972620207809085,1.0721985685983064,0.17868419372831043,Steel,Basic Materials,FRD
2013Q1,2013,Q1,2012-08-13,2012-06-30,2091854.0,39434770.0,3087922.0,0.31,4647758.0,0.11785939159782091,73521306.0,64625194.0,60345404.0,7601674.0,8896112.0,34840175.0,33122324.0,69150345.48,55293347.480000004,9.50448213118602,7.9384361918177495,0.0,0.0,0.03224155101853418,9.50448213118602,0.03236901695026246,1.753537436125531,8.264241371529753,1.0700214761444276,0.4225572147960613,0.9984740891800916,0.012782698247771647,0.536372000791172,3.354042280687122,0.028452350941644045,24.413158778649134,0.11785939159782091,-0.044023574818755545,0.33014505107807013,-0.22960906280282736,0.4792904118238295,0.0037565081276547587,-0.05126820098009202,-0.04381559418855578,13.853331530955833,2.220158809833468,0.15924577301693274,Steel,Basic Materials,FRD
2012Q4,2012,Q4,2012-06-19,2012-03-31,2204895.0,43559995.0,3229421.0,0.32427577901957866,4630364.0,0.10629854296356095,78570393.0,63417268.0,65007891.0,13853388.0,15153125.0,36753680.0,31914398.0,74453911.8,62572363.8,9.32683142915803,4.692562642438081,0.0,0.0,0.03430645912640912,9.32683142915803,0.034768054025916095,1.7092268215365956,8.441888593334376,1.1740321547752577,0.4008939201186451,1.0592036226032333,0.011872163310564966,0.554407243451105,2.033143444766002,0.028062669865988835,-11.080898932926058,0.10629854296356095,0.2472145346906871,0.7751069803521925,-0.10415640954929974,0.4866469442791959,0.17734658129752717,0.2254522717799083,0.20127268459673708,8.328787385243341,0.9868409175611899,0.13014346133766275,Steel,Basic Materials,FRD
2012Q3,2012,Q3,2012-02-10,2011-12-31,1799250.0,36987260.0,2688333.0,0.26,3932881.0,0.10633069332521522,74742619.0,62096300.0,60743411.0,11342956.0,12646319.0,28822263.0,30593430.0,71666139.75999999,52168090.75999999,9.132555544247442,5.355165884448463,0.0,0.0,0.02881171724391917,9.132555544247442,0.02897515632976522,1.9375898555340403,9.957779597054326,1.1541128820879825,0.49127525357787966,1.1468349657346475,0.012333955797816785,0.4948617066790234,2.7992207674965854,0.024072611102910375,86.06074623621566,0.10633069332521522,-0.23529411764705885,0.28494276422034776,-0.2326219483779133,0.47655861252855225,-0.19513781405258632,-0.22275528876309555,-0.22301975505032404,-0.6049220878031428,-0.3416606350019174,0.09410808130831558,Steel,Basic Materials,FRD
2012Q2,2012,Q2,2011-11-14,2011-09-30,2314908.0,42039282.0,3459976.0,0.34,4886403.0,0.11623421636934712,72675600.0,61180977.0,58331025.0,10187634.0,11494623.0,26259453.0,29678107.0,59427140.56,39862653.56,8.997938213771597,5.725669473402755,0.0,0.0,0.03767101842582794,8.997938213771597,0.03783705513561838,1.4136097890539616,6.4178728225916535,0.9713336313671486,0.3818415245875862,1.4148382679563052,0.014874146588082112,0.5784511170186417,3.125153396755321,0.03185261628386969,17.17942641139407,0.11623421636934712,0.25925925925925924,0.0008053323706332933,-0.20166287363270155,0.48122226033126514,0.17551328237296493,0.2640024549377502,0.26414629708520915,-0.5748120787556468,-0.4085150801683988,0.15398904139106617,Steel,Basic Materials,FRD
2012Q1,2012,Q1,2011-08-12,2011-06-30,1831411.0,38935456.0,2737006.0,0.27,4156825.0,0.10676194469123464,72898816.0,59749997.0,58155909.0,11838203.0,13148819.0,29615433.0,28247127.0,72822045.24000001,55817584.24000001,8.78748277065007,4.912562236008286,0.0,0.0,0.030452384814542873,8.78748277065007,0.030651231664496986,1.8703272729103264,9.940702174443642,1.2187790610265639,0.40839494793904807,1.1743414658161506,0.010270777173794191,0.5341027212293818,2.3968723124616127,0.025122643967221636,6.897751449225944,0.10676194469123464,-0.426758193016557,-0.1629282888374759,-0.27456863668172965,0.5134113553775584,-0.3308159125378052,-0.4281442276917793,-0.4126319268291636,-0.5393441592087855,-0.3467062433714992,0.23479884020247307,Steel,Basic Materials,FRD
2011Q4,2011,Q4,2011-06-27,2011-03-31,3202575.0,41998111.0,4659780.0,0.4710054233846179,6211781.0,0.14790619987646586,69584131.0,58802514.0,54562344.0,9467375.0,10781617.0,34679270.0,27299644.0,69286334.36,62076044.36,8.648135641678937,5.763196662221577,0.0,0.0,0.05429919704585714,8.648135641678937,0.05446323264342065,1.6497488270365304,5.408642604778967,1.1782886418767742,0.2335426961117226,1.0319228172911368,0.010794884834198926,0.603558748186422,2.091946711733717,0.04602450233947737,-8.175727902477957,0.14790619987646586,0.8840216935384717,0.5057672018234558,-0.1524679185361351,0.5541247348453329,0.6473582332229133,0.84746817698821,0.7854486726324925,1.4050885299677152,-0.14355618684194754,0.30797990895291993,Steel,Basic Materials,FRD
2011Q3,2011,Q3,2011-02-11,2010-12-31,1733494.0,31135887.0,2609865.0,0.25,3770753.0,0.12110632981164146,66454582.0,56347877.0,51009337.0,8979286.0,10106705.0,27245319.0,24845007.0,59495135.0,43048269.0,8.287130094754806,5.680778738977687,0.0,0.0,0.030587940076498416,8.287130094754806,0.030764140412956463,1.9108219078518625,8.580233764870256,1.0558540652738346,2.2749879722687245,1.0043976361590774,0.06628572235360085,0.46852882168456045,2.6302069006377566,0.02608539468354492,112.60191306421484,0.12110632981164146,-0.03846153846153849,0.09255092042460268,-0.26459010563491503,0.5552635631881787,-0.030084525272313055,-0.028545233746779787,-0.005182846178065473,1.591956762428751,-0.192481587536375,0.27107015980627813,Steel,Basic Materials,FRD
2011Q2,2011,Q2,2010-11-12,2010-09-30,1784431.0,29353262.0,2623462.0,0.26,3887713.0,0.1324456886597476,71509198.0,58762045.0,55620591.0,11629863.0,12747153.0,27291949.0,27259175.0,46440202.52,26564025.520000003,8.642183831501518,4.7825663122600846,0.0,0.0,0.030205875277131353,8.642183831501518,0.030367067722030436,1.582113855693449,6.50630404313756,0.7903095019923149,0.15241721310602652,0.933079165581029,0.005856520541288974,0.4104823270427393,2.4170749904792515,0.0249538667738939,7.8617946076179175,0.1324456886597476,0.2380952380952382,0.19414378013620412,-0.2786725788229658,0.6716273766067623,0.13082696662941565,0.2433872166908107,0.2126188138673648,0.9128434289362841,-0.2959170516344532,0.33321245292550333,Steel,Basic Materials,FRD
2011Q1,2011,Q1,2010-08-12,2010-06-30,1435137.0,29222232.0,2163468.0,0.21,3437938.0,0.11764802907594464,66428311.0,57521569.0,50123064.0,7799580.0,8906742.0,24249380.0,26018699.0,37872903.08,23617822.08,8.459745973347232,6.426379881993646,0.0,0.0,0.024788825320414848,8.459745973347232,0.024949545447899728,1.296030470225546,6.5974368788485,0.6584122049939216,0.04737805519612413,1.0632970409965121,0.0017953205186403151,0.43990629236380857,3.316552557958249,0.021604297601364574,-6.933509696192024,0.11764802907594464,0.3441962687030834,0.3326915897819308,-0.3337738986557095,0.6818013544963263,0.20814185626366782,0.3510248922578131,0.24630768326783425,-0.08744091214347248,-0.4291194624065715,0.3166862678162765,Steel,Basic Materials,FRD
2010Q4,2010,Q4,2010-06-28,2010-03-31,1062258.0,23328900.0,1735902.0,0.15622718563459012,2845641.0,0.12197921890873552,65031722.0,56358410.0,48703119.0,7576278.0,8673312.0,20122296.0,24855540.0,38960814.120000005,19161440.120000005,8.288679192004523,6.428370104687288,0.00020769863667457553,0.00023966254548345137,0.01868762510632404,8.288679192004523,0.01884826062339232,1.6700664892043775,9.169338832938891,0.6913043522696968,0.06400987330761454,1.0179384599053707,0.0017452150714965605,0.35873108204023874,3.761613816177284,0.01633445905061533,-40.98390249906116,0.12197921890873552,26.75857804505444,-0.026233220931626444,-0.5163790137959482,0.6738742932685244,2.2858761093829023,26.75857804505444,111.87774655084313,-0.1448020922833245,-0.5202238765806713,0.3211710414730272,Steel,Basic Materials,FRD
2010Q3,2010,Q3,2010-02-12,2009-12-31,-41239.0,13470721.0,-15656.0,-0.006065054730945648,866022.0,0.06428920916705201,60708982.0,55364147.0,43932162.0,4360026.0,5344835.0,18421529.0,23861277.0,39640758.52,18808252.520000003,8.142452088729607,10.076123857976993,0.00044497534154007065,0.0004879331022656233,0.0004264587779908198,8.142452088729607,-0.0007448683350978026,2.942734729640678,-240.31110429447853,0.7160005286453706,-1.6487548194670094,0.6842373941924148,0.0017152295399618905,0.22189008209691277,5.51344143360613,-0.0006792899278067288,-295.9413990503778,0.06428920916705201,0.7978315089684784,-1.0371695127334248,-0.6587948995907233,0.797803785293544,0.3835145488994469,0.8000504249758784,0.9478753616529663,-1.029451023845315,-0.72052172464452,0.31647792345351977,Steel,Basic Materials,FRD
2010Q2,2010,Q2,2009-11-13,2009-09-30,-206247.0,16086330.0,-300357.0,-0.03,625958.0,0.03891241818363791,61177393.0,55473379.0,44009868.0,4626495.0,5704014.0,17581049.0,23970509.0,40796664.0,19747716.0,8.158516931678532,9.51257226042609,0.0006623525131252324,0.0007304584781107348,-0.0039036855557998394,8.158516931678532,-0.0037179455031935227,2.536107614353305,-49.45122110867067,0.7354277805936429,-0.989027719191067,0.879377106565143,0.005000016668029523,0.26294566033567335,5.343949793526201,-0.003371294360320323,-75.04463313417901,0.03891241818363791,-0.4999999999999999,-1.1161755536196916,-0.6340796807845436,0.7331645835608477,0.06531536131250212,-0.26727824612284024,0.10423283736993263,-1.0891668685690514,-0.694516322472014,0.3430384387387756,Steel,Basic Materials,FRD
2010Q1,2010,Q1,2009-08-13,2009-06-30,-162748.0,12246219.0,-335307.0,-0.02,587580.0,0.04798052362120912,61390604.0,55747621.0,43859693.0,4624790.0,5642983.0,16791553.0,24244751.0,36920980.92,15109917.920000002,8.19884993537707,9.483607471906833,0.0008800695298583477,0.0009691534639657538,-0.0030483681211357348,8.19884993537707,-0.0029193712140649017,3.0148881805886374,-56.714953363482195,0.6622880090255331,-2.0889473296138816,0.694315707427419,0.009208097713780894,0.19948034718798335,5.540115767418628,-0.002651024576985755,6.897301851685796,0.04798052362120912,0.5479904538413981,-1.112005054728657,-0.6962426825974565,0.8122850359688139,4.280431363738486,0.45904658073351196,0.3384897046841369,-1.074386222889498,-0.7718328675882439,0.4120349270759703,Steel,Basic Materials,FRD
2009Q4,2009,Q4,2009-06-26,2009-03-31,-300854.0,21924249.0,-506881.0,-0.04424685312504963,111275.0,0.0050754304058487935,60460064.0,56114352.0,42673377.0,3353013.0,4345712.0,19402701.0,24611482.0,33453264.48,16640689.48,8.252785374804175,12.72687490325865,0.001117018334615061,0.0012035245457347524,-0.005780681093645755,8.252785374804175,-0.005361444786888032,1.525856802666308,-27.798587088754015,0.5961623593194126,-2.712056346267625,1.1242235810364754,0.024390235532553324,0.36262364856246265,6.5228941850210544,-0.004976078093466788,4.062783059082768,0.0050754304058487935,-1.0660400792911189,-1.1896517703768121,-0.3978744266659134,0.8926365679924656,-0.9867645461830212,-1.0660612867561892,-1.0743050008451063,-1.1414537007680987,-0.5575633297054227,0.4830777885281855,Steel,Basic Materials,FRD
2009Q3,2009,Q3,2009-02-13,2008-12-31,4554165.0,56182665.0,6821627.0,0.67,8407343.0,0.14964300821258658,70928984.0,56755179.0,52575958.0,13285891.0,14173805.0,28091915.0,25252309.0,45420285.92,35957824.92,8.347032345585903,3.957277535996645,0.0003808598188858873,0.0004759741837832984,0.07989276204292378,8.347032345585903,0.08024228062076942,0.8084395056731467,2.4933377424840777,0.8002844272590525,0.17916193198972807,1.7006787184141772,0.017964065691641072,0.7920974167626594,1.8067543983312824,0.06420739087422991,9.731595609539646,0.14964300821258658,-0.1625,500.5104068072934,1.505936715328784,1.0127086212992995,-0.17139212762977651,-0.16351926324770155,-0.17608842110246894,1.8703053846829067,0.3269988978569635,0.5665055476876776,Steel,Basic Materials,FRD
2009Q2,2009,Q2,2008-11-14,2008-09-30,5444435.0,71074140.0,8279562.0,0.8,10146347.0,0.14275722506104188,81972322.0,53016948.0,63372994.0,28172245.0,28955374.0,35415932.0,21514078.0,45216302.6,39591209.6,7.797247539651772,2.2494832768918487,0.0004943253894893937,0.0007643027659758913,0.1018419611913113,7.797247539651772,0.10269235037822246,0.6361850118763308,2.076262394536807,0.8528650611876036,0.09991045902834729,1.7203498414216516,0.012030085803610133,0.8670504661317268,0.982889187567409,0.06641796727436854,-7.566089067947932,0.14275722506104188,0.37931034482758635,19.819833463870868,2.1153255284173555,0.8715958444067001,0.2581116348034897,0.36944180337352794,0.36093738699348427,2.64342369730511,0.7465767899518457,0.5081943063917727,Steel,Basic Materials,FRD
2009Q1,2009,Q1,2008-08-12,2008-06-30,3975660.0,59598696.0,6083720.0,0.58,8064743.0,0.1353174405023895,65943945.0,48388446.0,47594547.0,16877205.0,17555499.0,19316064.0,16885576.0,54939507.52,42780279.52,7.116529822144281,2.820049113582492,0.0008193019086134444,0.0011165475328552606,0.08182616129705153,7.116529822144281,0.08216134901294413,0.9218239862160743,3.454741320937907,1.135384829676076,0.08551334872700382,2.667932400720975,0.0061881151715136445,0.9037781406617393,1.6613182099761186,0.06028847682679585,3.3222550706871434,0.1353174405023895,1.9616460408401126,8.476637009349288,1.6337382968814063,0.7116739388737435,1.4192475045559196,1.9856644309817713,1.9924913735646177,2.69186262066439,0.358767081216916,0.4147693715512584,Steel,Basic Materials,FRD
2008Q4,2008,Q4,2008-06-27,2008-03-31,1331583.0,49037789.0,2032995.0,0.19583704196990223,3333575.0,0.06797971662221558,66958392.0,44956741.0,49422594.0,14784366.0,22001651.0,29900327.0,13453871.0,34881147.72,38904761.72,6.611826055189218,3.342895731883261,0.09957730167713705,0.148310038754811,0.025845019897820478,6.611826055189218,0.029619206605745733,0.711311591148614,6.548812150650767,0.7758824804493725,0.3063759450218274,1.5285523131569765,0.011695859415946993,0.7323621063062565,1.3112447297368044,0.01988672308618164,-6.780701242958061,0.06797971662221558,0.9583704196990223,2.0540578265261336,0.9987264126327862,0.6025006549440975,0.6923315524527214,1.0169174213542116,1.149875110243498,0.22065570602640977,0.016580459320679544,0.33523875263746966,Steel,Basic Materials,FRD
2008Q3,2008,Q3,2008-02-14,2007-12-31,660207.0,38062240.0,945634.0,0.1,1969812.0,0.05175239292274968,58341815.0,43761638.0,41092145.0,13864137.0,14580177.0,27304953.0,12462261.0,42621885.8,41334073.8,6.519805402416051,2.9639165423711553,0.0023151490916077946,0.003086493243237376,0.014060523814162937,6.519805402416051,0.015086432550810826,1.1197944682183707,16.1395917492544,0.9739554492909978,0.8133343027262662,1.321827142496821,0.012598433643215291,0.6524006837977187,0.9463765397009565,0.011316188911846502,-20.878282256792488,0.05175239292274968,-0.28571428571428575,2.7208767647311287,0.6895162958861426,0.5972720543986819,-0.19016495077624138,-0.28307412643910324,-0.29728793810173504,-0.3971998767229871,-0.023362306352179788,0.4395332885120664,Steel,Basic Materials,FRD
2008Q2,2008,Q2,2007-11-14,2007-09-30,920886.0,41154571.0,1345692.0,0.14,2432362.0,0.05910308237692479,56251410.0,43509398.0,39885850.0,12059090.0,12742012.0,22159736.0,12210021.0,60876134.7168,56998107.7168,6.482225554177615,3.3075339847368252,0.0026413026802350375,0.0034148254590881722,0.020257274163780568,6.482225554177615,0.021165220442719065,1.4792071266348517,16.526512162417497,1.3991490922673762,0.5831004054790713,1.7474129204427344,0.008820681577403313,0.7316184785412491,1.4040413497204183,0.01637089630286601,14.780194912065852,0.05910308237692479,-0.3913043478260869,1.2146349908747562,0.6713046794618266,0.5865203566790024,-0.3547457593846379,-0.40681799296724985,-0.4273955640657412,-0.4745305805885223,-0.051664306624022355,0.37705956207929225,Steel,Basic Materials,FRD
2008Q1,2008,Q1,2007-08-14,2007-06-30,1552451.0,50530510.0,2350125.0,0.23,3769618.0,0.07460083027066222,58366604.0,43125481.0,43234221.0,14591318.0,15241123.0,25714242.0,11826104.0,64771842.2,64355754.2,6.4250278749984355,2.96300998991318,0.000925666327956994,0.0012528092150438856,0.03604498420730969,6.4250278749984355,0.03599846225483259,1.281836304442603,10.430577551239942,1.501939009097661,0.3458846688236859,1.8184822247531154,0.00829016099838519,0.8657435337509101,1.190794073571695,0.026598275273990585,-355.4420108764247,0.07460083027066222,0.25903515432262386,5.318343072201087,1.2298661659509378,0.5888325108168453,0.22817343957295633,0.26610284912715665,0.21126166035040195,0.08231662434368912,0.26967589370127276,0.42019697461466693,Steel,Basic Materials,FRD
2007Q4,2007,Q4,2007-06-29,2007-03-31,1226165.0,47999992.0,1940229.0,0.1826795695182497,3069288.0,0.06394351065725178,65871706.0,42109998.0,51731369.0,23266583.0,23761708.0,33272823.0,10810621.0,62019877.92,60980847.92,6.273736656203982,2.2234192704618465,0.0,0.0,0.03034656598298033,6.273736656203982,0.029118144341873396,1.2920810053468343,12.645092202109831,1.472806479829327,0.5474067519461084,1.3503724646387834,0.010822514047283375,0.7286890671998081,0.7865608370597436,0.018614441229137135,33.37901451521757,0.06394351065725178,-0.08660215240875152,3.6598880140957357,1.2123623577047205,0.5578174823142857,-0.059541752703831864,-0.1109263756127873,-0.08507988573336339,-0.21699507820600233,0.3354203114946437,0.4387752588038412,Steel,Basic Materials,FRD
2007Q3,2007,Q3,2007-02-14,2006-12-31,1379149.0,47472953.0,2120654.0,0.2,3263609.0,0.06874670299106946,62742489.0,41420801.0,50283381.0,20649968.0,21321688.0,32135509.0,10121424.0,,,,,,,,,,,,,,,,,,,,,,,,,,,,,,,Steel,Basic Materials,FRD
2007Q2,2007,Q2,2006-11-14,2006-09-30,2267863.0,51629944.0,2100015.0,0.34,3406241.0,0.06597413702404946,60416918.0,40497561.0,49627387.0,19322963.0,19919357.0,26895802.0,9413487.0,,,,,,,,,,,,,,,,,,,,,,,,,,,,,,,Steel,Basic Materials,FRD
2007Q1,2007,Q1,2006-08-14,2006-06-30,2145141.0,52623730.0,3302219.0,0.32,4876676.0,0.09267066397611876,54804620.0,38709146.0,45150961.0,15637869.0,16095474.0,25234081.0,7678954.0,,,,,,,,,,,,,,,,,,,,,,,,,,,,,,,Steel,Basic Materials,FRD
