Quarters,Year,Quarter,FillingDate,Date,NetIncome,Revenue,OperatingIncome,EPSDiluted,GrossProfit,GrossProfitRatio,TotalAssets,CommonStockEquity,CurrentAssets,CurrentLiability,TotalLiability,Inventory,RetainedEarnings,MarketCap,EnterpriseValue,bookValuePerShare,currentRatio,debtToAssets,debtToEquity,roic,shareholdersEquityPerShare,roe,priceToSalesRatio,peRatio,pbRatio,payoutRatio,inventoryTurnover,dividendYield,assetTurnover,quickRatio,returnOnAssets,priceToFreeCashFlowsRatio,grossProfitMargin,epsdilutedGrowth,fiveYNetIncomeGrowthPerShare,fiveYRevenueGrowthPerShare,fiveYShareholdersEquityGrowthPerShare,grossProfitGrowth,netIncomeGrowth,operatingIncomeGrowth,threeYNetIncomeGrowthPerShare,threeYRevenueGrowthPerShare,threeYShareholdersEquityGrowthPerShare,Industry,Sector,Symbol
2023Q1,2023,Q1,2023-05-15,2023-03-31,1984000.0,10490000.0,3927000.0,0.43,10490000.0,1.0,948471000.0,52381000.0,215443000.0,218000.0,896090000.0,0.0,31419000.0,48542368.839999996,45613368.839999996,11.341109285675314,988.2706422018349,0.021458747816222108,0.3885569194937096,0.04335032437261593,11.341109285675314,0.03787632920333709,4.627489879885605,6.116729944556451,0.9267171081117198,0.18649193548387097,0.0,0.007622207338491313,0.011059905890638723,988.2706422018349,0.002091787729935865,10.475263021148036,1.0,0.023809523809523832,0.8422785636294776,0.711323480109921,0.05702847584524463,-0.03371407516580693,0.015353121801432957,0.28838582677165353,1.0648407056313531,0.3368006138117077,-0.1434632942720999,Banks—Regional,Financial Services,BOTJ
2022Q4,2022,Q4,2023-03-31,2022-12-31,1954000.0,10856000.0,3048000.0,0.42,10856000.0,1.0,928571000.0,50226000.0,218548000.0,89000.0,878345000.0,0.0,31034000.0,55127304.87,45596304.87,10.851095684990268,2455.5955056179773,0.022070471724833104,0.40803567873213076,0.0351487962592254,10.851095684990268,0.0389041532274121,5.0780494537582905,7.053135218781986,1.0975850131406044,0.18935516888433981,0.0,0.006711737511429697,0.01169108231896107,2455.5955056179773,0.0021043086635270753,14.98431771405273,1.0,-0.23636363636363644,4.647792032932615,0.6930525368415037,0.011553358649167652,-0.05682015638575152,-0.24087024087024086,-0.25018450184501845,0.33445714525378484,0.39487691395791347,-0.1514729263930086,Banks—Regional,Financial Services,BOTJ
2022Q3,2022,Q3,2022-11-10,2022-09-30,2574000.0,11510000.0,4065000.0,0.55,11510000.0,1.0,962570000.0,48339000.0,232135000.0,37000.0,914231000.0,0.0,29450000.0,59200463.84,41211463.84,10.320948863700659,6273.918918918919,0.021435324184215173,0.42683961190756947,0.047780703889424944,10.320948863700659,0.053248929435859245,5.14339390443093,5.749850800310801,1.2246935981298745,0.1285936285936286,0.0,0.005591172408624831,0.011957571916847607,6273.918918918919,0.0026740912349231746,15.799429901254337,1.0,0.14583333333333348,1.6078109335360007,0.8356247145699672,-0.04022688306465587,0.1627437114860087,0.12303664921465969,0.09835179681167253,0.7957449779776397,0.455676812144527,-0.1856260870539271,Banks—Regional,Financial Services,BOTJ
2022Q2,2022,Q2,2022-08-12,2022-06-30,2292000.0,9899000.0,3701000.0,0.48,9899000.0,1.0,959577000.0,53318000.0,237993000.0,37000.0,906259000.0,0.0,27207000.0,61628541.0,48135541.0,11.246964292080191,6432.243243243243,0.021630364212564493,0.389286919989497,0.039956893411185114,11.246964292080191,0.04298735886567388,6.225734013536721,6.72213579842932,1.1558674556434974,0.14485165794066318,0.0,0.005387114389094495,0.01031600382251763,6432.243243243243,0.0023885524559258925,16.47381475541299,1.0,0.0666666666666666,1.9587821088150799,0.6202524315205751,0.06092126471259524,0.014345732144686955,0.07152875175315568,0.06718569780853517,0.6910395930555324,0.3137696724295505,-0.08574797998792068,Banks—Regional,Financial Services,BOTJ
2022Q1,2022,Q1,2022-05-12,2022-03-31,2139000.0,9759000.0,3468000.0,0.45,9759000.0,1.0,973585000.0,60579000.0,247590000.0,39000.0,913006000.0,0.0,25247000.0,70588382.73,58698382.730000004,12.778608534639819,6348.461538461538,0.021456780866591002,0.34483897060037305,0.034064226284580036,12.778608534639819,0.03530926558708463,7.233157365508761,8.250161609396915,1.165228589610261,0.15521271622253388,0.0,0.004703323509619102,0.010023778098471114,6348.461538461538,0.0021970346708299737,-23.174124336835195,1.0,0.15384615384615383,1.8593695982045926,0.7688980536685841,0.22622270794777008,0.030626254092301193,0.1506186121570737,0.2574329224075417,0.7610380021357297,0.3728432000571052,0.07640036963475753,Banks—Regional,Financial Services,BOTJ
2021Q4,2021,Q4,2022-03-29,2021-12-31,1859000.0,9469000.0,2758000.0,0.39,9469000.0,1.0,987634000.0,69429000.0,192668000.0,46000.0,918205000.0,0.0,23440000.0,73290557.22,64969557.22,14.64543838543898,4188.434782608696,0.021279137818260612,0.302697719972922,0.024754468504949206,14.64543838543898,0.02677555488340607,7.740052510296758,9.856180368477677,1.055618793587694,0.17859064012910167,0.0,0.004529915074917751,0.009587559764042144,4188.434782608696,0.0018822762278333876,13.655777384013415,1.0,-0.025000000000000022,5.445919424450162,0.6057498864241085,0.42725799440690526,0.01435457953936797,-0.011695906432748537,0.0,0.2804436551619643,0.337976018020422,0.27915632703305354,Banks—Regional,Financial Services,BOTJ
2021Q3,2021,Q3,2021-11-12,2021-09-30,1881000.0,9335000.0,0.0,0.4,9335000.0,1.0,942631000.0,68902000.0,0.0,0.0,873729000.0,0.0,21897000.0,68265460.8,47956460.8,14.534272359295347,0.0,0.010641491739609666,0.1455835824794636,0.0,14.534272359295347,0.027299642971176454,7.312850648098554,9.073027751196173,0.990761673100926,0.17650186071238702,0.0,0.004863367156821418,0.009903132827161423,0.0,0.001995478612521761,158.75688558139535,1.0,-0.04761904761904753,0.8113794605750382,0.5707038802112339,0.37216722031470406,-0.014775725593667546,-0.0660377358490566,0.0,0.3611149080531805,0.3229055696352948,0.31786642213141997,Banks—Regional,Financial Services,BOTJ
2021Q2,2021,Q2,2021-08-12,2021-06-30,2014000.0,9475000.0,0.0,0.42,9475000.0,1.0,908364000.0,68091000.0,0.0,0.0,840273000.0,0.0,20364000.0,75973696.0,46607696.0,14.339910486913787,0.0,0.011040728166241727,0.14728818786623782,0.0,14.339910486913787,0.02957806464877884,8.018332031662268,9.430697120158888,1.115767076412448,0.15044687189672293,0.0,0.003988222450043762,0.010430840500063852,0.0,0.002217172851411989,49.49426449511401,1.0,0.10000052380977323,0.9436815633285809,0.6144020527546682,0.3661901319407879,0.06388951268807545,0.09754768392370572,0.0,0.5713917869679528,0.3475231940617693,0.31492288744198166,Banks—Regional,Financial Services,BOTJ
2021Q1,2021,Q1,2021-05-12,2021-03-31,1835000.0,8906000.0,0.0,0.381818,8906000.0,1.0,886360000.0,65334000.0,0.0,0.0,821026000.0,0.0,26196000.0,61099159.139382,37403159.139382,13.706622391930853,0.0,0.011314815650525745,0.15350353567820738,0.0,13.706622391930853,0.028086448097468394,6.860449038780821,8.324136122531607,0.9351816686469833,0.1656675749318801,0.0,0.00497551855511632,0.010047836093686539,0.0,0.002070264903650887,11.020771850537878,1.0,0.07692394477428816,1.0903320817036783,0.6034959438738878,0.3348212064701217,-0.06684828164291702,0.07309941520467836,0.0,0.6510459095914181,0.4078252873936574,0.2775020336175392,Banks—Regional,Financial Services,BOTJ
2020Q4,2020,Q4,2021-03-29,2020-12-31,1710000.0,9544000.0,0.0,0.354545,9544000.0,1.0,851386000.0,66732000.0,0.0,0.0,784654000.0,0.0,24665000.0,52594044.4978,30938044.4978,13.980033850234813,0.0,0.011777266715684777,0.1502577474075406,0.0,13.980033850234813,0.02562488761014206,5.510692005217938,7.689187792076024,0.7881382919408979,0.17719298245614035,0.0,0.005761108560735891,0.011209956470977911,0.0,0.002008489686229278,9.088309054397788,1.0,0.147057015571466,0.7616574529089541,0.47511545987782183,0.17679942921550204,0.07139649753030983,0.17606602475928473,0.0,3.7926898848802915,0.44331163262960677,0.3032370744638552,Banks—Regional,Financial Services,BOTJ
2020Q3,2020,Q3,2020-11-12,2020-09-30,1454000.0,8908000.0,0.0,0.309091,8908000.0,1.0,849129000.0,65782000.0,0.0,0.0,783347000.0,0.0,23258000.0,42309322.1044,22011322.1044,13.781013407902453,0.0,0.011807393222937857,0.1524125140615974,0.0,13.781013407902453,0.022103310936122344,4.749587124427481,7.274642727716643,0.6431747606396886,0.2097661623108666,0.0,0.007208813207817414,0.01049074993316681,0.0,0.001712342883119055,-20.099440429643707,1.0,0.7894770360163728,0.15540225757021403,0.24366221734109503,0.3828563430213318,0.056576918515004154,0.7710109622411693,0.0,0.44538679649799195,0.3939297862907677,0.2815339333333143,Banks—Regional,Financial Services,BOTJ
2020Q2,2020,Q2,2020-08-12,2020-06-30,821000.0,8431000.0,0.0,0.172727,8431000.0,1.0,827098000.0,64465000.0,0.0,0.0,762633000.0,0.0,22109000.0,40994733.5278,17600733.5278,13.505108226269064,0.0,0.00879581379715584,0.1128519351586132,0.0,13.505108226269064,0.012735592957418754,4.862380918965722,12.483170988976859,0.6359223381338711,0.3690621193666261,0.0,0.00739119330522114,0.010193471632140327,0.0,0.0009926272340157998,-154.1155395781955,1.0,-0.1739147069936057,-0.33344495137022345,0.22694182503092913,0.3988559116376446,0.03753384198867832,-0.1748743718592965,0.0,0.05257764876258118,0.37051269515490115,0.27393100283808486,Banks—Regional,Financial Services,BOTJ
2020Q1,2020,Q1,2020-05-13,2020-03-31,995000.0,8126000.0,0.0,0.209091,8126000.0,1.0,746055000.0,63328000.0,0.0,0.0,682727000.0,0.0,21591000.0,38045132.598000005,11389132.598000005,13.240657650552684,0.0,0.006701918759340799,0.07895401718039413,0.0,13.240657650552684,0.015711849418898433,4.681901624169334,9.559078542211056,0.600763210554573,0.3055276381909548,0.0,0.007990509672083021,0.010891958367680667,0.0,0.001333681833108819,1188.9103936875001,1.0,-0.34285723265300994,-0.1676847505869407,0.24283468137714043,0.37407371870960404,0.005817551677187771,-0.34539473684210525,0.0,0.31836270730838895,0.4599118112035389,0.2705604867116859,Banks—Regional,Financial Services,BOTJ
2019Q4,2019,Q4,2020-03-20,2019-12-31,1520000.0,8079000.0,0.0,0.318182,8079000.0,1.0,725394000.0,61445000.0,0.0,0.0,663949000.0,0.0,20900000.0,66699786.2666,40905786.2666,12.78815493636933,0.0,0.006892805840687957,0.08137358613394093,0.0,12.78815493636933,0.02473757018471804,8.255945818368609,10.970359583322368,1.085520160576125,0.2875,0.0,0.0065517451323352785,0.011137395677383602,0.0,0.002095412975569139,31.388134713694118,1.0,0.02941205017292647,0.23202729811711703,0.1955300874694692,0.3619594612947442,-0.006395277333661296,0.031207598371777476,0.0,4.200067073194766,0.3517340893041063,0.24625811029282965,Banks—Regional,Financial Services,BOTJ
2019Q3,2019,Q3,2019-11-08,2019-09-30,1474000.0,8131000.0,0.0,0.309091,8131000.0,1.0,708114000.0,61039000.0,0.0,0.0,647075000.0,0.0,19817000.0,62611627.0,40296627.0,12.67347676494655,0.0,0.007061009950375222,0.08191484133095234,0.0,12.67347676494655,0.02414849522436475,7.700359980322224,10.619339721845318,1.0257642982355544,0.1784260515603799,0.0,0.004200497776555143,0.011482614381300186,0.0,0.0020815857333706155,96.77222102009273,1.0,0.09677522372595075,0.23937033082863302,0.25025188178533303,0.4029522859247317,0.06218158066623122,0.07044299201161947,0.0,0.3971563981042654,0.3466379595892681,0.1964912280701754,Banks—Regional,Financial Services,BOTJ
2019Q2,2019,Q2,2019-08-13,2019-06-30,1377000.0,7655000.0,0.0,0.281818,7655000.0,1.0,690095000.0,59249000.0,0.0,0.0,630846000.0,0.0,18606000.0,64625794.8778,45082794.8778,12.301820554830815,0.0,0.007245379259377332,0.0843896099512228,0.0,12.301820554830815,0.02324089858056676,8.44229848175049,11.733078227632536,1.090749124505055,0.19099491648511258,0.0,0.004069582439911229,0.011092675646106696,0.0,0.0019953774480325173,-53.18995463193416,1.0,0.10714411990021407,0.2553249863861211,0.19329572118186109,0.39532003893755224,0.05995569094433675,0.11588330632090761,0.0,0.31018078020932444,0.2859062657483622,0.17201748659822377,Banks—Regional,Financial Services,BOTJ
2019Q1,2019,Q1,2019-05-10,2019-03-31,1234000.0,7222000.0,0.0,0.254545,7222000.0,1.0,684388000.0,57177000.0,0.0,0.0,627211000.0,0.0,17492000.0,60860427.9556,37327427.9556,11.871612919434277,0.0,0.007305797296270537,0.08744774996939329,0.0,11.871612919434277,0.021582104692446265,8.427087781168652,12.329908418881686,1.0644214973783164,0.21312803889789303,0.0,0.00432136297483594,0.010552493614733163,0.0,0.0018030707727195684,-167.6595811449036,1.0,-0.17647230103755845,0.3451659028394539,0.1977088600230745,0.4028389703122363,0.004450625869262865,-0.16338983050847458,0.0,0.3912063134160091,0.2868852459016394,0.1561185700420576,Banks—Regional,Financial Services,BOTJ
2018Q4,2018,Q4,2019-03-22,2018-12-31,1475000.0,7190000.0,0.0,0.309091,7190000.0,1.0,674897000.0,55143000.0,0.0,0.0,619754000.0,0.0,16521000.0,56919748.4778,35194748.4778,11.449295192408911,0.0,0.007408537895412189,0.0906733402245072,0.0,11.449295192408911,0.026748635366229623,7.916515782726008,9.647414996237288,1.0322207438441868,0.1783050847457627,0.0,0.004620540445686896,0.010653477493602728,0.0,0.0021855186791465957,52.17208843061411,1.0,0.06250064453145153,0.7082710312795042,0.11838882150449027,0.42005486748631643,0.0029292788394476217,0.05056980056980057,0.0,0.5060231805885453,0.10138398062588928,-0.03623094252233925,Banks—Regional,Financial Services,BOTJ
2018Q3,2018,Q3,2018-11-09,2018-09-30,1404000.0,7169000.0,0.0,0.290909,7169000.0,1.0,668438000.0,53117000.0,0.0,0.0,615321000.0,0.0,15309000.0,68960445.9778,48111445.9778,11.028638498724845,0.0,0.0074801253070591435,0.09413182220381422,0.0,11.028638498724845,0.026432215674831033,9.619255960078114,12.279281691203703,1.298274487975601,0.1866096866096866,0.0,0.0037992793736331696,0.0107250036652614,0.0,0.0021004191862222074,12.611639717959033,1.0,0.06666740000073325,0.32237760076496536,0.17273223103607324,0.39112065453798933,0.005187885586090858,0.08,0.0,0.10573280423307302,-0.008037867105524742,0.10666917239232274,Banks—Regional,Financial Services,BOTJ
2018Q2,2018,Q2,2018-08-09,2018-06-30,1300000.0,7132000.0,0.0,0.272727,7132000.0,1.0,655866000.0,52524000.0,0.0,0.0,603342000.0,0.0,14167000.0,72463325.6945,51746325.6945,10.90551440230103,0.0,0.007623508460569689,0.09519457771685325,0.0,10.90551440230103,0.024750590206381845,10.16030926731632,13.935254941250001,1.3796231378893458,0.20153846153846153,0.0,0.003615622074876504,0.010874172468156605,0.0,0.0019821121997481194,-70.55825286708861,1.0,0.15384322485657717,0.24900435594348805,0.1382299605719368,0.38434944408987,0.11576971214017522,0.15761353517364202,0.0,0.04604531454774565,0.02865679116951862,0.12959059901756156,Banks—Regional,Financial Services,BOTJ
2018Q1,2018,Q1,2018-05-10,2018-03-31,1123000.0,6392000.0,0.0,0.236364,6392000.0,1.0,653635000.0,51675000.0,0.0,0.0,601960000.0,0.0,13129000.0,66946278.1,60177278.1,10.729237238955633,0.0,0.022948587514438488,0.29027576197387517,0.0,10.729237238955633,0.021731978713110788,10.473447762828537,14.90344570347284,1.295525459119497,0.2341941228851291,0.0,0.003928523100375314,0.009779158092819387,0.0,0.0017180842519142947,90.46794337837838,1.0,2.250017187564453,0.09127061470563848,0.013371200354044937,0.3202120228732369,-0.04196642685851319,2.1194444444444445,0.0,-0.0671343406829953,-0.029159487238073878,0.11344642395719273,Banks—Regional,Financial Services,BOTJ
2017Q4,2017,Q4,2018-03-21,2017-12-31,360000.0,6672000.0,0.0,0.072727,6672000.0,1.0,626341000.0,51665000.0,0.0,0.0,574676000.0,0.0,12269000.0,65369909.9833,50102909.9833,10.727160947279009,0.0,0.0079828719499442,0.09677731539727089,0.0,10.727160947279009,0.006967966708603503,9.797648378791967,45.39577082173611,1.2652648791890062,0.7277777777777777,0.0,0.004007960238386942,0.01065234433000554,0.0,0.0005747667803959824,8171.2387479125,1.0,-0.6521753686194048,-0.6317579138363819,0.054413803036937596,0.333108662307429,0.034739454094292806,-0.645320197044335,0.0,-0.7088972785234783,-0.01502328919792831,0.1424602233608872,Banks—Regional,Financial Services,BOTJ
2017Q3,2017,Q3,2017-11-08,2017-09-30,1015000.0,6448000.0,0.0,0.209091,6448000.0,1.0,619336000.0,51792000.0,0.0,0.0,567544000.0,0.0,11930000.0,63487226.5222,45681226.5222,10.753529851572138,0.0,0.008073162225351021,0.0965400061785604,0.0,10.753529851572138,0.01959762125424776,9.846033889919354,15.637247911871922,1.2258114481425704,0.25911330049261083,0.0,0.004142565590072438,0.010411150005812676,0.0,0.0016388519317462574,36.21633001836851,1.0,0.27778117284705073,0.43753686951350534,-0.030855509751475017,0.3629239998121743,0.038827130658933465,0.289707750952986,0.0,-0.14656656323537143,-0.00853226740230876,0.1904144037846902,Banks—Regional,Financial Services,BOTJ
2017Q2,2017,Q2,2017-08-04,2017-06-30,787000.0,6207000.0,0.0,0.163636,6207000.0,1.0,595637000.0,51058000.0,0.0,0.0,544579000.0,0.0,11178000.0,65501394.4,52384394.4,10.60113004250792,0.0,0.008394374426034648,0.09792784676250539,0.0,10.60113004250792,0.015413843080418347,10.5528265506686,20.807304447268105,1.2828821027067256,0.33290978398983484,0.0,0.003999914847614298,0.010420776412479413,0.0,0.0013212745346578537,-268.448337704918,1.0,0.058824290659678515,0.23617462288692362,0.01267493536095876,0.37731751572730493,0.10740410347903658,0.035526315789473684,0.0,-0.2825412024067702,-0.032425010924126495,0.20242114715984305,Banks—Regional,Financial Services,BOTJ
2017Q1,2017,Q1,2017-05-10,2017-03-31,760000.0,5605000.0,0.0,0.154545,5605000.0,1.0,578433000.0,50191000.0,0.0,0.0,528242000.0,0.0,10653000.0,64036282.3282,49285282.3282,10.4211155541446,0.0,0.008644043476081067,0.09961945368691598,0.0,10.4211155541446,0.015142156960411228,11.424849657127565,21.064566555328945,1.275851892335279,0.3460526315789474,0.0,0.004107046668513129,0.009689972736686876,0.0,0.0013138946083643222,19.517306409082597,1.0,1.4285781633037902,0.6115821640177683,-0.05692073055605573,0.41717920657046426,-0.06442997830078451,1.5938566552901023,0.0,-0.1715347762090883,-0.07045719185414946,0.2314373044920415,Banks—Regional,Financial Services,BOTJ
2016Q4,2016,Q4,2017-03-21,2016-12-31,293000.0,5991000.0,0.0,0.063636,5991000.0,1.0,574195000.0,49421000.0,0.0,0.0,524774000.0,0.0,10156000.0,66420822.061100006,49482822.061100006,10.261241095044536,0.0,0.0,0.0,0.0,10.261241095044536,0.005928653811132919,11.08676716092472,56.67305636612628,1.3439797264543414,0.8976109215017065,0.0,0.003959601700774922,0.010433737667517132,0.0,0.0005102796088436855,-49.019056871660524,1.0,-0.7083352430539641,2.02601211166462,-0.08859790331990051,0.40746329563671185,-0.007784034448492879,-0.7222748815165877,0.0,-0.660662093447529,-0.06811301395919318,0.2727006438902716,Banks—Regional,Financial Services,BOTJ
2016Q3,2016,Q3,2016-11-14,2016-09-30,1055000.0,6038000.0,0.0,0.218182,6038000.0,1.0,559952000.0,51015000.0,0.0,0.0,508937000.0,0.0,10126000.0,53198209.6945,36992209.6945,10.592201988298436,0.0,0.0,0.0,0.0,10.592201988298436,0.02068019210036264,8.810568018300762,12.606210828080568,1.0427954463295108,0.24834123222748816,0.0,0.004924977767195187,0.010783067120038861,0.0,0.0018840900648627026,21.616501298049574,1.0,0.0,11.513561542401302,-0.09164771984881841,0.4154877647886149,0.01427851503443642,0.003805899143672693,0.0,-0.006333070650257481,-0.012281041847425107,0.3360698117599927,Banks—Regional,Financial Services,BOTJ
2016Q2,2016,Q2,2016-08-05,2016-06-30,1051000.0,5953000.0,0.0,0.218182,5953000.0,1.0,545730000.0,50553000.0,0.0,0.0,495177000.0,0.0,9333000.0,53636009.4556,32718009.4556,10.496277312838396,0.0,0.0,0.0,0.0,10.496277312838396,0.020790061915217692,9.009912557634806,12.758327653568031,1.0609856874092538,0.24928639391056137,0.0,0.004884778018709318,0.01090832462939549,0.0,0.0019258607736426438,-343.8205734333333,1.0,0.20000220000219987,1.5010390990449451,-0.009855236496929052,0.42274192415314493,0.06076265146115467,0.18489289740698986,0.0,0.00977198315123533,-0.049932283330799375,0.3324007586450992,Banks—Regional,Financial Services,BOTJ
2016Q1,2016,Q1,2016-05-09,2016-03-31,887000.0,5612000.0,0.0,0.181818,5612000.0,1.0,524611000.0,49456000.0,0.0,0.0,475155000.0,0.0,8544000.0,51271698.0945,35167698.0945,10.26850811591272,0.0,0.0,0.0,0.0,10.26850811591272,0.017935134260757036,9.136083053189592,14.450873194616687,1.0367134037225008,0.2965050732807215,0.0,0.005129535587357744,0.010697450110653418,0.0,0.0016907765944671384,400.5601413632812,1.0,-0.09091000000000002,0.5478996821681911,-0.02713816760926168,0.42906121149657284,0.02054919076195672,0.07515151515151515,0.0,-0.13806141118085374,-0.11028798867539112,0.26352018970912056,Banks—Regional,Financial Services,BOTJ
2015Q4,2015,Q4,2016-03-17,2015-12-31,825000.0,5499000.0,0.0,0.2,5499000.0,1.0,527143000.0,48196000.0,0.0,0.0,478947000.0,0.0,7920000.0,47688030.009,41736030.009,11.879708218038838,0.0,0.018970184560925592,0.20748609843140509,0.0,11.879708218038838,0.01711760312059092,8.67212766121113,14.450918184545454,0.9894603288447175,0.3187878787878788,0.0,0.00551501078887857,0.010431704490052984,0.0,0.0015650402262763615,26.88164036583991,1.0,-0.24137826397001919,3.176849332464124,0.022200224347734547,0.7036125974117082,-0.017158176943699734,-0.1607324516785351,0.0,0.0018236624999540937,0.03168039988848319,0.4763404789940656,Banks—Regional,Financial Services,BOTJ
2015Q3,2015,Q3,2015-11-06,2015-09-30,983000.0,5595000.0,0.0,0.263636,5595000.0,1.0,507615000.0,37158000.0,0.0,0.0,470457000.0,0.0,7358000.0,37998003.7489,33582003.7489,9.96561463339932,0.0,0.019699969465047328,0.2691210506485817,0.0,9.96561463339932,0.026454599278755583,6.791421581572832,9.663785287105798,1.0226062691452713,0.20651068158697863,0.0,0.005342385914309423,0.011022132915693981,0.0,0.0019365069984141525,404.23408243510636,1.0,0.03571470663340454,0.8920273667750132,0.11387910031777682,0.37496251490694105,0.04794905412998689,0.027168234064785787,0.0,0.7983319636603785,0.08624299535706596,0.26306204048465337,Banks—Regional,Financial Services,BOTJ
2015Q2,2015,Q2,2015-08-07,2015-06-30,957000.0,5339000.0,0.0,0.254545,5339000.0,1.0,492836000.0,35806000.0,0.0,0.0,457030000.0,0.0,6376000.0,38301652.7121,31803652.7121,9.65439550558041,0.0,0.02029072551518152,0.2792828017650673,0.0,9.65439550558041,0.02672736412891694,7.173937574845477,10.005656403369905,1.0696992881667877,0.1755485893416928,0.0,0.004386233702832531,0.010833218352555414,0.0,0.0019418224318028716,-47.169523044458124,1.0,0.03703326475321348,0.21515172560349993,0.06748149968219458,0.3670124898112437,0.05305719921104537,0.032362459546925564,0.0,0.9520814982844649,0.1311733178077752,0.2543160946310913,Banks—Regional,Financial Services,BOTJ
2015Q1,2015,Q1,2015-05-13,2015-03-31,927000.0,5070000.0,0.0,0.245455,5070000.0,1.0,488007000.0,35738000.0,0.0,0.0,452269000.0,0.0,5789000.0,37155202.983414,31560202.983414,9.636060620522615,0.0,0.024589811211724422,0.3357770440427556,0.0,9.636060620522615,0.02593877665230287,7.328442403040237,10.020281279237864,1.0396553523816106,0.18230852211434737,0.0,0.004548488137056908,0.010389195236953568,0.0,0.0018995629161057115,47.69602436895251,1.0,-0.03571077805496087,1.4713762563866166,0.20984872162774537,0.422861387496333,-0.026684584373200232,-0.025236593059936908,0.0,1.5526984232268481,0.107800244869915,0.31041870457198534,Banks—Regional,Financial Services,BOTJ
2014Q4,2014,Q4,2015-03-20,2014-12-31,951000.0,5209000.0,0.0,0.254545,5209000.0,1.0,460865000.0,34776000.0,0.0,0.0,426089000.0,0.0,5031000.0,34679974.6836,43936974.6836,9.389526854354603,0.0,0.04773632191639634,0.6326201978375892,0.0,9.389526854354603,0.027346445824706696,6.657702953273181,9.11671258769716,0.997238747515528,0.17875920084121977,0.0,0.00490196436274771,0.011302659130114025,0.0,0.002063511006476951,27.766192701040833,1.0,0.03703326475321348,4.077669743912028,0.3020381530434927,0.4322156975958575,0.04221688675470188,0.04048140043763676,0.0,5.330530505874426,0.03048287622220869,0.28789629719171705,Banks—Regional,Financial Services,BOTJ
2014Q3,2014,Q3,2014-11-07,2014-09-30,914000.0,4998000.0,0.0,0.245455,4998000.0,1.0,451686000.0,33436000.0,0.0,0.0,418250000.0,0.0,4250000.0,30283862.054298,27433862.054298,9.033433917956124,0.0,0.02656712849191695,0.3588946046177772,0.0,9.033433917956124,0.027335805718387368,6.059196089295318,8.28333207174453,0.9057262248563824,0.1838074398249453,0.0,0.005547509089124147,0.01106520901688341,0.0,0.002023529620134341,12.401253912488944,1.0,0.08000070399915522,1.733177557913664,0.4243415294174165,0.36077941662265084,0.013793103448275862,0.08422301304863583,0.0,13.106681543964504,-0.02161982001233868,0.20718196263810776,Banks—Regional,Financial Services,BOTJ
2014Q2,2014,Q2,2014-08-08,2014-06-30,843000.0,4930000.0,0.0,0.227273,4930000.0,1.0,447360000.0,32633000.0,0.0,0.0,414727000.0,0.0,3504000.0,29950672.939799998,20576672.939799998,8.816486692327498,0.0,0.02682403433476395,0.36772592161309103,0.0,8.816486692327498,0.025832745993319646,6.075187208884381,8.882168724733095,0.9178032341433517,0.0,0.0,0.0,0.011020207439198855,0.0,0.0018843884120171674,-63.724836042127656,1.0,0.19047818594199334,3.3994894996878324,0.30371158755325234,0.3085823776836243,0.06387570133793699,0.19574468085106383,0.0,1.6103307061179042,0.06698895570118736,0.19505086108672876,Banks—Regional,Financial Services,BOTJ
2014Q1,2014,Q1,2014-05-12,2014-03-31,705000.0,4634000.0,0.0,0.190909,4634000.0,1.0,442584000.0,31323000.0,0.0,0.0,411261000.0,0.0,2829000.0,31091432.400000002,25238432.400000002,8.46256282486361,0.0,0.02711349709885581,0.3831050665645053,0.0,8.46256282486361,0.02250742266066469,6.709415709969789,11.025330638297874,0.9926071065989849,0.0,0.0,0.0,0.010470328796341485,0.0,0.0015929179545577789,29.276301694915258,1.0,0.05000055000054993,2.505469736421863,0.339147861574353,0.25015396837486575,-0.05984986812740921,0.0649546827794562,0.0,0.6008789739774099,0.04529705021999673,0.17772904752586,Banks—Regional,Financial Services,BOTJ
2013Q4,2013,Q4,2014-03-19,2013-12-31,662000.0,4929000.0,0.0,0.181818,4929000.0,1.0,434511000.0,29772000.0,0.0,0.0,404739000.0,0.0,2124000.0,31182312.700999998,26511312.700999998,8.062572407977212,0.0,0.02761725249763527,0.4030632809351068,0.0,8.062572407977212,0.02223565766492006,6.326295942584702,11.775797847809667,1.0473704387007927,0.0,0.0,0.0,0.011343786463403688,0.0,0.0015235517627862126,52.67282550844594,1.0,-0.1666681944431712,0.2776331182646565,0.48193336264446873,0.1685339670172219,0.052980132450331126,-0.1857318573185732,0.0,2.682338341712202,0.006657908628126227,0.15621525964057356,Banks—Regional,Financial Services,BOTJ
2013Q3,2013,Q3,2013-11-08,2013-09-30,813000.0,4681000.0,0.0,0.218182,4681000.0,1.0,435372000.0,29238000.0,0.0,0.0,406134000.0,0.0,1462000.0,27324738.572699998,19914738.572699998,7.927880635477741,0.0,0.027562636090515697,0.4104247896572953,0.0,7.927880635477741,0.027806279499281758,5.837372051420636,8.402441135516606,0.9345625067617483,0.0,0.0,0.0,0.010751724961641998,0.0,0.0018673685951324384,28.22803571559917,1.0,0.0,1.6030148496112766,1.867672339432523,0.21113533897293094,-0.024385160483534805,0.020075282308657464,0.0,0.582056989425436,-0.05781911770120562,0.09381499259522201,Banks—Regional,Financial Services,BOTJ
2013Q2,2013,Q2,2013-08-08,2013-06-30,797000.0,4798000.0,0.0,0.218182,4798000.0,1.0,430871000.0,29053000.0,0.0,0.0,401818000.0,0.0,649000.0,25405873.733599998,21240873.733599998,7.877717904868144,0.0,0.02785056316159593,0.41303824045709564,0.0,7.877717904868144,0.027432623137025436,5.295096651438099,7.969220117189461,0.8744664486834406,0.0,0.0,0.0,0.01113558350411144,0.0,0.001849741569982663,46.874305781549815,1.0,0.0,0.4712738569501783,0.3531084533469187,0.1330609037494063,-0.006625258799171843,0.011421319796954314,0.0,0.017693623711958338,-0.035280978244366816,0.11544412707556664,Banks—Regional,Financial Services,BOTJ
2013Q1,2013,Q1,2013-05-10,2013-03-31,788000.0,4830000.0,0.0,0.218182,4830000.0,1.0,428086000.0,29972000.0,0.0,0.0,398114000.0,0.0,-148000.0,24139784.3635,15890784.363499999,8.126904658545005,0.0,0.0280317506295464,0.40037368210329644,0.0,8.126904658545005,0.02629120512478313,4.997884961387164,7.658561029029187,0.805411195899506,0.0,0.0,0.0,0.011282779628392426,0.0,0.001840751624673547,12.92279676846895,1.0,0.09090999999999988,0.5134306009123695,0.41505696080316407,0.1643119968091764,-0.001034126163391934,0.05488621151271754,0.0,1.1126400819070639,0.15907196973732582,0.200019312236395,Banks—Regional,Financial Services,BOTJ
2012Q4,2012,Q4,2013-03-19,2012-12-31,747000.0,4835000.0,0.0,0.2,4835000.0,1.0,441381000.0,29613000.0,0.0,0.0,411768000.0,0.0,-936000.0,19069763.876339998,14242763.876339998,8.04672661020127,0.0,0.027187395923249983,0.40522743389727484,0.0,8.04672661020127,0.02522540776010536,3.944108350845915,6.382116424477911,0.6439659567196838,0.0,0.0,0.0,0.010954254940742805,0.0,0.0016924153962223113,4.154632652797385,1.0,0.3749957031384278,0.19378505990837094,0.3766342600209205,0.17134634805701462,-0.048040952943492816,0.38589981447124305,0.0,3.013999313905206,0.2162940712932386,0.22739391922051416,Banks—Regional,Financial Services,BOTJ
2012Q3,2012,Q3,2012-11-09,2012-09-30,539000.0,5079000.0,0.0,0.145455,5079000.0,1.0,426077000.0,29009000.0,0.0,0.0,397068000.0,0.0,-1683000.0,18483568.520907,12622568.520907,7.890043651042971,0.0,0.028163923422292216,0.41366472474059773,0.0,7.890043651042971,0.01858044055293185,3.6392141210685174,8.573083729548701,0.6371666903687476,0.0,0.0,0.0,0.01192038058848518,0.0,0.0012650295603846254,-11.516242069100935,1.0,0.06666715555425176,-0.10921077945513111,0.5307164927940963,0.16853972700916575,0.0854883522120111,0.10905349794238683,0.0,1.435271092017774,0.4571497654122509,0.18854126726403675,Banks—Regional,Financial Services,BOTJ
2012Q2,2012,Q2,2012-08-08,2012-06-30,486000.0,4679000.0,0.0,0.136364,4679000.0,1.0,433204000.0,28299000.0,0.0,0.0,404905000.0,0.0,-2222000.0,17948765.440608,18651765.440608,7.696939827930597,0.0,0.045306599200376725,0.6935580762571115,0.0,7.696939827930597,0.017173751722675712,3.8360259543936737,9.232904033234567,0.6342544061842468,0.0,0.0,0.0,0.010800915965688222,0.0,0.001121873297568813,-49.85768177946666,1.0,0.3636400000000001,-0.052828380771149125,0.46633631323367014,0.19338853145278403,0.03129821467930351,0.35,0.0,1.553403368772117,0.245650189451267,0.14241422603023748,Banks—Regional,Financial Services,BOTJ
2012Q1,2012,Q1,2012-05-11,2012-03-31,360000.0,4537000.0,0.0,0.1,4537000.0,1.0,433372000.0,27036000.0,0.0,0.0,406336000.0,0.0,-2708000.0,18049439.6352,21766439.6352,7.353421152264449,0.0,0.039227268951385875,0.6287912413078858,0.0,7.353421152264449,0.013315579227696404,3.978276313687459,12.53433308,0.6676076207723036,0.0,0.0,0.0,0.010469065837202219,0.0,0.0008306951072058186,8.979820714029852,1.0,2.68662506324844,-0.11455704702081368,0.5101320050920832,0.1708420092000214,-0.09585492227979274,2.6513761467889907,0.0,0.8020550453578907,0.31992644107667373,0.08630314774451783,Banks—Regional,Financial Services,BOTJ
2011Q4,2011,Q4,2012-03-20,2011-12-31,-218000.0,5018000.0,0.0,-0.05929,5018000.0,1.0,427436000.0,26805000.0,0.0,0.0,400631000.0,0.0,-3068000.0,14706624.0,14028624.0,7.290592320848075,0.0,0.039772036047501846,0.6342100354411491,0.0,7.290592320848075,-0.008132811042715911,2.9307740135512157,-16.865394495412843,0.5486522663682148,0.0,0.0,0.0,0.011739769228609663,0.0,-0.0005100178740209061,7.121851815980629,1.0,-4.2609173908260916,-1.3777019290672867,0.6121274019470186,0.1964609640759176,-0.005548949663099485,-4.40625,0.0,-1.422557728866023,0.5152416478506286,0.05664846596066375,Banks—Regional,Financial Services,BOTJ
2011Q3,2011,Q3,2011-11-10,2011-09-30,64000.0,5046000.0,0.0,0.018182,5046000.0,1.0,429440000.0,27359000.0,0.0,0.0,402081000.0,0.0,-2850000.0,12464035.559647,12035035.559647,7.483075623673969,0.0,0.039586438152011925,0.6213677400489784,0.0,7.483075623673969,0.002339266786066742,2.4700823542701147,48.68763890487109,0.4555735063287035,0.0,0.0,0.0,0.011750186289120714,0.0,0.00014903129657228018,6.512035297621212,1.0,-0.7999977999978,-0.8718553044117571,0.44235342161934804,0.4100872299295711,0.1056091148115688,-0.799373040752351,0.0,1.0478837229461173,2.1182333080683513,0.14318286926280188,Banks—Regional,Financial Services,BOTJ
2011Q2,2011,Q2,2011-08-11,2011-06-30,319000.0,4564000.0,0.0,0.090909,4564000.0,1.0,429625000.0,26973000.0,0.0,0.0,402652000.0,0.0,-2914000.0,18280585.0,25045585.0,7.377499133643699,0.0,0.03956939191155077,0.6302598895191488,0.0,7.377499133643699,0.011826641456271086,4.005386722173532,14.326477272727272,0.6777364401438476,0.0,0.0,0.0,0.010623217922606924,0.0,0.0007425080011638056,17.459966571155682,1.0,-0.2307711834289485,-0.36127878292735166,0.414027607581509,0.5011682342222992,0.042247088376341634,-0.26666666666666666,0.0,-0.4059864474495965,0.2983401074898615,0.06111388307153481,Banks—Regional,Financial Services,BOTJ
2011Q1,2011,Q1,2011-05-13,2011-03-31,435000.0,4379000.0,0.0,0.118182,4379000.0,1.0,430903000.0,26271000.0,0.0,0.0,404632000.0,0.0,-3234000.0,17615837.119294,23666837.119294,7.185492149184504,0.0,0.0394520344485882,0.647101366525827,0.0,7.185492149184504,0.016558182025807926,4.022799068119205,10.124044321433335,0.6705430748465608,0.0,0.0,0.0,0.01016237993237457,0.0,0.0010095079403021098,12.546892535109686,1.0,1.462125,0.016147502200660045,0.40983417546260636,0.4598807373206633,-0.09674092409240924,1.4438202247191012,0.0,-0.15725531088753195,0.2941130310777901,0.02943925932207247,Banks—Regional,Financial Services,BOTJ
2010Q4,2010,Q4,2011-03-29,2010-12-31,178000.0,4848000.0,0.0,0.048,4848000.0,1.0,418928000.0,25495000.0,0.0,0.0,393433000.0,0.0,-3668000.0,21604328.059647,26939328.059647,6.973245112232458,0.0,0.04057976549669633,0.6667974112571092,0.0,6.973245112232458,0.006981761129633261,4.456338296131807,30.34315738714466,0.8473947071836438,0.0,0.0,0.0,0.011572394301646105,0.0,0.00042489401520070277,9.111905550251793,1.0,-0.6480009386641636,-0.7233162104653499,0.517359722336654,0.444657205982349,-0.008994276369582993,-0.6482213438735178,0.0,-0.7136688384568625,0.3894015575909583,0.015081733479647983,Banks—Regional,Financial Services,BOTJ
2010Q3,2010,Q3,2010-11-12,2010-09-30,506000.0,4892000.0,0.0,0.136364,4892000.0,1.0,415955000.0,26320000.0,0.0,0.0,389635000.0,0.0,-3847000.0,23934147.851692,30769147.851692,7.247917325276175,0.0,0.040869805628012644,0.6458966565349544,0.0,7.247917325276175,0.019224924012158053,4.892507737467702,11.82517186348419,0.9093521220247721,0.0,0.0,0.0,0.011760887596013993,0.0,0.0012164777439867293,16.89071831453211,1.0,-0.347824631380595,-0.13625375011671423,0.4925018303860962,0.5471843280907743,0.00040899795501022495,-0.34285714285714286,0.0,-0.1533237011679847,0.49273836604059107,0.0734388435916522,Banks—Regional,Financial Services,BOTJ
2010Q2,2010,Q2,2010-08-12,2010-06-30,770000.0,4890000.0,0.0,0.209091,4890000.0,1.0,407234000.0,25609000.0,0.0,0.0,381625000.0,0.0,-4353000.0,26536474.386564,32330474.386564,7.0624047530929905,0.0,0.04174504093469602,0.6638291225740951,0.0,7.0624047530929905,0.030067554375414893,5.426681878642945,8.615738437196104,1.036216735778984,0.0,0.0,0.0,0.01200783824533315,0.0,0.001890804795277408,19.00893580699427,1.0,1.1083247625385686,0.5694496862543896,0.6398985034911235,0.5962292884055801,0.1958914159941306,1.1038251366120218,0.0,0.5215846339505478,0.5538260035011062,0.09500568085963762,Banks—Regional,Financial Services,BOTJ
2010Q1,2010,Q1,2010-05-12,2010-03-31,366000.0,4089000.0,0.0,0.099174,4089000.0,1.0,409826000.0,24508000.0,0.0,0.0,385318000.0,0.0,-2571000.0,25421693.222429,27275693.222429,6.772311558386041,0.0,0.041481018773821085,0.69365105271748,0.0,6.772311558386041,0.014933899134976334,6.217092986654194,17.36454455083948,1.037281427388159,0.0,0.0,0.0,0.009977405045067908,0.0,0.0008930619336010892,11.194052497767062,1.0,0.9445882352941177,-0.11659970021637066,0.42836546569670314,0.5223463298545515,0.04604758250191865,1.0,0.0,-0.08542099808306094,0.38275519502647587,0.07831534570918053,Banks—Regional,Financial Services,BOTJ
2009Q4,2009,Q4,2010-03-26,2009-12-31,183000.0,3909000.0,0.0,0.051,3909000.0,1.0,437681000.0,23725000.0,0.0,0.0,413956000.0,0.0,-2938000.0,22131826.529806,39057826.529806,6.555944659813482,0.0,0.06168876419127173,1.1380400421496313,0.0,6.555944659813482,0.007713382507903056,5.6617617113855205,30.234735696456283,0.932848325808472,0.0,0.0,0.0,0.008931162193469674,0.0,0.00041811273507417503,-50.41418343919362,1.0,1.1505121841088646,-0.6914396101570419,0.3112668802707364,0.5361799694127855,0.15343759221009148,1.1519933554817277,0.0,-0.6778739444575737,0.2758993875193365,0.07589774916893997,Banks—Regional,Financial Services,BOTJ
2009Q3,2009,Q3,2009-11-13,2009-09-30,-1204000.0,3389000.0,0.0,-0.338843,3389000.0,1.0,426603000.0,23731000.0,0.0,0.0,402872000.0,0.0,-3120000.0,23487276.558664,39719276.558664,6.63842633685363,0.0,0.06329069415826893,1.137752307108845,0.0,6.63842633685363,-0.050735325102187014,6.930444543719092,-4.87692619573588,0.9897297441601282,0.0,0.0,0.0,0.00794415416675457,0.0,-0.0028222961395020663,37.76089478884888,1.0,-7.833303083469458,-6.1095569611195515,0.26017532259080656,0.6429445166485022,-0.07176116132566421,-7.508108108108108,0.0,-3.46556429980701,-0.009247451468361643,0.2509241754568276,Banks—Regional,Financial Services,BOTJ
2009Q2,2009,Q2,2009-08-12,2009-06-30,185000.0,3651000.0,0.0,0.049587,3651000.0,1.0,397953000.0,24077000.0,0.0,0.0,373876000.0,0.0,-1915000.0,23479543.376768,39668543.376768,6.737433456756406,0.0,0.0678472080873872,1.1214021680441915,0.0,6.737433456756406,0.007683681521784276,6.430989695088469,31.729112671308112,0.9751855869405657,0.0,0.0,0.0,0.009174450249150026,0.0,0.00046487901837654195,-41.927756029942856,1.0,-0.09998910991723538,-0.6529782646014263,0.4148238353138175,0.6444193593409013,0.09376872378669862,-0.04639175257731959,0.0,-0.6210302114161118,0.15727424282359928,0.37092812920114926,Banks—Regional,Financial Services,BOTJ
2009Q1,2009,Q1,2009-05-13,2009-03-31,194000.0,3338000.0,0.0,0.055096,3338000.0,1.0,375561000.0,24169000.0,0.0,0.0,351392000.0,0.0,-582000.0,21076907.724464,36725907.724464,6.769216463684466,0.0,0.07237173188909392,1.1245810749306964,0.0,6.769216463684466,0.008026811204435434,6.314232391990413,27.16096356245361,0.8720637065854607,0.0,0.0,0.0,0.0088880368302353,0.0,0.0005165605587374621,-13.748798254705806,1.0,-0.6064571428571428,-0.5393576150511336,0.44918570467131036,0.6710184531873467,0.03793532338308458,-0.6127744510978044,0.0,-0.5359454529500086,0.10047258200291,0.37530575733889127,Banks—Regional,Financial Services,BOTJ
2008Q4,2008,Q4,2009-03-26,2008-12-31,501000.0,3216000.0,0.0,0.14,3216000.0,1.0,328605000.0,24635000.0,0.0,0.0,303970000.0,0.0,-776000.0,22482035.382152,32898035.382152,6.899733029205462,0.0,0.06390651389966677,0.8524457073269738,0.0,6.899733029205462,0.020336919017657804,6.9906826437039795,11.218580530015966,0.9126054549280291,0.0,0.0,0.0,0.009786826128634683,0.0,0.001524626831606336,80.58077197903943,1.0,1.3866741055399352,0.2903585772087677,0.4301726491981089,0.7638551556745788,1.0354430379746835,1.3839080459770114,0.0,-0.20255407270788828,0.030722570411841416,0.4294276021519276,Banks—Regional,Financial Services,BOTJ
2008Q3,2008,Q3,2008-11-10,2008-09-30,-1305000.0,1580000.0,0.0,-0.362062,1580000.0,1.0,320131000.0,23367000.0,0.0,0.0,296764000.0,0.0,-1275000.0,35121565.590376005,43516565.590376005,6.545825541017369,0.0,0.06559814575907988,0.8987032995249711,0.0,6.545825541017369,-0.055847990756194635,22.228838981250636,-6.728269270186973,1.503041280026362,0.0,0.0,0.0,0.004935479538064105,0.0,-0.004076456200742821,276.54776055414175,1.0,-3.5555453602207834,-8.065190403912519,0.7805386144526162,3.4011606314742644,-0.5393586005830904,-3.4904580152671754,0.0,-3.2661063696835164,-0.5096348100689884,0.3973115637177174,Banks—Regional,Financial Services,BOTJ
2008Q2,2008,Q2,2008-08-13,2008-06-30,524000.0,3430000.0,0.0,0.141677,3430000.0,1.0,306115000.0,24803000.0,0.0,0.0,281312000.0,0.0,29000.0,42118569.849125,52403569.849125,6.952598822181602,0.0,0.06860166930728648,0.8466717735757772,0.0,6.952598822181602,0.02112647663589082,12.279466428316326,20.094737523437498,1.6981240111730433,0.0,0.0,0.0,0.011204939320190125,0.0,0.0017117749865246722,-56.00873650149601,1.0,0.04211045074732265,1.6261804742944608,2.880506460982565,3.8286098894686074,0.038135593220338986,0.03968253968253968,0.0,0.0856027454662456,0.16919030115679093,0.5714111918663474,Banks—Regional,Financial Services,BOTJ
2008Q1,2008,Q1,2008-05-13,2008-03-31,504000.0,3304000.0,0.0,0.135952,3304000.0,1.0,277243000.0,24918000.0,0.0,0.0,252325000.0,0.0,3569000.0,33207287.132623,35612287.132623,6.980005944125778,0.0,0.0360694408875968,0.4013163175214704,0.0,6.980005944125778,0.02022634240308211,10.050631698735774,16.471868617372518,1.332662618694237,0.0,0.0,0.0,0.011917343269261983,0.0,0.0018178998207348787,57.95338068520593,1.0,-0.15030000000000007,2.426288850264812,3.236656899643736,4.043556468037827,-0.03023187555033754,-0.1696869851729819,0.0,0.23316317283825963,0.16997295493332662,0.5690339022050528,Banks—Regional,Financial Services,BOTJ
2007Q4,2007,Q4,2008-03-26,2007-12-31,607000.0,3407000.0,0.0,0.16,3407000.0,1.0,270060000.0,24524000.0,0.0,0.0,245536000.0,0.0,3064000.0,35761694.109741,31447694.109741002,6.8696390470238615,0.0,0.0,0.0,0.0,6.8696390470238615,0.0247512640678519,10.496534813543,14.728869073204695,1.458232511406826,0.0,0.0,0.0,0.012615715026290454,0.0,0.0022476486706657778,30.882291977323835,1.0,0.0164021903467202,3.3354873479612133,0.0,4.0985400019998295,0.06936597614563716,0.04475043029259897,0.0,0.037507701112478885,0.15854020103512492,0.6096844083845923,Banks—Regional,Financial Services,BOTJ
2007Q3,2007,Q3,2007-11-14,2007-09-30,581000.0,3186000.0,0.0,0.157418,3186000.0,1.0,261745000.0,23837000.0,0.0,0.0,237908000.0,0.0,2458000.0,37891307.681977004,31174307.681977004,6.752054267968489,0.0,0.0,0.0,0.0,6.752054267968489,0.024373872551076058,11.893065813552104,16.30434926074742,1.589600523638755,0.0,0.0,0.0,0.012172152285621502,0.0,0.002219717664138761,33.09284513709782,1.0,0.22221790880222372,4.033797711911582,0.0,0.0,0.02873748789150791,0.16666666666666666,0.0,1.4967100935877353,0.19961089093622625,0.6710662998679501,Banks—Regional,Financial Services,BOTJ
2007Q2,2007,Q2,2007-08-09,2007-06-30,498000.0,3097000.0,0.0,0.128797,3097000.0,1.0,245695000.0,23015000.0,0.0,0.0,222680000.0,0.0,1877000.0,46215320.05476,40431320.05476,6.44965124523247,0.0,0.0,0.0,0.0,6.44965124523247,0.021638062133391266,14.92260899411043,23.20046187487952,2.008052142288073,0.0,0.0,0.0,0.01260505911801217,0.0,0.002026903274384908,-126.9651649856044,1.0,0.23750456388477864,5.148879442905144,0.0,0.0,0.05304318259095546,0.25125628140703515,0.0,-0.06449216782352458,0.2018904275870436,0.574179758023677,Banks—Regional,Financial Services,BOTJ
2007Q1,2007,Q1,2007-05-14,2007-03-31,398000.0,2941000.0,0.0,0.104078,2941000.0,1.0,236588000.0,22604000.0,0.0,0.0,213984000.0,0.0,5387000.0,47642936.369002,42019936.369002,6.280455513625343,0.0,0.0,0.0,0.0,6.280455513625343,0.01760750309679703,16.19957033968106,29.926467568468592,2.1077214815520264,0.0,0.0,0.0,0.012430892522021404,0.0,0.0016822493110385988,96.63881616430426,1.0,-0.3061466666666666,6.180170064253942,0.0,0.0,-0.03478831637676403,-0.29557522123893804,0.0,-0.062499813105058116,0.26665650630280924,0.5503651144844459,Banks—Regional,Financial Services,BOTJ
